5010 3336
1231 2786 1291 3022 ptemque
1215 2474 1279 2743 virginum,
1212 2348 1275 2428 qui
1226 2225 1274 2311 pro
1206 2013 1256 2189 hostiis
1202 1608 1251 1975 adducebantur
1199 1516 1261 1583 *).
1198 1359 1245 1449 Pa·

1325 3264 1346 3274 <
1304 2911 1351 3020 rodi
1301 2542 1361 2864 fragmentum
1293 2366 1357 2495 apud
1289 1950 1351 2331 Aristophanem
1289 1865 1331 1916 et
1282 1522 1330 1833 scholiastam
1279 1357 1326 1486 eius·

1392 3264 1426 3322 lfa
1384 2907 1430 3018 dem
1378 2700 1443 2873 (Vesp.
1374 2526 1435 2661 312.)
1374 2244 1419 2486 servatum
1373 2102 1413 2205 est:

1497 3277 1505 3294 ι-
1457 2840 1507 2888 τί
1473 2744 1520 2805 με
1454 2580 1520 2709 δῆτ’,
1445 2501 1501 2540 ὦ
1448 2313 1515 2464 μελέα
1450 2101 1510 2279 μᾶτερ,
1440 1846 1499 2063 ἔτικτεςς

1554 3264 1585 3327 .,;;‹,.
1542 2759 1590 3016 Alternans
1552 2601 1583 2709 cum
1535 2400 1579 2550 choro
1526 2056 1591 2352 Hippolytus
1526 1896 1571 2021 haec
1520 1625 1569 1862 cecinisse
1516 1352 1564 1591 traditur:

1616 2621 1680 2883 άνόνητον
1612 2367 1676 2588 ἄγαλμα,

1697 2706 1761 2883 πάτερ,
1693 2478 1744 2669 οἴκοισι
1684 2266 1737 2444 τεκών.

1780 2938 1827 3010 De
1781 2719 1826 2896 horum
1770 2341 1823 2671 immolatione
1777 2034 1825 2281 exponens
1757 1681 1806 1974 Plutarchus
1752 1345 1815 1636 Euripidem

1866 2808 1906 3008 secutus
1872 2661 1903 2770 esse
1853 2419 1905 2627 videtur,
1847 2334 1894 2383 id
1844 2168 1907 2297 quod
1856 1968 1888 2139 versus
1837 1708 1900 1942 quosdam
1835 1536 1881 1679 huius
1836 1341 1895 1521 poetae

1958 3262 1988 3319 dim
1982 3166 1985 3167 ,
1938 2709 2003 3007 proferendo
1931 2431 1979 2659 declarat.
1926 2284 1971 2329 ls
1924 2099 1984 2244 igitur
1922 1861 1983 2063 propter
1914 1577 1977 1825 Androgei
1911 1340 1958 1540 caedem

2019 2725 2072 3005 sterilitate,
2011 2506 2060 2677 morbo
2023 2415 2054 2469 ac
2004 2127 2052 2380 fluminum
1995 1696 2046 2091 inundationibus
1993 1450 2041 1659 Atticam
1990 1340 2036 1411 la-

2101 2800 2147 3003 borasse
2097 2577 2146 2763 narrat,
2092 2214 2145 2538 monenteque
2081 2086 2127 2178 deo
2076 1781 2138 2047 Delphico,
2072 1567 2119 1737 Minoe
2071 1338 2134 1533 placato

2183 2858 2239 3005 atque
2157 2494 2221 2814 reconciliato
2166 2301 2212 2447 finem
2162 2145 2207 2253 sore
2158 1862 2205 2099 malorum
2155 1618 2214 1816 iraeque
2149 1336 2205 1583 coelestis,

2256 2677 2305 3004 Athenienses
2248 2455 2310 2627 legatis
2260 2309 2291 2418 cum
2239 2021 2303 2271 suppliciis
2236 1825 2282 1983 missis
2233 1611 2279 1787 foedus
2230 1425 2277 1579 inisse
2244 1334 2276 1390 ea

2337 2863 2398 3002 lege,
2338 2760 2380 2815 ut
2331 2476 2378 2711 tributum
2339 2257 2372 2429 novem
2319 2088 2366 2223 annis
2318 1800 2363 2053 mitterent
2317 1534 2375 1766 septenos
2308 1332 2355 1498 adole-

2420 2806 2462 3000 scentes
2410 2455 2469 2757 totidemque
2403 2184 2463 2410 virgines.
2398 2000 2445 2107 IIos
2396 1903 2441 1951 in
2394 1652 2441 1850 Cretam
2390 1330 2453 1617 deportatos

2512 2974 2541 3001 a
2492 2730 2554 2927 tragicis
2486 2420 2552 2670 perhiberi
2480 2310 2547 2362 (ὁ
2476 2148 2543 2242 μὲν
2472 1718 2539 2101 τραγικώτατος
2472 1501 2534 1675 μῦθος
2466 1330 2516 1460 άπο-

2571 2799 2637 2998 φαίνει)
2570 2687 2616 2735 in
2565 2341 2629 2619 labyrintho
2567 2202 2631 2281 aut
2575 2114 2604 2140 a
2556 1782 2603 2058 Minotauro
2556 1486 2615 1736 peremtos
2564 1326 2596 1437 esse

2658 2914 2701 2998 aut
2654 2616 2715 2875 vagantes,
2662 2460 2693 2568 cum
2644 2241 2691 2422 exitum
2637 1978 2686 2197 invenire
2633 1662 2696 1943 nequirent,
2630 1438 2677 1619 ibidem
2628 1326 2675 1401 in-

2024 3261 2068 3309 nui

2104 3262 2149 3317 {ml

2198 3272 2230 3334 uer-

2734 2803 2781 2995 terisse.

2810 2702 2857 2866 Finita
2804 2483 2869 2667 parodo
2800 2225 2848 2452 Theseus
2813 2077 2845 2188 cum
2792 1790 2859 2041 prooemio
2790 1543 2853 1753 quodam
2789 1455 2836 1506 in
2804 1323 2836 1431 sce-

2907 2887 2938 2995 nam
2887 2652 2950 2853 prodiit.
2883 2506 2929 2580 Ad
2882 2238 2941 2469 Europae
2876 1968 2923 2204 terminos
2889 1884 2919 1936 se
2870 1592 2931 1848 navigasse
2870 1463 2917 1557 ait:

2956 3157 2983 3166 4
2962 2673 3029 2859 σχεδὸν
2954 2523 3023 2639 παρ’
2957 2302 3015 2481 αὐτοῖς
2952 1954 3017 2269 κρασπέδοις
2947 1616 3012 1920 Εὐρωπίας,

3053 2937 3095 2991 ut
3049 2665 3110 2904 pugnaret
3058 2523 3088 2631 cum
3044 2240 3095 2485 monstro,
3036 2076 3097 2202 quod
3033 1911 3081 2039 tauri
3032 1700 3079 1876 faciem
3046 1562 3077 1672 cum
3028 1318 3076 1534 humano

3154 3159 3228 3162 1
3140 2786 3189 2993 corpore
3120 2423 3170 2748 consociatam
3132 2216 3177 2388 gerere
3116 1964 3161 2181 dicatur:

3200 2658 3262 2861 ταύρου
3200 2371 3262 2622 μεμῖχθαι
3192 2250 3243 2337 καὶ
3192 2018 3256 2214 βροτοῦ
3188 1824 3252 1981 διπλῇ
3186 1614 3250 1787 φύσει.

3287 2815 3347 2990 Neque
3289 2618 3329 2780 tamen
3296 2528 3326 2581 se
3280 2199 3340 2493 imparatum
3273 2100 3319 2161 ad
3272 1943 3318 2064 tales
3271 1718 3316 1911 labores
3282 1628 3314 1685 ac
3263 1316 3312 1598 discrimina

3335 3159 3403 3163 4
3366 2724 3419 2991 accedere,
3360 2583 3407 2671 sed
3356 2228 3405 2547 meditatione
3356 2046 3415 2193 atque
3349 1741 3411 1997 disciplina
3344 1456 3408 1692 (Pitthei,
3360 1316 3407 1407 pu-

3444 2916 3510 2988 to)
3445 2607 3490 2879 firmatum:

3519 2755 3587 2855 ἐγὼ
3516 2634 3575 2718 δέ,
3519 2436 3567 2597 τοῦτο
3510 2256 3574 2400 παρὰ
3511 2044 3574 2219 σοφοῦ
3524 1866 3565 2009 τινος
3503 1626 3570 1833 μαθών,

3602 2782 3660 2853 εἰς
3597 2455 3664 2744 φροντίδας
3598 2282 3643 2420 νοῦν
3589 1966 3656 2246 συμφοράς
3583 1892 3637 1932 τ’
3584 1538 3651 1853 ἐβαλλόμην,

3680 2676 3747 2853 φυγάς
3680 2600 3728 2642 τ’
3676 2353 3742 2561 ἐμαυτῷ
3668 2021 3734 2316 προςτιθεὶς
3667 1786 3731 1986 πάτρας
3663 1623 3731 1750 ἐμῆς

3759 2585 3817 2856 θανάτους
3758 2510 3807 2552 τ’
3756 2261 3818 2471 άώρους
3750 2142 3802 2227 καὶ
3751 1927 3801 2106 κακῶν
3750 1732 3805 1892 ἄλλας
3742 1517 3802 1693 ὁδούς,

3904 3156 3907 3158 v
3840 2761 3902 2847 ἵν’,
3839 2676 3889 2722 εἴ
3857 2597 3888 2645 τι
3837 2303 3901 2564 πάσχοιμ’,
3822 2192 3883 2267 ὧν
3829 1911 3893 2156 ἐδόξαζον
3826 1705 3894 1875 φρενί,

3911 3155 3943 3158 4
3921 2782 3987 2851 μή
3939 2655 3986 2745 μοι
3917 2403 3981 2625 νέορτον
3911 2074 3979 2367 προςπεσὸν
3913 1840 3976 2038 μᾶλλον
3908 1638 3959 1804 δάκοι.

4001 2842 4049 2979 Haec
4003 2660 4050 2809 vertit
4001 2449 4049 2626 Cicero
4014 2353 4046 2411 eo
3998 2210 4043 2317 loco
3994 1791 4042 2175 Tusculanarum
3990 1618 4052 1759 disp„
4001 1485 4050 1583 quo
3985 1308 4032 1453 docet

4082 2540 4145 2979 praemeditatione
4079 2214 4126 2494 futurorum
4075 1932 4123 2169 malorum
4071 1742 4121 1886 leniri
4084 1523 4117 1694 eorum
4066 1308 4113 1487 adven-

4222 2873 4275 2921 ἢ“)
4221 2772 4263 2840 Cf.
4222 2569 4264 2741 Welck.
4236 2498 4275 2540 p.
4216 2370 4261 2469 734.
