5010 3336
3797 2126 3853 2246 302

3653 1346 3709 1610 carentem,
3648 1648 3712 1879 periculis
3656 1916 3709 2298 circumventum
3654 2336 3688 2447 esse
3639 2482 3701 2693 videnti,
3630 2730 3690 3015 persuadet,

3585 1344 3628 1400 ut
3569 1432 3633 1679 hospitem
3574 1701 3595 1714 ,
3566 1764 3613 1908 quem
3578 1962 3626 2114 semel
3559 2163 3618 2417 receptum
3572 2451 3621 2545 iam
3565 2582 3618 2834 dimittere
3547 2871 3605 3015 atque

3506 1343 3538 1371 e
3505 1405 3553 1596 civitate
3488 1628 3535 1907 removere,
3483 1960 3546 2073 quin
3482 2108 3537 2303 spretus
3491 2340 3540 2562 iniuriam
3474 2600 3537 2890 ulciscatur,
3482 2929 3515 3015 ne-

3410 1342 3468 1519 queat,
3423 1566 3455 1751 veneno
3418 1795 3468 2077 interficere
3412 2113 3461 2389 constituat.
3411 2462 3459 2569 Hac
3406 2604 3458 2776 fraude
3386 2812 3437 3013 compo-

3346 1342 3392 1435 sita
3344 1484 3392 1610 intro
3341 1658 3389 1840 abeunt
3340 1884 3387 1940 ad
3335 1980 3382 2247 ornandum
3317 2284 3379 2541 prandium
3328 2578 3361 2686 cum
3324 2724 3373 2832 vino
3322 2868 3355 3013 vene-

3253 1340 3307 1471 nate,
3263 1507 3310 1567 ad
3248 1604 3308 1734 quod
3258 1768 3310 2017 Theseum
3238 2052 3303 2250 Aegeus
3249 2286 3299 2570 invitaturus
3247 2608 3289 2683 est
3232 2704 3295 2772 *).

3183 1471 3232 1631 Locus
3181 1667 3229 1724 fit
3180 1759 3226 1904 tertio
3177 1939 3225 2076 chori
3174 2114 3220 2326 carmini.
3168 2395 3219 2546 Redit
3167 2571 3215 2618 in
3165 2648 3199 2843 scenam
3162 2878 3212 3013 The-

3103 1338 3136 1481 seus:
3088 1520 3149 1600 qui
3087 1637 3133 1782 quum
3086 1822 3140 1978 autea,
3095 2014 3126 2075 ne
3093 2110 3142 2338 infestam
3087 2377 3138 2584 haberet
3072 2620 3118 2892 novercam.
3067 2929 3114 3013 ge-

3022 1336 3055 1426 uus
3023 1462 3054 1599 suum
3020 1639 3067 1890 celandum
3016 1928 3049 2038 esse
2998 2075 3060 2362 censuisset,
3010 2396 3057 2492 iam
3006 2540 3055 2720 Medea
3004 2748 3051 2878 ultro
3002 2914 3049 3011 ira-

2930 1336 2983 1521 scente,
2940 1558 2972 1652 non
2940 1690 2987 1844 solum
2926 1881 2986 2131 inutilem,
2933 2188 2980 2272 sed
2916 2311 2977 2636 periculosam
2909 2674 2956 2869 quoque
2922 2907 2970 3008 dis-

2861 1334 2909 1691 simulationem
2860 1730 2908 1837 sore
2839 1872 2906 2117 intelligit.
2837 2187 2900 2355 Itaque
2832 2382 2892 2751 opportunitate
2843 2782 2889 2895 data
2826 2925 2872 3011 pa-

2771 1333 2829 1428 tri,
2767 1475 2827 1580 quis
2769 1617 2827 1710 sit,
2765 1760 2825 1952 aperire
2773 2002 2820 2266 constituit.
2769 2338 2818 2476 Haec
2766 2526 2813 2684 animo
2761 2733 2810 3009 volventem

2702 1332 2752 1510 Medea
2701 1547 2733 1606 ex
2699 1641 2747 1845 aedibus
2681 1880 2739 2051 parato
2678 2087 2741 2289 prandio
2689 2316 2738 2509 rediens
2672 2536 2731 2776 convenit,
2683 2814 2726 2861 et
2681 2894 2714 3009 con-

2606 1332 2664 1503 specto
2617 1537 2668 1851 adolescente
2601 1886 2662 2234 poenitentiam
2608 2273 2659 2505 simulans
2604 2541 2654 2823 iracundiae
2603 2857 2649 2917 ad
2602 2940 2648 3007 ci-

2543 1332 2590 1420 bos
2525 1457 2582 1651 paratos
2534 1687 2582 2011 communiter
2532 2047 2565 2157 cum
2515 2195 2578 2362 Aegeo
2525 2399 2572 2663 sumendos
2523 2694 2573 2872 blande
2522 2896 2554 3008 eum

2459 1328 2511 1515 invitat.
2445 1585 2509 1809 Ingresso
2457 1855 2502 1901 in
2454 1947 2502 2094 aedes
2438 2141 2499 2375 Theseo,
2448 2428 2495 2491 de
2445 2535 2477 2769 successu
2441 2820 2491 3010 fraudis

2365 1329 2414 1662 praepropere
2378 1698 2425 1790 sibi
2361 1825 2422 2109 gratulatur.
2370 2182 2420 2300 Mox
2368 2337 2399 2460 unus
2367 2498 2398 2555 cx
2364 2591 2413 2786 famulis
2363 2824 2394 2884 ex
2362 2920 2410 3008 do-

2302 1327 2333 1407 mo
2286 1444 2347 1673 prodiens
2282 1709 2342 1924 agnitum
2293 1963 2339 2021 ab
2275 2059 2339 2224 Aegeo
2288 2250 2336 2400 filium
2286 2432 2318 2543 esse
2285 2573 2326 2622 et
2282 2655 2332 2863 Medeae
2267 2889 2313 3007 sup·

2205 1325 2269 1525 plicium
2216 1555 2267 1807 imminere
2210 1836 2260 2038 nuntiat.
2198 2091 2259 2232 Rem,
2193 2263 2254 2509 quomodo
2192 2535 2250 2770 evenerit,
2200 2802 2251 3005 Ovidius

2125 1326 2183 1474 atque
2136 1512 2187 1801 Plutarchus
2119 1839 2182 2033 docent,
2115 2071 2161 2276 quorum
2128 2316 2175 2399 ille
2127 2434 2157 2475 v.
2124 2512 2170 2640 419:

2039 2065 2098 2190 „Ea
2032 2227 2094 2457 coniugis
2046 2498 2086 2612 astu

1962 1455 2028 1575 Ipse
1961 1600 2009 1795 parens
1956 1830 2022 2041 Aegeus
1970 2076 2010 2199 nato
1952 2228 2013 2481 porrexit,
1965 2516 2007 2573 ut
1962 2608 2012 2757 hosti.

1897 1454 1948 1723 Sumserat
1878 1759 1941 1945 ignara
1890 1985 1939 2205 Theseus
1887 2242 1937 2370 data
1869 2398 1931 2592 pocula
1870 2628 1932 2831 dextra,

1805 1457 1867 1622 Quum
1799 1653 1855 1807 pater
1814 1843 1860 1896 in
1794 1933 1857 2116 capulo
1791 2148 1855 2317 gladii
1789 2354 1850 2586 cognovit
1801 2625 1849 2815 eburno

1721 1455 1787 1624 Signa
1735 1656 1781 1741 sni
1717 1769 1777 1989 generis,
1709 2013 1774 2329 facinusque
1724 2366 1770 2588 excussit
1722 2628 1769 2690 ab
1718 2727 1761 2866 ore.”

1658 1319 1707 1571 Plutarchi
1653 1624 1695 1787 autem
1651 1837 1697 1982 verba
1648 2030 1694 2151 haec
1646 2190 1687 2327 suut:
1642 2382 1697 2554 ἐλθὼν
1641 2591 1696 2690 οὖν
1639 2726 1690 2755 ὁ
1622 2797 1694 3000 Θησεὺς

1577 1317 1632 1401 ἐπὶ
1576 1435 1630 1493 τὸ
1560 1526 1623 1757 ἄριστον,
1569 1797 1619 1896 οὐκ
1554 1931 1623 2199 ἐδοκίμαζε
1550 2234 1613 2455 φράζειν
1550 2490 1611 2685 αὐτόν,
1547 2732 1609 2866 ὅςτις
1539 2900 1606 2995 εἴη,

1479 1314 1546 1584 πρότερος,
1470 1623 1546 1799 ἐκείνῳ
1488 1836 1539 1891 δὲ
1470 1927 1537 2253 βουλόμενος
1465 2288 1533 2454 ἀρχὴν
1463 2488 1529 2811 ἀνευρέσεως
1460 2833 1507 2996 παρα-

1399 1316 1461 1485 σχεῖν,
1397 1533 1459 1705 κρεῶν
1389 1739 1455 2165 παρακειμένων,
1385 2217 1448 2550 σπασάμενος
1380 2583 1447 2679 τὴν
1379 2730 1444 2996 μάχαιραν

1323 1316 1385 1386 ὡς
1330 1419 1378 1585 ταῦτα
1314 1619 1376 1816 τεμῶν,
1322 1870 1378 2136 ἐδείκνυεν
1303 2183 1373 2377 ἐκείνῳ.
1302 2471 1371 2614 Ταχὺ
1314 2661 1365 2717 δὲ
1300 2761 1345 2990 καταμα-

1251 1311 1303 1428 θὼν
1250 1463 1301 1492 ὁ
1233 1528 1303 1723 Αἰγεὺς
1228 1774 1297 1871 τὴν
1230 1904 1290 2000 μὲν
1240 2034 1291 2220 κύλικα
1237 2254 1283 2352 τοῦ
1220 2401 1285 2688 φαρμάκου
1217 2724 1285 2990 κατέβαλε,

1171 1308 1224 1405 τὸν
1169 1452 1220 1507 δὲ
1166 1556 1218 1679 υἱὸν
1149 1713 1215 2001 ἀνακρίνας
1143 2033 1210 2318 ἠσπάζετο,
1155 2364 1207 2452 καὶ
1138 2500 1203 2820 συναγαγὼν
1140 2864 1207 2990 τοὺς

1079 1308 1140 1523 πολίτας
1070 1559 1140 1833 ἐγνώριζεν
1066 1870 1129 2064 αὐτόν,
1060 2115 1127 2282 ἡδέως
1058 2327 1125 2603 δεχόμενος
1071 2646 1122 2731 διὰ
1055 2765 1121 2862 τὴν
1070 2897 1120 2987 άν-

994 1306 1060 1622 δραγαδίαν.
1001 1711 1050 1886 Statim
996 1931 1048 2161 Theseus
979 2199 1041 2304 ipse
994 2340 1025 2398 ex
991 2435 1039 2638 aedibus
973 2674 1036 2987 progreditur

930 1304 972 1361 et
925 1394 975 1678 vehementi
922 1724 969 1799 ira
917 1848 966 2077 incitatus
914 2114 962 2343 conviciis
894 2378 957 2752 opprobriisque
908 2785 956 2831 in
908 2869 958 2987 Me-

849 1302 897 1448 deam
844 1486 895 1759 invehitur:

768 1441 825 1481 ὧ
749 1517 814 1889 θερμόβουλον
738 1923 804 2224 σπλάγχνον
741 2249 805 2341 **)·

648 1360 701 1409 r)
658 1440 701 1569 ovid.
644 1602 697 1696 vn,
653 1725 697 1822 406.

578 1342 631 1410 *ἢ
587 1441 630 1507 Cf.
584 1541 628 1700 Matth.
570 1734 609 1776 p.
579 1807 624 1903 426.
564 1937 621 2103 fragm.
577 2128 621 2224 244.
