5010 3336
2780 3177 2797 3180 Ἣ
2838 3173 2940 3182 ..ι-θα»
2955 3174 2982 3178 ---
2991 3172 3242 3179 -ωωὴ-ψ-..ψε
3289 3166 3313 3168 'W

1119 2165 1175 2278 381

1272 2931 1319 3047 dum
1270 2727 1316 2886 minus
1267 2455 1315 2678 efficacia
1274 2357 1315 2406 et
1266 2251 1313 2310 ad
1262 1930 1311 2203 docendum
1261 1724 1310 1883 minus
1260 1541 1309 1677 utilia
1275 1396 1308 1507 esse

1350 2953 1413 3046 ipsi
1350 2861 1395 2926 illi
1350 2466 1410 2835 vituperatores,
1347 2355 1408 2434 qui
1347 2207 1392 2329 inter
1358 2093 1389 2179 nos
1344 1761 1400 2066 exstiterunt,
1339 1507 1403 1729 exemplo
1355 1395 1386 1484 suo

1429 2687 1476 3046 confirmarunt.
1426 2488 1473 2610 Nam
1441 2293 1488 2438 quum
1422 2070 1480 2244 medii,
1422 1894 1481 2021 quod
1425 1622 1477 1846 vocatum
1419 1393 1466 1575 saeculi

1523 2884 1553 3045 mores
1507 2558 1552 2847 carminibus
1507 2423 1551 2521 suis
1502 2211 1549 2388 imitari
1500 1911 1555 2178 studerent,
1515 1764 1545 1859 non
1499 1574 1543 1725 solum
1498 1394 1545 1539 huius

1586 2839 1633 3045 formam
1586 2480 1646 2791 speciemque
1583 2278 1629 2434 minus
1580 2018 1626 2226 assecuti
1583 1846 1632 1982 sunt,
1578 1712 1623 1798 sed
1580 1517 1623 1661 etiam
1593 1392 1639 1479 spe

1664 2707 1711 3044 vehementius
1664 2422 1710 2643 homines
1659 2032 1707 2364 commovendi
1657 1698 1703 1982 exciderunt
1663 1591 1702 1638 et
1671 1390 1718 1546 paene

1745 2950 1789 3045 iam
1744 2810 1806 2902 ipsi
1760 2644 1790 2750 cum
1742 2398 1802 2593 scriptis
1740 2252 1785 2351 suis
1738 2156 1783 2204 in
1736 1820 1783 2109 ol)l1vi011em
1735 1535 1781 1773 abierunt.
1735 1388 1781 1454 Et

1825 2752 1871 3044 documento
1828 2640 1869 2716 est
1822 2465 1868 2606 etiam
1817 2132 1881 2429 Sophocles:
1817 2006 1877 2085 qui
1831 1824 1876 1970 quum
1815 1579 1860 1779 heroum
1814 1387 1875 1543 digni-

1904 2959 1951 3046 tati
1903 2651 1949 2913 servandae
1900 2397 1947 2604 maxime
1896 2118 1955 2363 studeret,
1894 1808 1942 2070 delectavit
1893 1579 1955 1775 quidem
1892 1386 1940 1546 homi-

1998 2958 2030 3045 nes
1982 2750 2029 2923 sabulis
1981 2584 2039 2713 suis,
1986 2315 2039 2539 tauquam
1981 2005 2022 2268 statuarum
1974 1657 2036 1954 quarundam
1972 1386 2035 1623 pulcritu-

2062 2903 2119 3044 dine,
2060 2771 2107 2858 sed
2060 2580 2106 2737 minus
2057 2259 2121 2546 perstrinxit
2071 2066 2117 2223 neque
2055 1812 2101 2031 aculeum
2054 1714 2100 1762 in
2053 1507 2099 1678 animis
2068 1386 2099 1471 au-

2142 2830 2188 3043 ditorum
2139 2566 2201 2793 reliquit,
2142 2235 2199 2513 quantoque
2136 2044 2180 2199 minus
2136 1936 2180 2009 sui
2133 1718 2179 1899 saeculi
2132 1521 2179 1682 studia
2146 1386 2177 1489 mo-

2236 2866 2281 3045 resque
2218 2570 2282 2830 expressit,
2223 2405 2264 2536 tanto
2216 2214 2262 2370 minus
2214 2029 2261 2181 movit
2214 1735 2274 2003 tenuitque,
2217 1566 2258 1700 tanto
2210 1384 2257 1544 minus

2300 2996 2347 3045 in
2300 2818 2346 2961 vitam
2299 2522 2345 2769 homiuum
2295 2190 2358 2488 dirigendam
2293 1919 2339 2151 momenti
2293 1682 2350 1886 habuit,
2297 1578 2337 1633 ut
2290 1383 2337 1545 statim

2384 2929 2442 3045 post
2378 2714 2425 2894 obitum
2378 2542 2434 2674 eius,
2392 2412 2423 2505 non
2373 2104 2436 2375 Sophocles
2389 2011 2418 2068 an
2371 1685 2433 1976 Aeschylus,
2370 1560 2417 1648 sed
2368 1382 2415 1526 Euri-

2458 2904 2520 3043 pides
2473 2799 2503 2857 an
2456 2476 2517 2750 Aeschylus
2454 2253 2499 2424 melior
2458 2063 2513 2210 poeta
2456 1854 2509 2014 esset,
2450 1520 2513 1791 quaesitum
2448 1381 2494 1460 sit.

2536 2869 2597 3041 Neque
2535 2668 2582 2835 hercle
2535 2493 2580 2633 aliam
2534 2396 2579 2456 ol)
2547 2130 2579 2350 caussam
2530 1860 2593 2092 Sophocli
2530 1602 2592 1823 pepercit
2527 1380 2573 1566 Aristo-

2617 2826 2679 3041 phanes„
2631 2634 2676 2772 quam
2613 2468 2675 2595 quod
2614 2210 2675 2431 exiguam
2611 1964 2658 2173 carmina
2609 1828 2655 1929 eius
2609 1732 2654 1791 ad
2622 1538 2653 1696 mores
2621 1379 2651 1500 cou-

2694 2739 2754 3038 formaudos,
2695 2643 2740 2703 ad
2694 2390 2740 2606 acuenda
2692 2155 2753 2355 ingenia,
2690 2072 2736 2129 ad
2689 1861 2735 2035 artium
2687 1662 2735 1825 studia
2684 1378 2734 1627 excitanda

2776 2945 2822 3041 va
2775 2729 2821 2910 habere
2774 2382 2834 2694 intelligebat.

2854 2720 2900 2909 Exinde
2853 2494 2899 2687 dicendi
2865 2296 2913 2448 genus
2849 1994 2911 2249 utriusque
2848 1726 2909 1958 Dionysio
2845 1557 2891 1681 duce
2830 1377 2890 1508 com-

2949 2782 2997 3041 paremuS,
2933 2600 2979 2734 cuius
2932 2421 2978 2566 verba
2930 2289 2993 2373 (de
2935 2159 2976 2253 vet.
2929 1950 2991 2121 script.
2942 1782 2973 1912 cens.
2925 1685 2984 1745 Il7
2921 1546 2983 1646 11.)
2922 1375 2968 1498 haec

3019 2899 3061 3038 sunt:
3011 2547 3075 2854 „Sophocles
3010 2302 3071 2498 quidem
3024 2016 3055 2246 novorum
3007 1700 3053 1956 verborum
3002 1373 3049 1639 fabricator

3098 2961 3141 3039 est
3109 2872 3140 2928 ac
3107 2486 3154 2836 saepenumero
3106 2389 3137 2448 ex
3089 2208 3135 2355 nimia
3086 1853 3150 2167 amplitudine
3086 1770 3131 1819 in
3085 1530 3130 1720 inanem
3095 1373 3127 1483 ver-

3173 2866 3219 3039 borum
3187 2598 3233 2824 pompam
3170 2449 3215 2548 exit
3166 2368 3230 2432 *).
3168 2024 3229 2288 Euripides
3171 1819 3211 1976 autem
3178 1624 3225 1781 neque
3159 1371 3207 1590 sublimis

3256 2958 3299 3036 est
3266 2753 3312 2910 neque
3264 2590 3295 2706 vero
3249 2243 3306 2542 submissus,
3246 2096 3292 2182 sed
3260 1986 3291 2045 ex
3243 1703 3303 1924 utrisque
3242 1370 3302 1645 temperata

3330 2802 3377 3035 orationis
3328 2434 3375 2765 medIOCritate
3327 2238 3373 2390 utitur
3329 2132 3371 2183 et
3324 1985 3370 2090 fere
3322 1746 3368 1938 dicendi
3321 1503 3367 1705 virtutes
3332 1371 3363 1453 co-

3410 2800 3457 3036 micorum
3423 2584 3455 2751 omnes
3407 2308 3453 2549 imitatur:
3409 2144 3451 2255 suut
3403 1978 3449 2109 enim
3402 1890 3447 1940 hi
3415 1661 3461 1853 quoque
3395 1370 3444 1625 sententiis

3488 2793 3552 3033 splendidi
3493 2686 3534 2734 et
3486 2395 3550 2641 perspicui
3494 2294 3531 2341 et
3484 2061 3530 2241 conciSi
3486 1965 3528 2013 et
3478 1671 3540 1916 magnifici
3482 1574 3523 1625 et
3473 1367 3537 1527 arguti

3565 2823 3631 3033 (δεινοί)
3574 2736 3614 2786 et
3566 2644 3612 2702 ad
3567 2464 3613 2607 vitam
3580 2171 3626 2429 moresque
3560 1761 3616 2135 accommodati3
3564 1676 3604 1723 et
3555 1370 3603 1641 inMenan-

3650 2944 3697 3035 dro
3649 2765 3695 2907 etiam
3645 2594 3693 2729 nervi
3651 2414 3706 2558 atque
3643 2112 3690 2379 efficacitas
3639 1981 3704 2061 (τὸ
3634 1637 3701 1946 πρακτικόν)
3632 1368 3681 1595 conside-

3728 2898 3776 3035 randi
3733 2705 3774 2862 sunt.”
3725 2498 3771 2636 Adde
3723 2243 3770 2461 eiusdem
3722 2145 3769 2206 de
3735 1894 3783 2109 compos.
3719 1774 3767 1856 lib.
3734 1695 3764 1735 c.
3718 1589 3762 1667 26.
3731 1506 3776 1554 p.
3714 1368 3759 1481 426.

3813 2982 3856 3032 et
3807 2837 3855 2949 audi
3807 2740 3853 2800 de
3820 2399 3852 2708 numerorum
3802 2127 3849 2362 suavitate
3801 1782 3846 2098 disserentem
3796 1632 3845 1746 ibid.
3810 1554 3842 1593 c.
3794 1444 3839 1520 11.
3794 1366 3839 1417 et

3904 2991 3935 3030 c.
3890 2850 3947 2955 23.,
3901 2703 3948 2798 quo
3884 2545 3931 2653 loco
3884 2315 3947 2496 politae
3880 1970 3943 2269 floridae-que
3875 1559 3940 1925 compositionis
3872 1366 3935 1510 (γλα-

4012 2922 4064 2969 “’“·””)
4007 2653 4064 2890 ποιητικός
4007 2496 4050 2613 ἔστιν
4006 2408 4049 2452 ἐν
4009 2271 4054 2364 τοῖς
4003 2040 4058 2229 ὀνόμασι
4002 1924 4045 2000 καὶ
4000 1666 4049 1883 πολλάκις
3998 1578 4040 1623 ἐκ
3996 1365 4039 1534 πολλοῦ

4081 2811 4122 2894 τοῦ
4077 2548 4133 2770 μεγέθους
4079 2445 4127 2507 εἰς
4075 2194 4119 2406 διάκενον
4074 1976 4127 2152 κόμπον
4070 1684 4120 1933 ἐκπι’πτων;
4070 1574 4110 1645 his
4067 1365 4108 1537 adiecta

4154 2797 4191 2892 sunt
4151 2638 4191 2773 hacc:
4147 2504 4190 2603 οἷον
4149 2420 4195 2481 εἰς
4141 2163 4199 2397 ἰδιωτικὴν
4141 1879 4186 2143 παντάπασι
4138 1546 4193 1854 ταπεινότητα
4134 1364 4191 1526 κατέρ-

4236 2748 4274 2891 χεται,
4233 2598 4271 2708 quae
4222 2364 4273 2567 corrupta
4231 2238 4258 2333 esse
4229 2058 4267 2197 neque
4215 1964 4255 2017 de
4213 1711 4266 1934 Sophocle
4210 1585 4251 1670 dici
4207 1365 4261 1555 potuisse

4290 2610 4333 2891 manifestum
4293 2502 4330 2579 est.

3044 812 3050 815 —
3071 806 3323 818 ·--·v-<fv·—-—v
3395 814 3401 815 ἶ
3414 814 3418 815 ⁷
