5010 3336
4392 1142 4511 2149 Α

4002 2103 4055 2142 6

3870 1283 3922 1592 sentientium
3870 1623 3916 1753 stare
3854 1782 3917 1924 fideS‚
3864 1961 3912 2004 si
3844 2031 3908 2257 exemplo
3840 2284 3907 2625 Aristophanis
3832 2648 3899 2951 Euripidem„

3777 1278 3837 1539 antequam
3776 1566 3839 1661 ipsi
3786 1690 3839 1894 chorum
3766 1929 3834 2194 impetrare
3762 2218 3811 2309 per
3774 2336 3821 2549 aetatem
3756 2575 3822 2760 liceret,
3764 2796 3814 2955 celato

3712 1277 3761 1474 nomine
3696 1519 3745 1609 per
3708 1654 3759 1775 alios
3689 1825 3755 2060 choi-agos
3698 2112 3749 2303 fabulas
3697 2354 3744 2401 in
3692 2458 3728 2653 scenam
3685 2715 3738 2953 detulisse

3632 1275 3679 1568 statuamus:
3630 1600 3679 1664 de
3613 1689 3661 1780 qua
3610 1804 3668 2060 poetarum
3617 2090 3668 2397 scenicorum
3608 2426 3658 2781 consuetudine
3605 2810 3653 2949 testi-

3552 1274 3602 1489 monium
3550 1524 3595 1686 exstat
3543 1721 3595 2015 scholiastae
3524 2049 3589 2393 Aristophanis
3535 2440 3582 2500 ad
3531 2540 3580 2711 Avium
3529 2758 3560 2802 v.
3523 2839 3573 2952 5:30.

3458 1272 3522 1506 scriptum
3469 1543 3520 1683 hisce
3464 1715 3514 1904 verbis:
3463 1955 3512 2020 οὐ
3446 2055 3512 2156 γὰρ
3444 2191 3506 2403 πρῶτον
3453 2440 3504 2507 δι’
3449 2546 3505 2743 ἑαυτοῦ
3445 2777 3497 2953 καθίει

3394 1269 3446 1334 τὰ
3377 1369 3444 1608 δράματα
3388 1643 3440 1673 ὁ
3368 1700 3437 1919 ποιητὴς
3364 1942 3432 2344 εὐλαβούμενος,
3372 2381 3424 2484 α’πὸ
3371 2516 3422 2571 δὲ
3369 2593 3418 2699 τῶν
3364 2727 3425 2950 Ἱππέων

3299 1265 3365 1461 ἤρξατο
3300 1506 3361 1726 εἰςιὲναι.
3288 1795 3354 1980 Νόμος
3300 2025 3351 2081 δὲ
3283 2118 3355 2185 ἧν
3281 2218 3348 2288 μὴ
3285 2326 3344 2574 εἰςελθεῖν
3288 2608 3321 2730 τινα
3274 2765 3337 2946 εἰπεῖν,

3217 1262 3284 1422 μήπω
3212 1450 3276 1841 τεσσαράκοντα
3206 1865 3276 1951 ἔτη
3203 1980 3267 2252 γεγονότα,
3205 2289 3264 2360 ὠς
3211 2386 3262 2442 δέ
3199 2467 3243 2619 τινες,
3193 2644 3256 2944 τριάκοντα.

3152 1262 3204 1400 Idem
3150 1434 3199 1496 ad
3148 1527 3181 1570 v,
3145 1599 3192 1723 502:
3128 1758 3192 1923 νόμος
3124 1956 3196 2024 ἧν
3119 2052 3191 2356 Ἀθηναίοις
3114 2392 3179 2549 μήπω
3125 2585 3177 2702 τινὰ
3122 2738 3178 2869 ἐτῶν
3122 2903 3177 2946 λ’

3057 1259 3120 1518 γεγονότα
3049 1551 3116 1677 μήτε
3046 1712 3113 1887 δρᾶμα
3040 1927 3109 2308 ἀναγινώσκειν
3049 2353 3101 2409 ἐν
3028 2454 3098 2661 θεάτρῳ
3027 2694 3093 2820 μήτε
3023 2855 3092 2945 δη-

2975 1258 3035 1529 μηγορεῖν.
2999 1569 3007 1632 —
2963 1684 3037 1899 Ἑπιβὰς
2976 1934 3027 1991 δὲ
2958 2025 3024 2128 ἤδη
2969 2164 3017 2261 τοῦ
2969 2295 3024 2337 λ’
2956 2371 3019 2523 ἔτους
2964 2557 3015 2643 καὶ
2960 2677 3007 2838 τοῦτο
2942 2875 3010 2940 δὴ

2911 1257 2962 1318 τὸ
2907 1352 2959 1462 τῶν
2889 1496 2956 1758 Νεφελῶν
2879 1798 2946 2048 ποιήσας,
2890 2097 2942 2163 δι’
2886 2215 2942 2412 ἑαυτοῦ
2879 2461 2935 2710 διδάσκει.
2878 2780 2928 2938 Huius

2826 1254 2878 1522 testimonii
2820 1571 2871 1694 fides
2803 1730 2871 1780 *)
2814 1829 2858 1963 stare
2811 2012 2855 2111 tum
2794 2160 2854 2367 poterit,
2806 2422 2852 2462 si
2787 2508 2834 2599 per
2790 2647 2850 2798 alios,
2783 2857 2845 2939 qui

2748 1251 2798 1445 nomina
2744 1495 2778 1582 sua
2723 1627 2786 2010 profiterentur,
2728 2060 2779 2274 dramata
2724 2323 2773 2515 demitti
2708 2563 2768 2783 potuisse
2719 2833 2761 2932 sta-

2669 1249 2717 1460 tuamus,
2658 1552 2713 1779 Scribere
2640 1830 2700 2109 tragoedias
2631 2168 2695 2433 Euripides
2643 2493 2692 2587 iam
2639 2640 2690 2934 duodevice-

2591 1249 2641 1374 simo
2583 1409 2632 1586 aetatis
2579 1622 2614 1744 anno
2561 1781 2622 1976 coepit,
2571 2014 2615 2144 teste
2567 2181 2618 2343 Gellio
2554 2380 2615 2489 XV,
2552 2522 2609 2630 20„
2549 2669 2609 2750 qui
2561 2784 2608 2831 id
2559 2870 2592 2933 ex

2490 1245 2564 1573 Theopompo
2497 1610 2550 1832 hausisse
2492 1869 2542 2074 videtur.
2489 2146 2538 2255 Iloc
2471 2305 2531 2548 quomodo
2483 2599 2530 2710 sciri
2466 2756 2526 2930 potuit,

2433 1243 2481 1337 nisi
2425 1374 2474 1539 statim
2423 1576 2471 1624 in
2417 1661 2453 1854 scenam
2412 1892 2462 2109 dramata
2405 2145 2457 2536 deserebantur?
2391 2573 2451 2731 Quum
2399 2770 2447 2929 minor

2337 1244 2402 1412 viginti
2344 1447 2379 1599 annos
2339 1635 2383 1774 natus
2319 1811 2385 2166 Aristophanes
2313 2205 2376 2502 Babylonios
2322 2539 2372 2787 docendos
2319 2840 2352 2925 cu-

2255 1240 2317 1443 raverit,
2250 1498 2312 1666 quidni
2257 1703 2305 1874 eadem
2252 1910 2295 2073 aetate
2249 2109 2298 2238 idem
2229 2278 2295 2562 Euripidem
2242 2600 2274 2771 ausum
2239 2809 2272 2921 esse

2180 1236 2237 1506 putemus‘ss
2168 1555 2232 1726 Neque
2177 1778 2224 1878 sola
2169 1928 2219 2207 coniectura
2168 2240 2214 2335 hoc
2164 2370 2213 2555 sactum
2162 2593 2195 2705 esse
2146 2740 2205 2918 statuo,

2114 1235 2162 1324 sed
2109 1359 2158 1489 nitor
2104 1523 2154 1623 fide
2098 1659 2146 1803 testis
2078 1826 2145 2215 locupletissimi,
2075 2256 2135 2487 Cratetis,
2082 2526 2130 2662 cuius
2079 2686 2130 2919 indicium

2031 1234 2074 1394 exstat
2012 1428 2073 1557 apud
2019 1595 2070 1748 schol.
1998 1786 2065 1956 Eurip.
2010 1995 2060 2147 Rhes.
2007 2184 2040 2227 v.
2006 2263 2050 2384 575:
1987 2456 2053 2667 Κράτης
1986 2703 2051 2918 ἀγνοεῖν

1937 1233 1991 1365 φησι
1947 1399 1998 1493 τὸν
1922 1514 1993 1813 Εὐριπίδην
1917 1847 1985 1947 τὴν
1915 1980 1981 2096 περὶ
1928 2130 1979 2194 τὰ
1909 2242 1976 2475 μετέωρα
1905 2523 1970 2758 θεωρίαν
1916 2803 1968 2918 διὰ

1872 1229 1926 1298 τὸ
1865 1345 1919 1500 νέον
1860 1547 1915 1641 ἔτι
1842 1692 1912 1901 εἶναι,
1849 1965 1901 2071 ὅτε
1846 2128 1896 2245 τὸν
1825 2286 1900 2514 Ῥῆσον
1833 2565 1892 2912 ἐδίδασκε.

1790 1228 1842 1340 Hoc
1777 1376 1831 1707 testimonium
1762 1744 1822 1978 hominis,
1753 2030 1813 2111 qui
1761 2157 1813 2533 didascaliarum
1755 2568 1805 2911 auctoritatem

1696 1227 1757 1367 sequi
1687 1402 1750 1578 potuit,
1680 1617 1729 1860 quemque
1691 1896 1738 1958 ad
1684 1995 1737 2318 deserendam
1681 2348 1730 2540 illarum
1679 2569 1727 2716 fidem
1661 2752 1709 2911 neque

1623 1224 1674 1497 necessitas
1602 1533 1663 1741 cogebat
1598 1775 1647 1935 neque
1606 1972 1642 2144 caussa
1605 2181 1653 2277 ulla
1586 2305 1649 2495 gravior
1586 2525 1646 2768 movebat,
1595 2807 1644 2908 ele-

1550 1221 1586 1336 vare
1541 1371 1592 1560 studuit
1534 1596 1588 1806 Vaterus
1531 1842 1580 1892 in
1526 1927 1577 2148 vindiciis
1524 2184 1572 2314 illius
1506 2351 1567 2630 tragoediae
1503 2659 1549 2708 p.
1508 2741 1566 2906 CLX„

1472 1220 1515 1270 et
1454 1305 1516 1502 quidem
1444 1538 1502 1839 argumentis
1449 1875 1484 1993 usus
1433 2029 1495 2118 iis,
1431 2157 1491 2359 quibus,
1442 2397 1488 2438 si
1424 2474 1488 2752 diligentius
1436 2789 1469 2904 exa-

1374 1217 1440 1476 minasset,
1379 1529 1413 1625 non
1374 1661 1424 1869 refutari
1356 1916 1418 2060 illud,
1366 2115 1412 2205 sed
1361 2242 1411 2520 confirmari
1355 2556 1407 2899 intellexisset.

1293 1219 1363 1526 Olympiadis
1294 1573 1349 1817 LXXXV.
1290 1868 1324 1991 anno
1272 2042 1330 2246 quarto,
1269 2296 1316 2444 quum
1263 2491 1328 2804 Amphipolin
1275 2851 1324 2899 in

1228 1215 1285 1427 Thracia
1216 1475 1271 1802 Athenienses
1197 1852 1259 2149 conderent,
1204 2198 1238 2310 ossa
1202 2345 1251 2501 Rhesi
1199 2537 1246 2719 oraculi
1196 2756 1245 2893 iussu

1155 1214 1188 1275 ex
1134 1309 1183 1427 agro
1140 1464 1195 1677 Troiano
1137 1713 1185 1761 in
1129 1786 1185 2047 Thraciam
1125 2084 1172 2317 translata
1108 2353 1167 2501 atque
1120 2537 1152 2597 eo
1104 2631 1166 2760 loco,
1102 2797 1149 2894 quo

1072 1212 1122 1328 urbs
1062 1376 1113 1631 condenda
1046 1680 1099 1816 erat,
1049 1867 1101 2064 defossa
1045 2109 1079 2220 esse
1023 2255 1093 2410 refert
1025 2446 1091 2725 Polyaenus
1035 2761 1079 2887 stra-

884 1251 936 1293 *)
892 1324 934 1393 Cf.
884 1425 932 1633 Meineke
867 1663 924 1827 fragm.
878 1853 907 2010 comm.
877 2036 916 2068 1.
862 2098 901 2140 p.
873 2165 915 2257 104.
854 2292 911 2456 Bergk.
850 2477 908 2642 fragm.
849 2663 904 2885 Aristoph.

812 1322 850 1365 p.
820 1399 863 1467 18.
