5010 3336
2595 3276 2632 3336 stiffi]

2679 3274 2708 3329 ’,ΠΜ

2758 3276 2788 3333 eltn-

1149 2120 1207 2241 315

1329 2898 1364 3006 rum
1311 2729 1359 2863 aiunt
1306 2409 1356 2695 collocatum
1300 2193 1354 2373 fuisse,
1310 2004 1358 2145 quem
1292 1855 1341 1966 inde
1295 1494 1355 1822 protractum,
1305 1347 1337 1443 non

1395 2860 1456 3004 longo
1387 2535 1452 2825 interposito
1381 2323 1444 2498 spatio,
1378 2237 1425 2285 in
1376 2025 1429 2203 locum,
1373 1941 1419 1989 in
1388 1808 1433 1904 quo
1371 1596 1418 1773 chorus
1385 1348 1417 1563 commo-

1474 2805 1520 3002 rabatur
1503 2771 1525 2784 ,
1465 2567 1514 2735 retulit
1459 2293 1510 2533 Hercules
1462 2207 1503 2257 et
1452 1974 1501 2175 vinculis
1450 1646 1497 1938 firmissimis
1449 1551 1496 1610 ad
1464 1346 1512 1516 rupem

1548 2765 1611 3002 religavit.
1543 2446 1593 2694 Adventus
1537 2310 1583 2400 viri
1534 1991 1582 2258 Cerberum
1528 1738 1576 1946 ferentis
1530 1454 1576 1695 nuntiatus
1532 1341 1576 1418 est

1629 2862 1678 3001 hisce
1624 2667 1671 2828 verbis
1621 2435 1683 2629 (fragm.
1618 2309 1663 2400 inc.
1615 2105 1670 2271 1720:

1701 2760 1769 2872 ἥκει
1701 2679 1751 2725 δ’
1699 2566 1750 2642 ἐπ’
1699 2370 1760 2528 ὤμοις
1691 2306 1757 2337 ἢ
1690 2143 1749 2271 συὸς
1685 1928 1753 2108 φέρων
1685 1727 1750 1892 βάρος

1782 2836 1849 2869 ἢ
1781 2708 1849 2804 τὴν
1783 2427 1844 2675 ἄμορφον
1772 2211 1836 2395 λύγγα,
1768 1916 1828 2173 δύςτοκον
1766 1708 1824 1881 δάκος.

1866 2678 1914 2997 Atrocitatem
1856 2363 1909 2640 certaminis
1851 2058 1901 2326 ostendunt
1848 1779 1912 2023 sugillata,
1846 1567 1909 1741 quibus
1843 1337 1892 1528 Hercu-

1945 2925 1993 2997 les
1941 2555 1993 2889 adiuvantibus
1936 2346 1999 2519 satyris
1932 2054 1980 2311 medetur:

2048 2801 2060 2865 --
2020 2702 2086 2735 ἢ
2017 2458 2070 2669 κύαθον
2012 2392 2078 2425 ἢ
2010 2030 2078 2356 χαλκήλατον

2100 2687 2169 2866 ἠθμὸν
2096 2362 2163 2654 προςίσχων
2089 2161 2150 2328 τοῖςδε
2090 2017 2147 2127 τοῖς
2082 1713 2143 1984 ὑπωπίοις.

2183 2676 2231 2865 Deinde
2177 2399 2228 2642 Hercules
2174 2314 2222 2364 in
2178 2090 2220 2281 antrum
2185 2012 2217 2067 se
2165 1781 2215 1985 contulit
2168 1703 2211 1751 et·
2176 1503 2225 1679 corpus
2160 1326 2224 1480 quieti

2264 2822 2324 2990 dedit,
2262 2597 2325 2775 satyris
2256 2357 2306 2549 interim
2254 2202 2300 2312 vino
2257 2103 2298 2153 et
2247 1841 2296 2060 cantibus
2260 1738 2291 1792 se
2241 1329 2291 1703 oblectantibus.

2343 2681 2406 2990 Eurystheus
2345 2464 2393 2646 autem,
2333 2248 2383 2429 certior
2331 2055 2378 2214 factus
2325 1754 2375 2019 Herculem
2322 1666 2369 1725 ad
2321 1455 2369 1640 inferos
2320 1324 2367 1413 de-

2423 2720 2477 2986 scendisse,
2434 2558 2468 2685 nunc
2418 2327 2464 2525 demum
2412 2117 2459 2290 timore
2421 1905 2454 2083 vacuus
2404 1738 2452 1870 urbis
2401 1447 2449 1702 moenibus
2413 1322 2446 1414 ex—

2504 2807 2550 2985 cedere
2500 2625 2547 2773 audet
2502 2539 2545 2590 et
2494 2236 2557 2505 gratulatur
2488 2090 2541 2199 sibi,
2485 1907 2549 2035 quod
2484 1727 2530 1871 hoste
2480 1472 2528 1692 horribili
2478 1322 2526 1444 libe-

2587 2848 2631 2983 ratus
2582 2730 2627 2812 sit:
2578 2529 2641 2692 priora
2575 2366 2621 2493 enim
2570 2170 2617 2326 omnia
2564 1870 2614 2134 certamina
2561 1629 2609 1839 feliciter
2560 1537 2606 1595 ab
2574 1446 2606 1507 eo
2574 1320 2620 1408 pa-

2667 2859 2710 2982 trata
2675 2684 2717 2824 esse,
2657 2508 2703 2639 velut
2654 2210 2701 2457 Lernaeae
2646 1988 2709 2175 hydrae
2642 1792 2705 1953 capita
2645 1561 2688 1756 centum
2637 1318 2686 1526 calamo-

2757 2874 2789 2981 rum
2741 2688 2787 2839 instar
2734 2495 2799 2655 gladio
2734 2357 2779 2458 eius
2731 2123 2775 2319 desecta
2740 1951 2772 2087 esse:

2817 2698 2867 2850 πάντ’
2811 2372 2875 2660 ἐξεθὲρισεν
2805 2214 2865 2335 ὥςτε
2804 1951 2866 2178 πύρινον
2799 1703 2863 1917 στάχυν,

2896 2665 2961 2847 σπάθῃ
2891 2385 2945 2631 κολούων
2885 2069 2952 2349 φασγάνου
2877 1697 2947 2032 μελανδὲτου.

2979 2807 3029 2978 Paullo
2981 2657 3043 2772 post
2974 2403 3023 2621 Cerbero
2974 2091 3031 2355 conspecto
2966 1874 3026 2043 stupet
2962 1542 3020 1827 horretque.
2955 1309 3003 1459 Ludit

3075 2865 3109 2976 eum
3058 2651 3105 2828 chorus
3061 2565 3103 2617 et
3054 2471 3102 2532 ad
3047 2107 3099 2437 accedendum
3043 1869 3106 2070 propius
3041 1591 3087 1842 hortatur:
3051 1460 3083 1555 non
3035 1308 3083 1436 enim

3153 2808 3186 2976 verum
3138 2514 3198 2770 vivumque
3132 2184 3183 2479 Cerberum,
3125 2050 3172 2137 sed
3122 1757 3184 2013 imaginem
3118 1527 3175 1705 talem,
3115 1308 3178 1477 quales

3216 2730 3265 2975 Daedalus
3213 2469 3262 2697 fabricari
3211 2262 3259 2434 solitus
3206 2131 3265 2225 sit,
3201 1864 3250 2095 Herculis
3204 1723 3247 1829 arte
3196 1456 3245 1689 effectum
3209 1307 3259 1419 pro-

3296 2659 3361 2971 positumque
3308 2485 3339 2624 esse:

3371 2738 3422 2839 οὐκ
3368 2552 3428 2705 ἔστιν,
3360 2472 3416 2512 ὦ
3362 2248 3430 2438 γεραιέ,
3360 2142 3427 2212 μὴ
3358 1934 3424 2106 δείσῃς
3355 1748 3407 1901 τάδε·

3450 2776 3501 2840 τὰ
3449 2452 3499 2740 Δαιδάλεια
3447 2247 3496 2417 πάντα
3443 1952 3493 2212 κινεῖσθαι
3438 1771 3487 1917 δοκεῖ

3529 2632 3596 2838 βλέπειν
3531 2556 3578 2599 τ’
3527 2226 3591 2521 ἀγάλμαθ’·
3512 2096 3571 2186 ὧδ’
3518 1924 3584 2059 ἀνὴρ
3518 1718 3573 1889 κεῖνος
3510 1499 3576 1683 σοφός.

3614 2758 3676 2966 Largam
3611 2520 3660 2711 ridendi
3608 2224 3656 2475 materiam
3605 2067 3650 2189 haec
3617 1866 3649 2031 rerum
3596 1616 3645 1829 conditio
3591 1298 3656 1581 suppedita-

3694 2865 3743 2964 bat.
3693 2522 3739 2777 Postremo
3694 2362 3736 2473 actu
3683 2072 3732 2313 Hercules
3697 1964 3728 2023 ex
3684 1778 3726 1917 antro
3675 1582 3723 1732 rediit
3678 1486 3720 1535 et
3671 1294 3718 1442 minis:

3773 2733 3821 2965 terrendo
3770 2370 3832 2700 Eurystheum
3762 2051 3828 2332 impetravit
3760 1947 3807 2005 ab
3774 1807 3817 1897 eo,
3760 1702 3803 1756 ut
3754 1553 3800 1653 fide
3753 1395 3800 1505 data
3766 1295 3798 1350 se

3853 2804 3900 2962 nullos
3851 2674 3898 2770 iam
3850 2446 3897 2641 labores
3847 2342 3893 2412 illi
3845 1978 3891 2306 iniuncturum
3854 1830 3886 1941 esse
3835 1443 3899 1785 promitteret,
3832 1293 3878 1385 hac

3931 2656 3990 2962 conditione,
3935 2551 3976 2606 ut
3927 2446 3974 2505 ad
3926 2214 3973 2399 inferos
3921 1898 3969 2167 Cerberum
3915 1622 3964 1863 Hercules
3914 1295 3976 1588 reportaret.

4010 2743 4058 2959 Rediens
4011 2660 4057 2708 in
4023 2458 4055 2625 orcum
4004 2178 4053 2422 Hercules
4018 2087 4050 2142 se
4001 1802 4049 2055 Theseum
3995 1654 4043 1769 inde
3993 1291 4041 1610 reducturum

4105 2846 4137 2957 esse
4090 2526 4153 2814 praedicere
4086 2320 4150 2491 potuit.

4168 2598 4231 2827 Magnam
4167 2418 4215 2565 huius
4163 2167 4213 2395 dramatis
4160 1944 4207 2138 laudem
4157 1756 4205 1914 fuisse
4153 1606 4202 1723 inde
4149 1288 4198 1571 existimare

4247 2810 4307 2954 licet,
4248 2648 4309 2777 quod
4246 2381 4302 2614 Aeliano,
4245 2062 4297 2345 Athenaeo,
4238 1747 4294 2012 Erotiano,
4230 1480 4287 1699 Polluci,
4226 1289 4278 1428 Anti-

4326 2785 4390 2951 phani,
4326 2537 4376 2750 Stobaeo
4327 2297 4388 2500 aliisque
4321 2020 4370 2264 familiare
4319 1881 4367 1989 fuit.
