5010 3336
3855 2088 3911 2210 384

3711 1318 3770 1475 Obiit,
3707 1534 3770 1716 inquit,
3719 1775 3769 1991 Pericles
3715 2050 3764 2283 archonte
3711 2342 3760 2539 Aminia
3708 2598 3742 2771 mense
3703 2826 3755 2991 Meta-

3624 1313 3689 1562 geitnione
3626 1600 3690 1663 (v.
3640 1690 3690 1927 Dodwell.
3633 1953 3686 2126 Annal.
3618 2153 3684 2381 Thucyd.
3616 2418 3663 2463 p.
3626 2491 3676 2604 657.
3613 2642 3677 2835 Lips.);
3610 2870 3657 2990 pau-

3561 1312 3607 1382 cis
3562 1417 3609 1689 interiectis
3559 1722 3606 1974 mensibus
3557 2010 3599 2125 sunt
3541 2160 3603 2370 Lenaea,
3536 2408 3597 2580 quibus
3548 2617 3589 2726 acta
3546 2761 3594 2884 haec
3546 2919 3593 2993 fa-

3477 1308 3528 1423 bula
3481 1458 3527 1566 erit.
3480 1635 3528 1769 ldem
3479 1806 3527 1938 haud
3461 1974 3508 2128 pauca
3473 2164 3522 2296 dicta
3470 2333 3517 2550 ostendit
3468 2584 3515 2827 eiusmodi
3456 2863 3498 2991 esse,

3398 1308 3442 1364 ut
3383 1397 3448 1603 perinde
3400 1640 3446 1701 ad
3386 1747 3446 1984 civitatis,
3379 2032 3427 2175 quam
3394 2220 3440 2281 ad
3373 2316 3423 2669 personarum,
3370 2717 3434 2802 qui
3384 2837 3433 2991 effan-

3305 1306 3362 1416 tur,
3320 1450 3366 1578 mala
3318 1612 3367 1794 referri
3302 1827 3364 2045 possint:
3315 2080 3363 2213 velut
3313 2245 3362 2327 illa
3309 2364 3357 2567 nutricis

3223 1439 3285 1685 κρεῖσσον
3236 1720 3287 1776 δὲ
3235 1810 3282 1989 νοσεῖν
3220 2021 3286 2053 ἢ
3220 2089 3282 2406 θεραπεύειν
3216 2440 3276 2564 κτλ.,

3141 1308 3189 1433 quae
3144 1478 3200 1591 apte
3156 1635 3204 1767 idem
3155 1816 3203 2021 eontulit
3155 2066 3185 2175 cuin
3136 2224 3201 2533 Thucydidis
3147 2583 3195 2744 verbis
3135 2782 3195 2849 ll,
3147 2896 3191 2989 51:

3076 1307 3127 1387 ὅτι
3062 1431 3127 1604 ἔτερος
3060 1655 3126 1747 ἀφ’
3060 1809 3127 1989 ἕτερον
3060 2046 3123 2330 θεραπείας
3052 2375 3120 2838 ἀναπιμπλάμενοι
3064 2882 3113 2988 κτλ.

2980 1303 3044 1480 Neque
2996 1512 3043 1672 minus
2994 1709 3043 1969 Phaedrae
2993 2006 3039 2233 verbum:

2928 1432 2936 1493 ›2—
2928 1633 2936 1698 ν·-
2927 1829 2936 1895 --
2913 2032 2964 2161 ἄλλα
2897 2196 2955 2378 κρατεῖ

2818 1432 2885 1505 μὴ
2820 1539 2884 1882 γιγνώσκοντ’
2819 1919 2884 2226 ἀπολέσθαι,

2755 1301 2787 1411 cum
2743 1447 2803 1541 his,
2738 1580 2784 1703 quae
2752 1740 2799 1871 idem
2736 1905 2799 2116 scriptor
2747 2151 2794 2552 commemoravit
2760 2574 2767 2639 ——
2737 2664 2803 2790 τοὺς
2744 2816 2796 2988 δὲκαὶ

2657 1300 2725 1441 λήθη
2656 1500 2725 1760 ἐλάμβανε
2657 1842 2721 2147 παραυτίκα
2657 2210 2720 2540 ἀναστάντας
2665 2600 2715 2707 τῶν
2663 2774 2714 2987 πάντων

2576 1300 2642 1531 ὁμοίως,
2590 1577 2642 1666 καὶ
2573 1698 2641 1971 ἠγνόησαν
2574 2019 2632 2157 σφας
2587 2193 2619 2246 τε
2576 2283 2641 2479 αὐτοὺς
2585 2527 2636 2615 καὶ
2574 2649 2639 2773 τοὺς
2568 2808 2637 2986 ἐπιτη-

2501 1300 2560 1476 δείους
2523 1498 2533 1564 -ή
2494 1591 2541 1858 congruere
2507 1887 2553 2089 monuit.
2491 2140 2554 2311 Neque
2489 2343 2546 2615 potuerunt
2489 2640 2551 2986 Athenienses,

2427 1298 2459 1412 eum
2429 1447 2477 1674 audirent
2429 1707 2475 1831 haec
2427 1869 2476 2150 Phaedrae:

2334 1421 2396 1589 ἄφελ’,
2332 1626 2400 1929 ἀμπέτασον
2329 1964 2396 2263 βόστρυχον
2328 2299 2393 2476 ὤμοις,

2252 1297 2299 1600 rursusque:

2175 1428 2234 1541 πῶς
2184 1576 2237 1642 ἂν
2167 1677 2234 1935 δροσερὰς
2179 1970 2231 2074 ἀπὸ
2164 2110 2229 2360 κρηνῖδος

2089 1426 2151 1686 καθαρῶν
2100 1719 2152 1933 ὑδάτων
2086 1970 2148 2107 πῶμ’
2083 2145 2149 2450 εέρυσαίμαν
2097 2484 2146 2593 κτλ.

2023 1296 2055 1392 non
2024 1420 2070 1672 recordari
2015 1710 2053 1894 eorum,
2005 1941 2050 2063 quae
2020 2100 2065 2272 morbo
2020 2308 2066 2644 laborantibus
2009 2681 2067 2980 acciderant,

1943 1295 1985 1427 teste
1929 1462 1992 1758 Thucydide
1942 1794 1972 1833 c.
1942 1872 1985 1962 49:
1938 2008 1989 2071 τὰ
1938 2109 1988 2154 δ’
1928 2193 1990 2340 ἐντὸς
1929 2376 1989 2546 οὕτως
1928 2583 1990 2810 ἐκαίετο,
1928 2857 1990 2983 ῶςτε

1846 1294 1912 1422 μήτε
1863 1470 1912 1577 τῶν
1862 1622 1910 1766 πάνυ
1858 1816 1908 2018 λεπτῶν
1844 2052 1908 2275 ἱματίων
1856 2320 1909 2410 καὶ
1856 2446 1907 2711 σινδόνων
1848 2745 1909 2837 τὰς
1856 2872 1909 2980 ἐπι-

1765 1294 1832 1456 βολὰς
1764 1500 1831 1617 μήτ’
1780 1652 1828 1779 ἄλλο
1779 1825 1811 1872 τι
1762 1907 1829 1939 ἢ
1762 1976 1827 2186 γυμνὸν
1759 2236 1829 2549 ἀνέχεσθαι,
1759 2598 1827 2785 ἥδιστα
1776 2834 1823 2877 τ’
1776 2915 1827 2983 ἂν

1689 1294 1750 1346 ἐς
1686 1395 1752 1540 ὕδωρ
1682 1591 1748 1801 ψυχρὸν
1681 1849 1741 1988 σφας
1684 2034 1751 2231 αὐτοὺς
1679 2280 1745 2481 ῥίπτειν
1693 2526 1742 2633 κτλ.
1695 2715 1743 2858 Adde
1683 2907 1727 2980 ea,

1602 1293 1651 1420 quae
1621 1457 1667 1517 ad
1618 1555 1665 1878 consolandos
1597 1931 1661 2393 confirmandosque
1596 2429 1655 2659 aegrotos
1598 2704 1662 2981 pertinent:

1525 1427 1588 1646 θάρσει,
1524 1684 1590 1899 τέκνον,
1534 1938 1584 2027 καὶ
1515 2069 1584 2141 μὴ
1516 2178 1580 2413 χαλεπῶς

1441 1425 1507 1713 μεταβαλλε
1440 1749 1507 1908 δέμας
1452 1942 1500 2048 κτλ.

1361 1289 1424 1515 Denique
1361 1550 1407 1673 quae
1375 1710 1422 1771 de
1373 1805 1421 1955 nimio
1371 1991 1419 2235 amicitiae
1371 2282 1419 2448 studio
1371 2484 1419 2646 nutrix
1357 2681 1421 2979 pronuntiat,

1294 1289 1343 1465 eadem
1279 1498 1343 1644 vulgo
1292 1680 1342 1903 dictitata
1279 1951 1323 2090 esse,
1275 2129 1339 2442 Thucydidis
1291 2480 1322 2523 c.
1289 2560 1337 2639 52.
1276 2690 1339 2859 legens
1294 2904 1340 2978 in-

1197 1289 1262 1502 telliges.

1135 1418 1182 1557 Haec
1132 1604 1179 1764 omnia
1131 1801 1179 1841 si
1131 1878 1162 1934 ea
1128 1970 1162 2147 caussa
1129 2180 1176 2366 inserta
1132 2403 1165 2514 esse
1122 2549 1180 2711 dicas,
1135 2750 1177 2801 ut
1119 2837 1181 2977 quasi

1055 1286 1103 1532 lenocinio
1051 1578 1099 1885 audientium
1049 1932 1081 2074 aures
1033 2125 1093 2470 captarentur,
1053 2530 1100 2754 iniuriam
1050 2805 1101 2973 facias,

974 1287 1023 1396 Non
974 1441 1023 1749 lenocinatur
971 1793 1017 1920 enim
960 1955 1017 2025 is,
953 2082 1015 2163 qui
952 2201 1018 2512 popularium
973 2551 1020 2830 conditione
972 2866 1015 2974 tan-

878 1285 942 1419 gitur
884 1469 935 1534 et,
893 1571 942 1686 dum
891 1724 938 1786 de
889 1824 935 2067 communi
889 2102 937 2383 mortalium
892 2422 935 2555 sorte
880 2591 940 2876 meditatur,
893 2914 940 2975 ad

799 1284 861 1563 praesentia
813 1600 855 1651 et
796 1684 856 1881 propria
809 1917 856 2093 civium
810 2128 856 2254 mala,
796 2287 858 2518 respicit,
812 2573 860 2660 sed
812 2700 843 2845 sensu
811 2880 860 2974 hu-

734 1284 781 1532 manitatis
733 1568 765 1622 se
728 1658 778 1946 destitutum
729 1997 760 2092 non
729 2129 761 2239 esse
715 2275 778 2531 significat.
732 2602 780 2774 Potius
717 2811 780 2973 philo—

640 1286 701 1429 sophi
648 1477 701 1849 meditationem
648 1898 696 1976 his
647 2022 698 2264 declarari
634 2311 699 2685 intelligendum
639 2724 694 2831 est,
652 2884 700 2973 do-

3511 3190 3513 3192 -
3573 3190 3634 3197 “-7-
3663 3191 3959 3200 „.*—.a0-⁶.ae>.„,„
3990 3199 3998 3201 ,
4058 3195 4104 3200 ---
