5010 3336
3958 2138 4012 2218 86

3817 1338 3879 1484 Quod
3829 1516 3877 1586 ita
3829 1628 3861 1739 esse
3810 1775 3868 1984 apparet
3823 2009 3872 2155 etiam
3823 2184 3856 2245 ex
3805 2272 3871 2622 Aristophane,
3804 2660 3866 2739 qui
3802 2766 3849 2860 quo
3813 2891 3858 3017 tem-

3735 1334 3783 1456 pore
3748 1492 3795 1773 comoedias
3745 1809 3795 1991 docere
3728 2025 3790 2218 coepit,
3741 2255 3790 2460 dicteria
3739 2492 3788 2574 illa
3737 2607 3786 2671 de
3732 2706 3788 3018 Stheneboea

3670 1332 3717 1428 iam
3669 1463 3717 1513 in
3668 1548 3701 1634 ore
3666 1668 3710 1808 erant
3664 1842 3712 1972 omni
3647 2006 3709 2205 populo,

3267 1458 3332 1695 Spurium
3280 1731 3313 1843 esse
3261 1876 3326 2151 prologum,
3259 2190 3306 2335 quem
3271 2364 3302 2424 ex
3268 2451 3318 2566 bibl.
3263 2593 3317 2747 Paris.
3264 2769 3313 3012 membra-

3204 1324 3252 1399 nis
3201 1448 3253 1783 Commelinus
3185 1831 3247 2006 edidit,
3192 2056 3243 2300 lacobsius
3190 2349 3237 2529 criticis
3186 2577 3233 2800 omnibus
3185 2837 3232 3013 merito

3108 1323 3169 1571 persuasit
3107 1598 3171 1665 *).
3120 1751 3169 1870 Veri
3116 1925 3159 2087 autem
3097 2149 3158 2388 prooemii
3107 2451 3157 2643 initium
3105 2690 3153 2807 illud
3103 2856 3152 3013 fuisse

3027 1322 3090 1564 suspicor,
3026 1602 3088 1732 quod
3040 1769 3087 1817 in
3036 1854 3086 2005 Ranis
3036 2040 3067 2083 v.
3033 2122 3080 2267 12:37.
3013 2304 3079 2659 Aristophanes
3009 2695 3071 2885 posuit:

2946 1451 3013 1742 Αἴγυπτος,
2948 1781 3009 1850 ὠς
2955 1884 3006 1914 ὁ
2942 1947 3002 2185 πλεῖστος
2937 2219 3004 2471 ἔσπαρται
2932 2505 2996 2678 λόγος,

2880 1452 2937 1555 σὺν
2876 1590 2929 1737 παισὶ
2857 1771 2923 2097 πεντήκοντα
2852 2131 2918 2361 ναυτίλῳ
2851 2396 2916 2565 πλάτῃ

2783 1445 2856 1640 ’Ἁργος
2779 1674 2844 1948 κατασχών
2806 1995 2813 2056 -
2803 2106 2810 2169 —-
2801 2218 2809 2279 --
2801 2329 2807 2390 -
2800 2438 2806 2503 »Η

2720 1315 2768 1393 Ad
2705 1428 2751 1552 quae
2716 1586 2763 1734 verba
2714 1768 2762 1891 haec
2710 1927 2758 2112 notavit
2709 2147 2756 2441 scholiasta:
2691 2489 2761 2771 Ἀρχελάου
2686 2809 2755 2939 αὕτη
2685 2975 2751 3010 ἦ

2622 1314 2690 1477 άρχή,
2627 1525 2690 1608 ὥς
2624 1651 2667 1827 τινες
2620 1872 2681 2163 ψευδῶς·
2628 2220 2677 2283 οὐ
2612 2318 2677 2419 γὰρ
2610 2457 2678 2670 φέρεται
2622 2703 2668 2807 νῦν
2606 2844 2669 3007 Εὐρι-

2557 1313 2609 1477 πίδου
2540 1512 2605 1669 λόγος
2542 1705 2604 1877 οὐδεὶς
2538 1910 2595 2168 τοιοῦτος.
2547 2237 2596 2315 Οὐ
2530 2349 2596 2450 γὰρ
2534 2488 2596 2609 ἔστι,
2527 2651 2593 2817 φησὶν
2525 2856 2597 3005 Ἀρί-

2459 1314 2516 1561 σταρχος,
2456 1618 2528 1926 Ἀρχελάου,
2468 1981 2518 2025 εί
2451 2058 2519 2129 μὴ
2457 2167 2517 2325 αὐτὸς
2447 2358 2515 2646 μετέθηκεν
2445 2680 2512 2937 ὕστερον,
2457 2976 2508 3006 ὁ

2394 1315 2446 1372 δὲ
2376 1400 2451 1783 Ἀριστοφάνης
2389 1828 2437 1886 τὸ
2376 1937 2441 1987 ἐξ
2369 2036 2436 2197 ἀρχῆς
2370 2243 2435 2484 κείμενον
2380 2531 2436 2656 εἶπε.
2380 2729 2427 2797 At
2363 2842 2409 3005 neque

2297 1311 2362 1666 Aristophanes
2310 1726 2357 1960 Archelai
2290 2009 2353 2216 prologo
2304 2263 2351 2396 abuti
2287 2433 2348 2621 potuit,
2299 2670 2348 2905 dramatis
2297 2954 2344 3003 in

2232 1309 2284 1601 Macedonia
2230 1636 2274 1747 ante
2214 1783 2277 1945 ipsum
2226 1982 2273 2165 obitum
2208 2201 2271 2454 Euripidis
2204 2503 2266 2788 compositi,
2202 2843 2250 3004 neque

2153 1306 2202 1426 huic
2150 1460 2200 1748 immutandi
2147 1784 2195 2003 eiusdem
2129 2038 2188 2261 potestas
2142 2307 2191 2414 suit.
2125 2482 2189 2795 Relinquitur
2122 2838 2185 3002 igitur,

2073 1306 2116 1361 ut
2072 1393 2119 1580 initium
2070 1615 2117 1734 illud
2053 1771 2116 1988 prologi,
2051 2046 2097 2141 quo
2063 2196 2111 2376 abusus
2061 2414 2103 2489 est
2043 2524 2107 2903 Aristophanes,
2055 2939 2104 3000 ad

1991 1305 2041 1503 Danaen
1975 1547 2037 1850 referam11S‚
1971 1889 2033 2090 eiusque
1982 2140 2032 2333 fabulae
1966 2378 2026 2682 prooemium
1977 2732 2023 2809 vel
1974 2844 2018 3000 totum

1912 1305 1960 1385 vel
1911 1433 1942 1493 ex
1894 1542 1951 1683 parte
1909 1728 1955 1824 iam
1906 1869 1954 2141 Aristarchi
1887 2178 1948 2480 temporibus
1898 2519 1947 2849 desideratum
1895 2887 1926 2999 esse

1818 1306 1875 1595 statuamus,
1814 1632 1859 1756 quae
1813 1792 1870 1957 potest
1826 1992 1872 2137 etiam
1824 2170 1855 2340 caussa
1821 2366 1869 2523 fnisse
1804 2552 1863 2859 supponendi
1800 2880 1847 2997 spu-

1748 1304 1799 1381 rii.
1751 1463 1798 1535 De
1750 1597 1797 1806 materia
1732 1856 1793 2096 prooemii
1730 2146 1791 2471 Apollodorus
1739 2529 1770 2618 nos
1739 2667 1780 2717 et
1736 2761 1784 2997 Horatius

1659 1303 1720 1515 docent,
1656 1566 1702 1772 quorum
1668 1808 1716 1890 ille
1667 1924 1715 2048 haec
1663 2084 1710 2353 memoriae
1645 2387 1708 2635 prodidit:
1655 2673 1706 2761 καὶ
1640 2797 1705 2997 γίνεται

1572 1306 1648 1548 Ἀκρισίῳ
1576 1568 1641 1663 μὲν
1577 1688 1641 1739 ἐξ
1570 1764 1637 2073 Εὐρυδίκης
1567 2093 1631 2184 τῆς
1562 2207 1630 2609 Λακεδαίμονος
1559 2637 1625 2829 Δανάη
1584 2855 1596 2995 ›-·—*-

1491 1307 1567 1548 Ἀκρισίῳ
1508 1574 1559 1629 δὲ
1492 1663 1558 1808 περὶ
1503 1842 1555 2104 παίδων
1487 2138 1552 2471 γενέσεως
1480 2507 1547 2814 άρῥένων
1477 2847 1525 2993 χρη-

1405 1302 1479 1831 στηριαζομένῳ
1409 1869 1473 1919 (ὁ
1404 1954 1473 2098 θεὸς)
1404 2137 1472 2237 ἔφη
1402 2299 1468 2627 γενέσθαι
1412 2678 1463 2889 παῖδα
1411 2926 1464 2993 ἐκ

1330 1299 1394 1413 τῆς
1330 1447 1393 1825 θυγατρός,
1331 1876 1392 1945 ὃς
1338 1980 1390 2191 αὐτὸν
1333 2224 1389 2602 ἀποκτενεῖ
1320 2628 1382 2726 **).
1320 2795 1381 2993 Δείσας

1266 1299 1321 1398 οὖν
1251 1439 1322 1697 Ἀκρίσιος
1250 1732 1307 1920 τοῦτο,
1258 1976 1310 2082 ὑπὸ
1239 2117 1304 2221 γῆν
1238 2264 1305 2575 θάλαμον
1248 2620 1288 2991 κατασκευ-

1174 1297 1235 1465 άσας
1168 1497 1233 1814 χάλκεον,
1164 1849 1231 1967 τὴν
1158 2002 1225 2295 Δανάην
1154 2330 1227 2803 ἐφρούρει***).
1167 2850 1218 2989 Ταύ-

1088 1295 1136 1393 την
1087 1427 1154 1538 μὲν,
1092 1576 1153 1647 ὡς
1100 1681 1153 1811 ἔνιοι
1083 1845 1151 2123 λέγουσιν,
1077 2159 1146 2373 ἔφθειρε
1076 2411 1139 2676 Προῖτος,
1086 2729 1138 2859 ὅθεν
1085 2893 1136 2987 αὐ-

1012 1295 1070 1405 τοῖς
1021 1439 1072 1527 καὶ
1004 1560 1071 1595 ἦ
1009 1631 1070 1809 στάσις
999 1844 1071 2095 ἐκινήθη,
1002 2133 1065 2203 ὡς
1011 2239 1063 2294 δὲ
1009 2329 1062 2458 ἔνιοί
993 2493 1045 2659 φασι,
992 2698 1054 2862 Ζεύς,
989 2898 1038 2986 με·

902 1359 955 1403 *)
914 1437 954 1503 Cf.
913 1536 955 1697 Matth.
899 1728 938 1771 p.
908 1805 954 1901 138.
906 1945 951 2116 Welck.
891 2149 931 2192 p.
903 2223 947 2305 636
889 2334 931 2455 seqq.

832 1341 885 1409 **)
843 1439 884 1507 Cf.
827 1538 883 1709 Hygin.
840 1743 866 1780 c.
839 1807 882 1877 63.

762 1322 814 1410 ¹M)
772 1443 814 1512 cf.
757 1543 813 1846 Nicephorum
767 1874 809 1918 in
763 1947 808 2109 Walzii
760 2138 804 2272 Rhet.
748 2302 789 2370 gr.
760 2404 801 2460 T.
759 2490 800 2525 1.
745 2557 785 2597 p.
758 2628 801 2714 437
745 2742 786 2833 seq.
