5010 3336
3768 2007 3825 2132 470

3633 1348 3685 1448 οὐκ
3634 1483 3683 1552 ἄν
3633 1585 3681 1683 τιν’
3618 1719 3682 1885 ἄλλην
3614 1918 3680 2070 τῆςδε
3612 2106 3679 2290 βελτίω
3608 2325 3676 2535 λάβοιμ’
3607 2557 3671 2629 *),

3538 1346 3612 1381 ᾗ
3538 1420 3602 1605 πρῶτα
3537 1640 3603 1737 μὲν
3540 1773 3601 1901 λεὼς
3547 1938 3598 2037 οὐκ
3535 2071 3598 2295 ἐπακτὸς
3530 2330 3592 2578 ἄλλοθεν,

3455 1349 3522 1676 αὐτόχθονες
3469 1711 3521 1758 δ’
3452 1794 3520 2026 ἔφυμεν·
3465 2064 3516 2121 αἱ
3464 2155 3515 2200 δ’
3461 2238 3511 2389 ἄλλαι
3446 2424 3509 2620 πόλεις,

3389 1348 3438 1558 πεσσῶν
3373 1591 3439 1787 ὁμοίως
3368 1824 3437 2241 διαφορηθεῖσαι
3365 2277 3430 2477 βολαῖς,

3308 1347 3357 1500 ἄλλαι
3293 1535 3356 1659 παρ’
3304 1697 3354 1873 ἄλλων
3302 1910 3353 2040 εἰσὶν
3284 2075 3351 2426 εἰςαγώγιμοι.

3217 1349 3279 1486 ὅςτις
3225 1522 3277 1569 δ’
3225 1607 3276 1694 ἄπ’
3207 1732 3271 1892 ἄλλης
3210 1926 3270 2113 πόλεος
3204 2151 3269 2329 οἰκίζει
3205 2364 3266 2536 πόλιν,

3131 1344 3198 1513 ἄρμὸς
3127 1546 3191 1781 πονηρὸς
3125 1818 3193 1986 ὥςπερ
3138 2024 3191 2079 ἐν
3121 2115 3188 2251 ξύλω
3120 2287 3183 2485 παγείς,

3047 1337 3114 1479 λόγῳ
3046 1515 3113 1732 πολίτης
3050 1769 3112 1899 ἐστί,
3048 1939 3103 2049 τοῖς
3057 2086 3107 2132 δ’
3041 2169 3109 2405 ἔργοισιν
3052 2443 3100 2522 οὔ.

2982 1344 3034 1522 ἔπειτα
2979 1557 3031 1716 τέκνα
2979 1752 3027 1900 τοῦδ’
2978 1938 3027 2083 ἕκατι
2960 2117 3026 2376 τίκτομεν,

2891 1341 2952 1413 ὡς
2900 1451 2948 1594 θεῶν
2898 1630 2931 1683 τε
2883 1720 2953 1939 βωμοὺς
2881 1973 2945 2201 πατρίδα
2893 2236 2925 2290 τε
2877 2327 2944 2582 ῥυώμεθα
2908 2607 2921 2618 ·

2809 1340 2870 1541 πόλεως
2818 1579 2868 1627 δ’
2800 1664 2868 1871 ἄπάσης
2797 1907 2862 2122 τοῦνομ’
2802 2158 2866 2241 ἕν,
2810 2279 2860 2467 πολλοὶ
2807 2502 2858 2557 δε’
2803 2592 2837 2680 νιν

2736 1332 2787 1581 ναίουσι·
2724 1618 2784 1846 τούτους
2722 1880 2780 1993 πῶς
2716 2030 2781 2342 διαφθεῖραί
2713 2377 2761 2439 με
2711 2474 2776 2590 χρή,

2645 1335 2710 1455 ἐξὸν
2640 1490 2705 1594 πρὸ
2652 1630 2703 1849 πάντων
2638 1884 2700 2013 μίαν
2635 2048 2700 2378 ὑπερδοῦναι
2635 2414 2693 2631 θανεῖν,·

2559 1333 2625 1478 εἴπερ
2556 1515 2623 1615 γὰρ
2556 1652 2621 1889 ἄριθμὸν
2567 1926 2622 2049 οἶδα
2567 2083 2617 2172 καὶ
2554 2208 2617 2571 τούλάσσονος

2492 1330 2545 1389 τὸ
2477 1426 2539 1631 μεῖζον,
2473 1671 2539 1837 οὑμὸς
2475 1873 2542 2020 οἶκος
2484 2058 2535 2123 ού
2484 2157 2531 2342 πλεῖον
2482 2378 2533 2556 σθένει

2399 1325 2460 1547 πταίσας
2390 1583 2459 1789 ἄπάσης
2394 1824 2455 2039 πόλεος,
2402 2079 2453 2195 οὐδ’
2402 2232 2453 2354 ’ίσον
2387 2390 2452 2554 φέρει.

2329 1336 2380 1382 εἰ
2329 1417 2378 1462 δ’
2312 1500 2384 1568 ἦν
2326 1603 2379 1661 ἐν
2314 1699 2374 1866 οἴκοις
2322 1902 2373 2019 άντὶ
2305 2053 2375 2266 θηλέων
2304 2305 2369 2499 στάχυς

2230 1326 2297 1526 ἄρσην,
2242 1562 2294 1719 πόλιν
2241 1756 2294 1812 δὲ
2226 1847 2291 2070 πολεμία
2222 2110 2285 2310 κατεῖχε
2222 2347 2288 2497 φλόξ,

2165 1328 2216 1429 οὐκ
2163 1465 2211 1533 ἄν
2162 1568 2194 1658 νιν
2144 1696 2213 1985 ἐξέπεμπον
2148 2022 2208 2093 είς
2141 2129 2206 2302 μάχην
2143 2339 2205 2518 δορός,

2082 1325 2133 1569 θάνατον
2064 1604 2127 2002 προταρβοῦσ’,·
2077 2041 2126 2150 ἄλλ’
2061 2189 2127 2354 ἔμοιγ’
2060 2393 2125 2472 εἴη
2058 2508 2125 2680 τέκνα,

2004 1322 2053 1357 ἃ
2003 1392 2052 1481 καὶ
1985 1517 2049 1737 μάχοιτο
1997 1767 2049 1856 καὶ
1983 1891 2045 1998 μετ’
1982 2037 2046 2299 άνδράσιν
1982 2333 2046 2543 πρέποι,

1907 1321 1975 1393 μὴ
1905 1431 1969 1647 σχήματ’
1908 1687 1965 1858 ἄλλως
1917 1895 1970 1952 ἐν
1915 1986 1965 2135 πόλει
1900 2170 1963 2463 πεφυκότα.

1841 1320 1893 1385 τὰ
1823 1420 1889 1664 μητέρων
1837 1700 1889 1757 δὲ
1821 1794 1886 2017 δάκρυ’,
1833 2057 1884 2186 ὅταν
1817 2219 1886 2398 πέμπῃ
1818 2433 1883 2608 τέκνα,

1749 1318 1815 1554 πολλοὺς
1740 1588 1810 1803 ἐθήλυν’
1744 1842 1804 1913 εἰς
1737 1948 1804 2122 μάχην
1739 2158 1804 2527 ὁρμωμένους.

1665 1320 1726 1458 μισῶ
1662 1495 1722 1773 γυναῖκας,
1661 1812 1724 2006 αἵτινες
1658 2041 1722 2145 πρὸ
1671 2181 1716 2280 τοῦ
1669 2316 1719 2489 καλοῦ

1579 1321 1645 1417 ζῆν
1584 1451 1644 1645 παῖδας
1592 1681 1650 1828 εἷλον
1591 1862 1642 1952 καὶ
1574 1986 1639 2298 παρῄνεσαν
1588 2333 1639 2485 κακά.

1516 1320 1567 1410 καὶ
1498 1445 1566 1553 μὴν
1502 1587 1561 1851 θανόντες
1496 1884 1561 1933 γ’
1510 1970 1562 2027 ἐν
1492 2058 1559 2196 μάχῃ
1507 2232 1556 2446 πολλῶν
1492 2480 1557 2608 με’τα

1419 1316 1485 1526 τύμβον
1432 1560 1464 1613 τε
1429 1648 1480 1835 κοινὸν
1413 1871 1480 2059 ἔλαχον
1427 2095 1477 2334 εὔκλειάν
1426 2369 1475 2413 τ’
1408 2450 1476 2600 ἴσην·

1338 1314 1398 1379 τῇ
1335 1410 1406 1501 ’μῇ
1350 1540 1402 1596 δὲ
1348 1630 1401 1783 παιδὶ
1332 1817 1398 2081 στέφανος
1336 2116 1403 2187 εἷς
1329 2223 1391 2318 μιᾷ
1327 2355 1395 2493 μόνῃ

1261 1310 1323 1513 πόλεως
1251 1547 1316 1797 θανούσῃ
1249 1832 1316 1975 τῆςδ’
1253 2012 1318 2143 ὕπερ
1246 2184 1315 2490 δοθήσεται,

1191 1312 1243 1403 καὶ
1173 1436 1241 1534 τὴν
1184 1567 1231 1832 τεκοῦσαν
1183 1866 1236 1954 καὶ
1185 1990 1237 2045 σὲ
1183 2082 1235 2181 δύο
1183 2216 1230 2272 θ’
1167 2310 1233 2599 ὁμοσπόρω

1109 1313 1161 1496 σώσει·
1107 1533 1158 1583 τί
1104 1616 1155 1825 τούτων
1087 1863 1154 1979 οὐχὶ
1091 2016 1154 2269 δέξασθαι
1092 2303 1151 2496 καλόν,-

1012 1313 1081 1412 τὴν
1026 1448 1077 1548 οὐκ
1008 1582 1078 1744 ἐμήν,
1005 1780 1072 1920 πλὴν
1005 1955 1072 1987 ἢ
1005 2026 1070 2214 φύσει,
1019 2252 1070 2405 δώσω
1004 2440 1070 2610 κόρην
1004 2631 1067 2713 **)

946 1310 995 1480 θῦσαι
931 1512 996 1618 πρὸ
930 1654 994 1838 γαίας·
941 1878 991 1922 εί
925 1956 991 2058 γὰρ
922 2097 989 2435 αἱρεθήσεται

852 1309 915 1488 πόλις,
864 1524 913 1573 τί
860 1607 911 1818 παίδων
859 1851 907 1959 τῶν
844 1995 910 2138 ἐμῶν
842 2174 908 2375 μέτεστί
844 2409 890 2529 μοις

782 1307 832 1513 οὔκουν
779 1548 834 1759 ἅπαντα
777 1792 828 1925 τούν
763 1960 829 2078 ἐμοὶ
760 2115 825 2432 σωθήσεται,

637 1230 691 1280 '‘5‘)
634 1311 689 1458 Vulgo
630 1488 685 1658 λαβεῖν.

567 1200 621 1277 ssss)
563 1307 619 1453 Vulgo
562 1485 619 1571 τὴν
572 1602 620 1685 οὐχ
558 1717 617 1833 ἐμήν
559 1864 598 1913 γε
558 1943 616 2064 πλήν
558 2095 614 2246 φύσει.
