5010 3336
1130 2121 1187 2239 283

1289 2728 1347 3007 Cleobula.''
1282 2443 1336 2646 Accedit
1275 2074 1328 2399 testimonium
1263 1704 1331 2026 Etymologici
1261 1601 1309 1669 M.
1278 1517 1325 1565 p.
1260 1369 1316 1480 795,

1380 2927 1425 3007 40.
1379 2842 1421 2892 et
1362 2382 1432 2809 Harpocrationis‚
1372 2242 1420 2335 quo
1349 1912 1414 2197 Euripidem
1346 1736 1392 1877 demo
1342 1487 1404 1701 Phlyeae
1338 1367 1386 1454 tri-

1458 2913 1505 3004 bus
1446 2591 1510 2876 Cecropidis
1441 2265 1501 2557 adscriptum
1433 2077 1480 2229 fuisse
1429 1793 1474 2048 docemur:
1418 1559 1470 1753 Φλυεία
1417 1362 1483 1527 δῆμος

1536 2913 1599 3003 τῆς
1522 2528 1590 2876 Κεκροπίδος·
1518 2436 1569 2491 ἐκ
1514 2213 1566 2403 τούτου
1507 2123 1559 2177 δὲ
1508 1995 1556 2091 τοῦ
1502 1789 1567 1959 δήμου
1494 1689 1564 1754 ἧν
1496 1360 1562 1653 Εὐριπίδης

1611 2971 1662 2999 ὁ
1613 2846 1676 2936 τῆς
1601 2522 1671 2814 τραγῳδίας
1594 2261 1659 2490 ποιητής.

1690 2727 1737 2871 Unde
1701 2600 1732 2692 non
1684 2344 1729 2572 absonum
1676 2231 1721 2304 est
1668 1940 1722 2195 coniicere,
1660 1598 1726 1905 praediorum
1658 1359 1719 1567 plurium

1769 2688 1834 2998 possessione
1766 2444 1826 2665 parentes
1751 2170 1816 2416 Euripidis
1746 1890 1811 2142 opulentos
1741 1687 1788 1858 fnisse.
1736 1510 1784 1619 Hoc
1736 1357 1782 1483 enim

1848 2822 1897 2998 comici
1861 2713 1903 2788 eo,
1855 2585 1903 2677 quo
1838 2376 1893 2548 solent,
1847 2204 1879 2337 more
1825 1879 1890 2169 significant,
1824 1657 1883 1844 patrem
1829 1356 1878 1620 cauponem

1928 2816 1984 2996 fuisse,
1926 2564 1970 2767 matrem
1917 2390 1962 2521 olera
1910 2071 1958 2343 venditasse
1904 1795 1950 2028 dicentes,
1898 1471 1944 1725 Persarum
1908 1354 1939 1434 co-

2007 2899 2071 2995 piis
2004 2656 2053 2864 Atticam
1994 2261 2048 2620 invadentibus,
1990 2163 2035 2211 in
1983 1834 2032 2117 Salaminem
1976 1587 2025 1785 insulam
1988 1351 2020 1549 conces-

2086 2867 2132 2993 sisse
2083 2598 2135 2836 videntur,
2091 2398 2123 2561 secum
2071 2150 2118 2361 ferentes
2062 1874 2128 2123 parvulum
2059 1686 2115 1854 filium,
2069 1484 2101 1653 annum
2051 1347 2099 1455 fere

2169 2771 2228 2991 quartum
2158 2564 2206 2733 aetatis
2159 2309 2219 2531 agentem
2148 2214 2209 2282 *).
2146 2017 2192 2134 Erat
2141 1860 2189 1982 enim
2138 1762 2186 1827 ibi
2148 1528 2198 1718 quoque
2146 1349 2193 1490 prae-

2243 2860 2290 2991 dium
2241 2765 2287 2825 iis
2243 2479 2302 2731 paternum
2270 2446 2289 2457 ‚
2232 2348 2278 2393 id
2228 2179 2293 2309 quod
2224 2004 2272 2147 facile
2218 1688 2280 1970 intelligitur
2213 1514 2270 1655 inde,
2208 1344 2271 1476 quod

2336 2842 2384 2988 saepe
2319 2493 2377 2794 multumque
2308 2164 2371 2450 Euripidem
2306 2082 2350 2131 in
2302 1942 2348 2048 loco
2297 1703 2359 1905 quodam
2293 1563 2339 1665 eius
2288 1342 2337 1528 insulae

2399 2772 2448 2987 solitario
2396 2475 2445 2736 carminum
2388 2075 2438 2437 scribendorum
2394 1869 2427 2037 caussa
2375 1486 2421 1833 commoratum
2382 1342 2414 1452 esse

2479 2918 2527 2985 ait
2477 2541 2524 2874 Philochorus.
2470 2332 2531 2472 Quod
2470 2126 2511 2285 autem
2461 1965 2507 2090 idem
2459 1884 2503 1929 iu
2452 1599 2500 1847 Boeotiam
2452 1341 2511 1561 parentes

2556 2739 2620 2984 Euripidis
2552 2404 2600 2701 concessisse
2538 2099 2600 2353 tradidits
2540 2025 2586 2071 id
2535 1776 2585 1977 nominis
2545 1554 2577 1724 caussa
2527 1340 2573 1506 fictum

2653 2873 2685 2983 esse
2634 2618 2697 2837 suspicor
2631 2501 2693 2592 ²³²²).
2629 2362 2675 2432 Ab
2624 2130 2684 2313 Euripo
2619 1959 2666 2083 enim
2615 1770 2670 1920 freto,
2611 1684 2657 1732 in
2623 1556 2671 1648 quo
2620 1337 2671 1521 pugna-

2722 2881 2764 2981 tum
2721 2754 2773 2844 est,
2726 2532 2759 2704 nomen
2715 2335 2755 2499 nostro
2704 2122 2750 2299 sactum
2714 1976 2744 2084 csse
2710 1840 2741 1933 uno
2707 1710 2738 1792 ore
2703 1508 2735 1674 omnes
2684 1336 2732 1471 affir-

2799 2847 2842 2980 mant
2794 2699 2849 2821 ²²²²³‘²'·²).,
2806 2527 2852 2645 quos
2786 2387 2834 2491 salli
2784 2275 2829 2351 lex
2778 1877 2827 2238 formandorum
2770 1598 2818 1839 nominum
2768 1458 2828 1562 ipsa
2764 1336 2809 1423 do-

2878 2886 2921 2980 cet.
2871 2599 2927 2817 Accedit,
2866 2436 2929 2563 quod
2868 2275 2915 2402 ante,
2874 2098 2923 2238 quam
2857 1781 2901 2061 nasceretur
2847 1463 2910 1735 Euripides,
2844 1331 2890 1426 hoc

2967 2805 3001 2980 nomen
2948 2499 2996 2755 maioribus
2945 2350 2990 2451 eius
2941 2075 2987 2308 usitatum
2934 1878 2980 2031 fuisse
2932 1632 2977 1831 constat.
2925 1331 2971 1550 Priorem

3031 2854 3079 2978 enim
3028 2580 3091 2815 quendam
3022 2264 3085 2544 Euripidem
3018 2104 3064 2229 inter
3013 1868 3074 2074 tragicos
3014 1672 3072 1837 poetas
3004 1447 3053 1648 Athenis
3002 1328 3048 1418 flo-

3111 2818 3158 2977 ruisse
3112 2577 3154 2784 testatur
3104 2369 3151 2541 Suidas
3100 2187 3155 2339 ³²²²²²²³²“·²)‚
3109 1988 3156 2132 quem
3089 1672 3151 1952 cognatione
3101 1530 3131 1636 cum
3085 1326 3129 1493 nostro

3190 2760 3235 2975 iunctum
3186 2557 3240 2726 fuisse,
3187 2468 3230 2523 ut
3181 2334 3227 2434 eius
3175 2007 3225 2297 auctoritate
3169 1767 3217 1979 studium
3162 1416 3212 1737 adolescentis
3158 1327 3206 1387 ad

3267 2755 3314 2972 eiusdem
3263 2574 3309 2726 laudis
3258 2188 3307 2554 aemulationem
3250 1802 3305 2163 accenderetur,
3243 1510 3291 1771 verisimile
3242 1328 3302 1492 est†).

3390 2864 3443 2907 Ι““)
3389 2636 3430 2834 Thomas
3384 2546 3423 2605 M.
3382 2472 3423 2514 in
3380 2351 3421 2439 vita
3377 2136 3428 2313 Eurip.:
3369 1769 3426 2084 γεννηθεὶς
3365 1682 3409 1726 ἐν
3367 1418 3416 1642 Σαλαμῖνι
3361 1324 3417 1378 τῇ

3455 2746 3514 2833 πρὸ
3455 2637 3507 2715 τῆς
3450 2418 3503 2609 Ἀττικῆς
3449 2260 3501 2393 νήσῳ,
3447 2175 3485 2227 de
3457 2063 3496 2144 quo
3454 1884 3482 2029 errore
3439 1754 3480 1855 vide
3452 1683 3490 1725 p.
3433 1623 3475 1650 5
3448 1476 3486 1594 seqq.
3433 1321 3473 1445 Idem

3527 2788 3568 2832 in
3523 2580 3577 2759 reliquis
3522 2452 3562 2551 vitis
3518 2215 3570 2421 scriptum
3517 2106 3554 2183 est.

3598 2861 3651 2923 **)
3597 2626 3644 2832 Fuerunt,
3591 2523 3645 2594 qui
3590 2365 3630 2496 ctiam
3602 2290 3627 2341 cx
3582 2082 3625 2265 Boeotia
3582 1910 3634 2054 pulsos
3578 1840 3618 1883 in
3575 1626 3617 1814 Atticam
3571 1319 3626 1597 immigrasse

3668 2629 3720 2831 parentes
3659 2380 3714 2602 Euripidis
3655 2040 3702 2352 mentirentur3
3650 1952 3691 2007 cf.
3649 1800 3691 1922 Stob.
3659 1640 3686 1768 serm.
3642 1493 3693 1618 4!)‚5.
3640 1318 3695 1473 p.293.

3736 2694 3776 2826 Gesn.

3806 2848 3860 2940 ***)
3806 2692 3845 2820 Velut
3800 2416 3843 2663 Priscianus
3798 2335 3848 2389 Π,
3796 2268 3835 2306 6.
3810 2200 3848 2238 p.
3792 2099 3833 2173 79:
3788 1760 3842 2065 „Inveniuntur
3783 1515 3838 1730 quaedam
3779 1311 3821 1488 nomina

3875 2656 3916 2828 formae
3868 2227 3925 2625 patronymicorum
3861 1878 3917 2196 significatione
3852 1509 3902 1844 denominativa,
3856 1432 3891 1478 ut
3852 1311 3890 1401 Eu-

3943 2660 3997 2825 ripides
3940 2405 3995 2629 proprium
3952 2294 3977 2375 non
3933 2112 3985 2263 Euripi
3930 1955 3981 2084 filius,
3929 1848 3967 1923 scd
3927 1763 3967 1817 ab
3924 1567 3977 1730 Euripo
3922 1473 3962 1535 sic
3920 1310 3961 1453 nomi-

4018 2703 4055 2827 natus
4011 2515 4051 2670 (licitur
4008 2227 4061 2485 Euripides,
4003 2082 4056 2181 quia
4001 1977 4041 2051 illo
3999 1877 4039 1945 die
4002 1722 4037 1848 natus
3998 1605 4043 1691 est,
4006 1478 4046 1559 quo
3992 1310 4032 1447 Athe-

4082 2652 4122 2823 nienses
4094 2523 4120 2620 cum
4078 2348 4120 2493 Persis
4076 2278 4118 2319 in
4073 2083 4125 2248 Euripo
4071 1885 4111 2054 bellum
4063 1554 4107 1854 con1misere.⁷⁷

4150 2846 4204 2953 ****)
4149 2573 4206 2817 Εὐριπίδης
4146 2312 4201 2546 Ἀθηναῖος
4140 2054 4200 2285 τραγικός,
4136 1730 4195 2026 πρεσβύτερος
4135 1618 4176 1701 τοῦ
4130 1404 4184 1590 ἐνδόξου
4144 1307 4183 1374 γε·

4218 2608 4273 2815 νομένου,
4217 2404 4269 2580 ἐδίδαξε
4213 2166 4272 2373 δράματα
4210 2062 4267 2135 ιβ’,
4208 1946 4253 2031 εἷλε
4207 1866 4252 1915 δὲ
4208 1712 4255 1839 νίκας
4201 1582 4248 1681 δύο.

4289 2843 4343 2896 †)
4289 2746 4331 2813 Cf.
4289 2540 4331 2711 Welck.
4304 2467 4341 2512 p.
4286 2343 4329 2438 936.
