5010 3336
4164 3300 4169 3305 ,
4127 3220 4170 3274 ·.··⁴-'1-
4133 3150 4172 3163 Α

2681 3156 2834 3164 -aeznssr

1037 2134 1114 2217 ,οῖ

1183 2909 1232 3018 Non
1182 2663 1231 2874 dedecet
1185 2434 1245 2628 poetam
1180 2050 1239 2400 inconstantia,
1198 1907 1243 1999 qua
1198 1812 1230 1873 ne
1183 1589 1231 1765 summi
1185 1346 1248 1545 quidem

1262 2732 1327 3018 philosophi
1276 2483 1308 2683 vacasse
1259 2200 1319 2448 videntur,
1276 2008 1323 2151 quum
1262 1824 1309 1971 iidem
1263 1645 1310 1790 modo
1266 1460 1313 1611 menti
1266 1345 1314 1419 di-

1342 2856 1390 3020 vinum
1341 2538 1389 2813 tribuerent
1338 2173 1402 2493 principatum
1339 1978 1386 2123 modo
1341 1792 1388 1929 coelo
1343 1682 1389 1757 vel
1346 1459 1393 1647 aetheri
1346 1344 1394 1424 vel

1422 2893 1469 3019 coeli
1421 2652 1468 2844 cuidam
1417 2412 1478 2599 ardori,
1417 2212 1465 2359 modo
1418 2029 1465 2165 fatali
1435 1822 1466 1984 rerum
1425 1492 1472 1772 necessitati
1426 1346 1474 1448 sive

1501 2694 1563 3020 sempiternae
1513 2492 1544 2659 rerum
1497 2183 1545 2457 suturarum
1498 1942 1555 2149 veritati,
1499 1762 1546 1906 modo
1500 1640 1563 1735 legi
1508 1345 1566 1614 perpetuae

1584 2874 1641 3020 atque
1586 2597 1633 2840 aeternae,
1592 2439 1638 2560 quae
1576 2265 1637 2403 quasi
1577 2133 1624 2229 dux
1578 1978 1623 2105 vitae
1582 1905 1624 1952 et
1579 1650 1642 1882 magistra
1581 1348 1632 1624 officiorum

1663 2856 1716 3019 esset,
1672 2534 1719 2805 quumque,
1655 2319 1702 2480 Iovem
1655 2181 1702 2282 sive
1656 1946 1702 2145 aethera
1656 1768 1704 1911 deum
1675 1618 1706 1729 esse
1661 1347 1725 1583 (licentes,

1739 2812 1785 3021 eundem
1741 2727 1783 2777 et
1734 2382 1797 2693 Neptunum,
1739 2296 1781 2345 et
1733 2064 1782 2262 Vestam
1736 1922 1782 2022 sive
1740 1706 1785 1887 terram
1775 1671 1796 1683 ‚
1746 1582 1786 1633 et
1740 1347 1801 1548 Orcum,

1824 2970 1864 3021 et
1816 2737 1863 2938 fatalem
1814 2332 1872 2702 necessitatem,
1818 2235 1861 2283 et
1815 2014 1862 2189 mentis
1815 1769 1863 1980 infinitae
1818 1642 1865 1735 vim
1821 1346 1870 1605 rationem-

1912 2926 1958 3021 que
1894 2577 1959 2880 appellarent
1890 2481 1954 2549 *).
1892 2301 1941 2401 Sed
1909 2164 1956 2253 ego
1894 1974 1941 2116 istam
1895 1556 1946 1927 inconstantiam
1902 1347 1949 1507 minus

1976 2710 2038 3022 exipsorum,
1988 2554 2035 2673 quos
1972 2265 2035 2527 arguimus,
1974 1827 2035 2228 dubitationibus,
1992 1649 2037 1790 quam
1994 1564 2025 1624 ex
1996 1348 2043 1538 eorum,

2055 2939 2116 3022 qui
2056 2751 2101 2905 minus
2068 2517 2099 2714 sensum
2053 2222 2100 2482 verborum
2053 1850 2115 2187 perciperent,
2057 1553 2104 1801 erroribus
2065 1348 2110 1507 natam

2149 2909 2181 3021 esse
2133 2642 2180 2864 arbitror.
2130 2332 2180 2569 Videntur
2132 2156 2179 2283 enim
2148 1936 2180 2103 omnes
2133 1817 2180 1887 illi
2136 1489 2201 1770 philosophi
2142 1348 2189 1444 vim

2212 2756 2274 3023 quandam,
2228 2626 2274 2720 qua
2212 2429 2259 2590 omnia
2217 2055 2275 2373 regerentur,
2228 1913 2261 2007 non
2220 1604 2277 1877 separatam
2235 1543 2265 1567 a
2220 1349 2268 1497 rebus

2292 2620 2355 3022 corporibusque,
2293 2494 2339 2582 sed
2292 2412 2338 2461 in
2298 2208 2339 2376 natura
2292 2069 2354 2174 ipsa
2293 1891 2338 2032 sitam
2299 1804 2339 1855 et
2311 1681 2356 1771 per
2298 1488 2344 1646 omnia
2316 1348 2347 1453 ma-

2377 2810 2429 3023 nantem,
2372 2633 2418 2778 variis
2372 2320 2417 2597 nominibus
2372 1960 2430 2275 significasse.
2371 1670 2431 1890 Quorum
2377 1586 2423 1633 in
2393 1347 2429 1551 numero

2449 2737 2512 3024 Euripidem
2455 2497 2513 2700 propter
2450 2258 2497 2461 eandem
2451 1880 2498 2227 inconstantiae
2454 1519 2516 1848 suspicionem
2475 1349 2520 1491 pono.

2528 2902 2577 3025 Nam
2530 2558 2591 2844 saepissime
2530 2315 2591 2507 quidem
2529 2039 2584 2267 aethera,
2530 1758 2592 1974 undique
2534 1348 2587 1701 circumfusum

2608 2764 2669 3023 omniaque
2608 2459 2671 2735 cingentem
2614 2291 2669 2434 atque
2609 1866 2671 2266 circumplexum,
2610 1670 2660 1831 Iovem
2630 1528 2665 1639 esse
2617 1350 2667 1503 dixit:

2684 2766 2751 2894 ὁρᾷς
2685 2640 2735 2735 τὸν
2684 2460 2745 2607 ὑψοῦ
2686 2286 2736 2427 τόνδ’
2688 2033 2750 2250 ἄπειρον
2685 1792 2750 1997 αἰθέρα,

2763 2807 2816 2897 καὶ
2767 2670 2830 2772 γῆν
2764 2492 2830 2636 πέριξ
2764 2296 2831 2458 ἔχοντ’
2765 2077 2831 2261 ὑγραῖς
2765 1985 2817 2040 ἐν
2767 1676 2833 1951 ἀγκάλαις,-

2849 2703 2896 2898 τοΰτον
2846 2495 2911 2670 νόμιζε
2850 2293 2914 2456 Ζῆνα,
2846 2115 2897 2256 τόνδ’
2846 1944 2913 2079 ἡγοῦ
2848 1761 2902 1909 θεόν.

2955 1855 2965 2899 ——-—.-—-—.—

3004 1956 3030 2081 7277

3004 2682 3073 2896 κορυφὴ
3005 2590 3057 2646 δὲ
3008 2414 3057 2556 θεῶν
3006 2352 3057 2381 ὁ
3005 2202 3072 2318 περὶ
3010 2035 3073 2169 χθον
3026 1849 3074 1983 εχων

3086 2664 3151 2895 φαεννὸς
3087 2448 3155 2628 αἰθήρ.

3166 2925 3214 3025 Sed
3168 2796 3215 2889 alio
3170 2653 3217 2762 loco
3186 2525 3218 2619 non
3169 2242 3218 2495 aetherem
3170 2058 3234 2220 ipsum
3170 1847 3233 2026 lovem,
3172 1723 3220 1809 sed
3173 1350 3225 1699 habitationem

3246 2903 3294 3026 Iovis
3263 2755 3294 2867 esse
3248 2428 3296 2720 declaravit:

3326 2699 3389 2895 ὄμνυμι
3324 2617 3375 2663 δ’
3324 2439 3388 2578 ἱερὸν
3324 2350 3373 2402 αἱ
3323 2214 3389 2305 ἐρ’,
3326 1899 3391 2176 οἴκησιν
3330 1678 3391 1863 Διός,

3404 2896 3455 3027 unde
3412 2647 3453 2861 mentem
3407 2461 3453 2612 totius
3412 2227 3454 2425 naturae
3412 2046 3467 2191 atque
3410 1813 3456 2023 animum
3410 1574 3457 1786 aetheris
3412 1349 3459 1545 nomine

3485 2731 3550 3030 appellatum
3501 2585 3533 2694 esse
3491 2334 3548 2549 apparet.
3486 2040 3533 2263 Eundem
3487 1831 3537 2005 Iladen
3490 1694 3539 1796 sive
3489 1475 3538 1657 Orcum
3508 1352 3555 1437 ap-

3566 2853 3630 3028 pellari
3581 2670 3629 2819 posse
3566 2590 3612 2636 in
3565 2236 3612 2553 Cretensibus
3565 1960 3614 2199 ostendit:

3641 2808 3693 2893 σοὶ
3648 2704 3707 2775 τῷ
3642 2455 3693 2669 πάντων
3641 2179 3708 2420 μεδέοντι
3642 1986 3707 2145 χλόην

3722 2672 3774 2899 πέλανόν
3741 2585 3773 2637 τε
3723 2386 3789 2549 φέρω,
3717 2214 3782 2347 Ζεὺς
3722 2092 3772 2177 εἴτ’
3717 1878 3789 2047 Ἀΐδης

3803 2510 3869 2898 ὀνομαζόμενος
3803 2250 3869 2477 στέργεις
3832 2154 3839 2214 ——

3877 2829 3934 2897 σὺ
3882 2695 3949 2797 γὰρ
3882 2601 3935 2657 ἔν
3902 2516 3935 2568 τε
3888 2333 3945 2481 θεοῖς
3887 2191 3943 2300 τοῖς
3881 1854 3943 2156 οὐρανίδαις

3967 2629 4031 2897 σκῆπτρον
3965 2536 4016 2595 τὸ
3963 2368 4025 2500 Διὸς
3962 1973 4029 2334 μεταχειρίζων

4045 2663 4110 2897 χθονίων
4048 2577 4097 2631 θ’
4042 2390 4113 2541 Ἅιδῃ
4043 2137 4111 2355 μετέχεις
4042 1928 4111 2104 ἀρχῆς.

4214 2924 4264 2969 ⁷²⁴³)
4213 2826 4256 2893 Cf.
4215 2706 4257 2795 Cic.
4214 2622 4257 2674 N.
4214 2540 4255 2591 D.
4212 2474 4265 2509 Ι,
4211 2382 4267 2449 13,
4210 2285 4253 2354 15.
