5010 3336
1047 2052 1104 2171 533

1221 2629 1257 2936 memnonem
1206 2448 1264 2594 atque
1199 2169 1261 2398 Ulyssem
1190 1895 1247 2120 adducit,
1181 1565 1234 1857 conscientia
1179 1269 1234 1529 sactorum,

1287 2677 1350 2934 quominus
1284 2452 1330 2641 socium
1275 2133 1331 2415 defendant,
1269 1818 1333 2096 impeditos.
1265 1568 1323 1738 ltaque
1256 1267 1305 1521 admiratio

1368 2660 1429 2935 Polyxenae
1362 2434 1408 2613 milites
1352 2074 1405 2375 conciliavit,
1349 1825 1395 2026 iniuriae
1339 1468 1389 1764 conscientia
1336 1267 1383 1419 duces

1444 2648 1497 2933 obstrinxit,
1440 2370 1500 2609 simulque
1430 2032 1485 2335 calamitatis,
1442 1854 1488 1995 quam
1424 1680 1470 1824 modo
1431 1396 1482 1632 perpessa
1417 1264 1471 1359 est,

1524 2652 1585 2932 magnitudo
1520 2403 1582 2614 captivas
1514 2321 1560 2378 ad
1508 1978 1570 2289 exsequenda
1522 1878 1562 1949 ea,
1518 1718 1564 1840 quae
1498 1476 1554 1689 mandat,
1508 1263 1557 1440 prom—

1605 2746 1668 2932 ptiores
1601 2519 1648 2698 reddit.
1596 2370 1641 2447 Sic
1590 2075 1651 2323 Polyxena
1600 1946 1631 2039 non
1589 1730 1629 1917 tantum
1594 1604 1641 1693 pro
1576 1262 1623 1565 Graecorum

1682 2685 1738 2928 exercitu,
1679 2561 1725 2646 sed
1677 2380 1723 2522 etiam
1685 2255 1733 2345 pro
1666 2053 1713 2218 fratris
1663 1766 1719 2015 manibus,
1674 1640 1721 1729 pro
1655 1438 1702 1601 caedis
1652 1259 1700 1401 ultio-

1779 2866 1809 2927 ne
1775 2632 1824 2819 proque
1753 2394 1821 2588 pietatis
1748 2177 1795 2345 officio
1739 1810 1805 2125 exsequendo
1741 1551 1783 1760 mortem
1730 1258 1780 1502 occubuit.

1842 2740 1896 2925 Secus,
1844 2558 1899 2703 atque
1848 2435 1881 2523 nos
1828 2114 1882 2397 statuimus,
1822 1851 1885 2078 plerique
1816 1442 1867 1815 aestimatores,
1808 1256 1871 1406 Poly-

1919 2694 1969 2923 mestoris
1911 2352 1977 2645 supplicium
1922 2216 1970 2307 pro
1901 1902 1967 2171 appendice
1897 1651 1959 1857 quadam
1893 1352 1948 1617 habentes,
1888 1253 1933 1304 in

2001 2646 2061 2922 Polyxenae
1996 2441 2041 2599 morte
2001 2160 2035 2395 summam
1978 1832 2043 2113 tragoediae
1974 1512 2021 1782 consistere
1966 1251 2016 1476 arbitrati

2082 2783 2128 2921 sunt:
2075 2605 2124 2735 unde
2073 2385 2119 2572 factum
2070 2247 2124 2348 est,
2069 2144 2110 2198 ut
2060 1913 2123 2109 quidam
2057 1562 2109 1876 mirarentur,
2047 1382 2112 1511 quod
2061 1250 2093 1346 non

2174 2809 2223 2923 pars
2172 2690 2214 2773 ea,
2168 2530 2215 2654 quae
2163 2288 2213 2495 poenam
2141 2024 2190 2251 scelerati
2137 1746 2193 1989 continet,
2127 1387 2178 1711 immolationi
2125 1250 2172 1354 vir-

2238 2797 2301 2921 ginis
2232 2480 2298 2751 praemissa
2231 2276 2274 2425 esset.
2222 2054 2283 2205 Atqui
2234 1941 2265 2002 ex
2217 1783 2278 1891 ipsa
2227 1568 2260 1733 rerum
2208 1351 2265 1510 serie,
2207 1248 2251 1299 et

2316 2790 2380 2920 quod
2328 2649 2359 2744 non
2310 2306 2371 2615 Polyxenae,
2303 2164 2349 2252 sed
2299 1882 2346 2115 Hecubae
2294 1644 2358 1833 primae
2294 1480 2337 1591 sunt·
2290 1248 2350 1431 partes,

2393 2627 2442 2918 contrariam
2389 2327 2435 2565 rationem
2380 1988 2443 2272 Euripidem
2379 1706 2422 1933 secutum
2385 1528 2417 1639 esse
2367 1245 2429 1469 apparet.

2475 2742 2535 2914 Neque
2471 2564 2518 2708 unius
2466 2333 2525 2529 virginis
2462 2220 2509 2296 vel
2461 2042 2507 2183 unius
2452 1660 2509 2005 adolescentis,
2448 1535 2496 1621 sed
2446 1242 2493 1498 universae

2554 2739 2601 2915 domus
2548 2335 2597 2690 Priamidarum
2548 2102 2588 2286 sortem
2538 1995 2584 2044 in
2533 1666 2582 1951 discrimine
2527 1436 2576 1622 versari
2529 1338 2571 1387 et
2522 1240 2568 1291 in

2632 2681 2689 2914 Hecuba,
2633 2419 2689 2647 tanquam
2625 2276 2670 2381 eius
2619 1979 2676 2239 columine,
2614 1679 2662 1941 maximum
2624 1488 2656 1653 rerum
2618 1241 2653 1460 momen-

2720 2806 2760 2906 tum
2725 2649 2757 2760 esse
2712 2552 2753 2600 et
2706 2275 2751 2500 universa
2704 1992 2747 2238 structura
2694 1725 2743 1957 dramatis
2698 1637 2737 1687 et
2685 1380 2750 1602 singulae
2682 1239 2728 1344 eius

2795 2747 2855 2913 partes
2785 2419 2835 2697 ostendunt.
2780 2144 2843 2333 Regiae
2782 1937 2823 2097 autem
2775 1738 2819 1885 domo
2768 1535 2831 1694 gentis
2762 1238 2824 1490 reliquiae,

2887 2788 2934 2913 quae
2869 2602 2915 2752 choro
2864 2490 2911 2568 vel
2861 2257 2908 2452 feminis
2857 2031 2919 2233 captivis
2853 1554 2916 2003 repraesentantur,
2840 1235 2892 1517 necessario

2951 2559 2998 2912 annectuntur:
2943 2429 2989 2522 hae
2940 2263 2987 2392 enim
2951 2058 2984 2227 omnes
2932 1758 2997 2021 participes
2932 1608 2975 1720 sunt
2939 1394 2978 1577 rerum,
2933 1231 2982 1357 quae

3033 2675 3090 2911 aguntur,
3027 2575 3069 2623 et
3020 2200 3068 2523 calamitatum
3014 1846 3073 2144 ultionisque
3009 1617 3056 1796 sociae.
3004 1373 3065 1547 Neque
3012 1231 3061 1322 pro

3105 2736 3153 2906 otiosis
3100 2336 3148 2701 intervallorum
3092 1947 3157 2299 supplementis
3090 1699 3137 1915 carmina
3082 1376 3145 1666 interposita
3079 1228 3125 1340 sunt

3203 2830 3245 2905 ea7
3183 2622 3246 2795 quibus
3180 2453 3226 2587 urbis
3173 2092 3237 2415 expugnatio,
3171 1842 3217 2055 virorum
3165 1528 3221 1807 trucidatio,
3159 1230 3207 1490 mulierum

3262 2618 3328 2903 captivitas,
3258 2457 3305 2571 belli
3257 2272 3317 2409 origo
3258 2078 3313 2224 atque
3253 1831 3296 2031 eventus
3245 1458 3307 1793 deplorantur.
3238 1227 3296 1387 Argu-

3348 2683 3393 2904 mentum
3339 2507 3387 2638 enim
3334 2226 3382 2459 dramatis
3332 2077 3378 2181 sere
3329 1911 3375 2042 idem
3325 1746 3387 1875 quod
3322 1461 3371 1711 Troadum
3320 1321 3372 1424 est,
3316 1224 3359 1275 et

3425 2709 3471 2901 amabat
3424 2497 3466 2664 noster
3416 2391 3462 2452 ad
3410 1984 3460 2343 testificandam
3405 1770 3468 1950 ingenii
3403 1545 3465 1735 copiam
3396 1338 3444 1509 eadem
3406 1224 3437 1301 ar-

3506 2669 3566 2899 gumenta
3501 2446 3547 2636 diversa
3494 2226 3541 2416 ratione
3490 2011 3554 2205 saepius
3492 1764 3535 1990 tractare.
3478 1414 3543 1727 Simplicibus
3477 1222 3519 1385 autem

3579 2598 3645 2897 argumentis
3578 2495 3623 2544 in
3571 2135 3637 2445 paucissimis
3565 1819 3631 2087 tragoediis
3577 1665 3610 1782 usus
3564 1538 3608 1628 est.
3555 1384 3602 1467 Sic
3549 1223 3599 1347 effu-

3662 2692 3725 2898 giendae
3653 2318 3719 2645 simplicitatis
3665 2096 3697 2267 caussa
3644 1729 3694 2051 Phaethontis
3640 1493 3689 1684 ruinam
3649 1345 3682 1456 cum
3645 1220 3677 1312 nu—

3742 2680 3805 2896 ptiarum
3740 2405 3799 2639 apparatu
3736 2319 3778 2366 et
3728 2066 3793 2285 periculo
3725 1833 3783 2032 matris,
3722 1724 3769 1795 sic
3716 1506 3766 1691 Thesei
3718 1217 3761 1471 certamen

3819 2591 3880 2892 caedemque
3811 2276 3862 2541 Minotauri
3824 2112 3855 2222 cum
3820 1895 3852 2061 amore
3802 1603 3850 1845 Ariadnae
3788 1218 3853 1557 coniungendo

3902 2671 3947 2890 dramata
3892 2311 3958 2634 amplificavit.
3889 2169 3935 2244 Ea
3891 1973 3933 2133 autem
3896 1659 3931 1935 caussarum
3874 1365 3937 1622 duplicitas
3881 1216 3931 1329 par-

3979 2801 4025 2889 tim
3993 2707 4024 2764 ea
3975 2553 4029 2673 suit,
3987 2379 4034 2503 quae
3968 2058 4016 2345 mixtionem
3964 1787 4012 2023 nodorum
3962 1388 4014 1748 eventuumque
3950 1214 4012 1355 pate-

4062 2734 4116 2887 retur,
4054 2520 4119 2698 partim
4068 2401 4111 2475 ea,
4065 2238 4111 2365 quae
4047 2002 4094 2203 alteram
4048 1774 4106 1966 partem
4042 1628 4101 1740 post
4034 1391 4081 1594 alteram
4025 1216 4075 1355 exhi-

4135 2776 4183 2886 beri
4133 2429 4197 2725 postularet,
4144 2168 4192 2375 quorum
4125 2025 4171 2122 hoc
4123 1912 4171 1981 ibi
4124 1732 4169 1869 recte
4115 1581 4162 1687 fieri
4112 1341 4175 1535 potest⁷
4102 1210 4151 1295 ubi

4214 2746 4278 2882 prior
4228 2601 4276 2713 pars
4211 2366 4260 2566 minoris
4212 2255 4257 2332 est
4203 1990 4255 2222 momenti
4206 1914 4251 1965 et
4195 1624 4266 1889 posteriori
4194 1524 4241 1590 ita
4185 1210 4243 1487 subiicitur,
