5010 3336
2710 3261 2738 3333 §.sii

2874 3314 2897 3331 ·:
2855 3272 2898 3303 ms

1274 2666 1323 2981 subtilitatem
1271 2341 1332 2632 dicendique
1269 2028 1315 2307 facultatem
1270 1944 1314 1988 in
1282 1662 1330 1909 personas,
1281 1510 1328 1626 quas
1265 1335 1313 1478 effin—

1359 2847 1415 2981 gunt,
1352 2445 1408 2809 transferentes,
1347 2148 1411 2409 copiosius,
1347 1872 1404 2112 ornatius,
1346 1565 1393 1836 distinctius
1359 1437 1391 1530 non
1344 1333 1392 1404 in-

1447 2796 1494 2981 genuos
1436 2576 1478 2761 tantum
1429 2289 1484 2537 homines,
1424 2150 1470 2236 sed
1439 1946 1471 2112 servos
1440 1716 1485 1909 quoque
1429 1632 1470 1680 et
1422 1332 1470 1590 semiferos

1510 2738 1572 2977 Cyclopas
1508 2639 1554 2701 de
1508 2520 1554 2619 suis
1506 2344 1553 2486 animi
1502 2165 1550 2320 sensis
1502 1813 1563 2134 cogitatisque
1517 1549 1564 1790 exponere
1501 1332 1559 1531 faciunt,

1604 2839 1649 2979 quam
1587 2577 1633 2792 veritatis
1586 2405 1633 2527 ratio
1582 2260 1645 2358 pati
1580 2009 1627 2214 videtur,
1580 1869 1628 1943 Ab
1580 1572 1642 1822 Euripidis
1578 1331 1641 1525 quidem

1665 2699 1727 2980 aequalibus
1664 2535 1712 2654 nihil
1665 2324 1709 2494 horum
1659 2205 1706 2274 illi
1658 2038 1705 2155 vitio
1658 1820 1705 1990 datum
1674 1647 1705 1757 esse
1674 1510 1721 1597 pro
1660 1330 1703 1463 certo

1744 2609 1791 2981 affirmaverim:
1757 2404 1803 2562 neque
1739 2245 1786 2371 enim
1738 2054 1801 2211 ipsam
1738 1747 1795 2021 veritatem,
1737 1626 1783 1713 sed
1737 1332 1799 1590 imaginem

1822 2763 1870 2979 veritatis
1820 2432 1869 2728 reddendam
1823 2132 1880 2386 poetarum
1816 1862 1877 2087 operibus
1831 1707 1862 1818 esse
1814 1329 1878 1675 intelligebant,

1908 2831 1962 2980 atque
1900 2440 1961 2787 Aristophanes
1912 2177 1959 2396 quoque,
1910 2025 1941 2120 non
1893 1852 1955 1981 quod
1894 1530 1956 1807 importune
1890 1329 1955 1488 philo-

1979 2755 2043 2977 sophiam
1977 2432 2035 2721 adhibuerit,
1976 2306 2023 2395 sed
1974 2157 2037 2285 quod
1973 1940 2020 2131 omnino
1971 1628 2031 1922 adhibuerit,
1972 1547 2019 1592 ei
1969 1326 2018 1513 crimini

2059 2802 2118 2979 vertit,
2073 2596 2119 2755 neque
2060 2363 2103 2550 tantum
2070 2300 2099 2328 a
2054 2044 2110 2266 theam-0,
2051 1902 2099 1989 sed
2051 1713 2099 1858 etiam
2066 1642 2098 1668 a
2049 1411 2098 1606 civitate
2052 1326 2096 1375 et

2154 2951 2185 2979 a
2138 2821 2185 2918 vita
2136 2569 2184 2786 studium
2135 2430 2183 2534 eius
2132 2169 2181 2394 exsulare
2132 1986 2178 2135 iubet.

2216 2718 2262 2846 Dum
2215 2468 2263 2693 obvoluto
2213 2281 2276 2442 capite
2212 2092 2275 2260 regina
2210 1841 2273 2065 quiescit,
2210 1629 2257 1806 chorus
2208 1324 2271 1602 quaerendo

2313 2919 2343 2979 ex
2295 2698 2343 2884 nutrice
2299 2486 2341 2664 statum
2307 2288 2339 2452 rerum
2290 1982 2338 2253 accuratius
2304 1653 2350 1947 cognoscere
2288 1427 2346 1621 studet,
2287 1325 2334 1391 si-

2375 2778 2436 2978 mulque
2373 2603 2419 2729 hanc
2373 2303 2427 2557 hortatur,
2375 2167 2428 2251 ut,
2368 1918 2431 2129 quamvis
2368 1802 2414 1883 illa
2369 1525 2415 1768 obstinato
2367 1323 2413 1481 animo

2468 2826 2517 2978 genus
2450 2634 2499 2791 morbi
2464 2277 2511 2599 caussamque
2448 2090 2505 2240 celet,
2448 1999 2494 2046 vi
2451 1655 2508 1948 extorquere
2462 1456 2493 1625 verum
2460 1324 2492 1406 co—

2538 2820 2579 2976 netur.
2529 2577 2591 2755 Incipit
2528 2387 2590 2533 igitur
2543 2099 2589 2333 quaerere
2526 1892 2573 2051 nutrix
2525 1549 2572 1856 cautissime:
2525 1452 2572 1502 in
2540 1323 2586 1418 qua

2610 2692 2674 2976 quaestione
2608 2544 2654 2657 dum
2608 2382 2654 2511 forte
2606 2094 2669 2353 Hippolyti
2604 1944 2652 2059 sacit
2605 1600 2662 1911 mentionem,
2602 1324 2659 1565 Phaedra,

2698 2748 2751 2975 tanquam
2687 2424 2734 2700 vehementi
2686 2206 2731 2375 dolore
2684 1954 2743 2158 affecta,
2684 1646 2731 1905 exclamat:
2681 1469 2744 1599 quod
2680 1321 2727 1421 odii

2771 2784 2831 2975 signum
2782 2638 2814 2748 esse
2770 2431 2829 2605 putans
2765 2231 2811 2395 nutrix
2762 2081 2809 2199 nihil
2762 1768 2823 2046 quaerendo
2760 1318 2821 1734 coniectandoque

2846 2759 2911 2972 proficit.
2844 2562 2891 2690 Tum
2845 2467 2890 2527 ad
2858 2261 2905 2432 preces
2856 1990 2888 2225 conversa
2842 1765 2904 1969 supplex
2857 1575 2905 1730 genua
2838 1319 2887 1543 dominae

2925 2753 2988 2975 amplexa
2924 2450 2984 2719 dextraque
2922 2170 2985 2415 prehensa
2922 1889 2980 2137 obsecrat,
2925 1800 2966 1852 ut
2935 1571 2977 1770 verum,
2917 1319 2981 1535 quamvis

3005 2796 3053 2975 malum
3004 2680 3062 2761 sit,
3002 2409 3050 2646 fateatur:
3001 2219 3047 2373 maius
3000 2058 3046 2185 enim
2999 1842 3057 2038 malum,
3014 1663 3059 1806 quam
2997 1441 3044 1635 domina
2995 1319 3059 1419 pri-

3085 2858 3143 2974 vari,
3082 2602 3129 2821 accidere
3082 2494 3127 2585 sibi
3096 2322 3141 2468 posse
3084 2140 3141 2298 negat.
3078 1839 3140 2071 Sequitur
3077 1657 3140 1806 igitur
3079 1512 3138 1624 post
3077 1320 3123 1484 amba-

3178 2884 3226 2971 ges
3160 2603 3222 2835 quasdam
3158 2310 3205 2556 consessio
3156 1941 3203 2263 verecundiae
3155 1754 3202 1897 laude
3155 1472 3202 1717 excellens
3170 1320 3202 1435 con-

3243 2715 3300 2969 tinensque
3238 2428 3284 2674 celebrata
3238 2287 3283 2391 illa:
3236 2131 3291 2240 πῶς
3232 2037 3282 2101 ἂν
3232 1936 3281 2001 σύ
3250 1812 3296 1903 μοι
3229 1589 3292 1779 λέξειας
3225 1448 3295 1549 ‘oasa
3230 1317 3297 1415 χρὴ

3316 2776 3381 2969 atym&
3322 2689 3363 2737 et
3319 2557 3363 2655 σοῦ
3314 2382 3374 2522 τάδ’,
3313 2236 3363 2331 οὐκ
3312 2062 3376 2190 ἐμοῦ
3312 1844 3370 2028 κλύεις.
3313 1667 3373 1772 Qua
3313 1315 3360 1622 confessione

3400 2826 3465 2968 plane
3400 2454 3444 2790 consternatur
3395 2234 3452 2421 nutrix,
3398 1927 3455 2182 morteque
3393 1754 3455 1893 peius
3392 1544 3438 1719 malum
3392 1461 3438 1505 ei
3406 1316 3437 1427 esse

3479 2759 3534 2967 videtur,
3492 2578 3538 2721 quum
3474 2244 3537 2555 turpissimae
3472 2005 3534 2217 cupidini
3470 1572 3519 1981 modestissimam
3470 1316 3517 1547 seminam

3557 2717 3605 2969 obnoxiam
3570 2583 3601 2693 csse
3554 2374 3609 2559 videat3
3568 2181 3614 2337 neque
3553 2002 3598 2156 minus
3552 1824 3597 1975 choro
3550 1728 3597 1788 ad
3550 1429 3611 1694 perniciem
3563 1314 3595 1395 res

3641 2800 3699 2968 aperte
3634 2553 3681 2755 tendere
3632 2292 3681 2498 videtur.
3630 2085 3676 2211 'l'nm
3630 1862 3676 2035 mentis
3644 1667 3676 1806 sensa
3633 1568 3675 1620 et
3627 1312 3675 1515 consilia

3714 2775 3763 2969 uberius
3713 2520 3759 2739 Phaedra
3711 2248 3773 2474 explicat.
3710 1877 3757 2179 Intellexisse
3724 1776 3754 1830 se
3707 1444 3755 1721 meditando
3708 1313 3765 1397 ait,

3809 2872 3841 2966 non
3798 2740 3839 2839 tam
3791 2540 3838 2707 iudicii
3792 2394 3837 2506 vitio
3805 2215 3851 2357 quam
3794 1978 3836 2179 naturae
3787 1588 3845 1945 imbecillitate,
3803 1431 3834 1542 cum
3790 1313 3833 1396 aut

3873 2765 3920 2967 inertiae
3875 2636 3917 2718 aut
3870 2349 3931 2587 voluptati
3874 2231 3915 2313 aut
3868 2076 3915 2199 salso
3868 1851 3914 2040 cuidam
3867 1643 3930 1816 pudori
3866 1314 3929 1610 indulgeant,

3950 2734 3999 2963 mortales
3950 2438 4012 2699 plerosque
3963 2199 4010 2404 peccare
3952 2115 3995 2163 et
3947 2021 3994 2081 ad
3947 1801 3993 1985 scelera
3946 1461 4007 1767 suscipienda
3961 1313 4007 1426 pro-

4045 2876 4077 2963 nos
4043 2720 4078 2846 esse.
4028 2561 4074 2651 His
4029 2385 4090 2529 igitur
4027 2150 4087 2367 cognitis,
4042 2031 4073 2124 non
4026 1795 4088 2012 potuisse
4025 1664 4083 1771 sibi,
4030 1574 4071 1625 ut
4024 1312 4084 1547 flagitium

4107 2812 4154 2961 invita
4108 2423 4166 2777 committeret,
4106 2135 4154 2374 accidere.
4104 1904 4167 2069 ltaque
4108 1596 4167 1855 postquam
4119 1507 4150 1561 se
4117 1311 4149 1475 amore

4186 2666 4234 2962 vulneratam
4202 2529 4233 2639 esse
4187 2282 4243 2505 senserit,
4185 1892 4244 2243 considerasse,
4199 1661 4245 1865 quanam
4184 1448 4230 1635 ratione
4197 1313 4228 1422 eum

4264 2826 4314 2961 ferre
4270 2627 4329 2794 posset
4266 2239 4316 2594 honestissime.
4264 2107 4313 2171 Et
4264 1852 4327 2059 primum
4262 1609 4326 1806 quidem
4260 1311 4310 1564 celandum
