5010 3336
3848 2126 3903 2249 462

3712 1480 3770 1522 ὦ
3697 1555 3763 1728 θνητὰ
3695 1760 3761 2040 πράγματ’,
3708 2080 3766 2120 ὦ
3691 2153 3752 2450 γυναικεῖαι
3686 2485 3753 2690 φρένες,

3631 1477 3682 1608 ὅσον
3613 1641 3681 1849 νόσημα
3611 1883 3681 1980 τὴν
3610 2016 3676 2229 Κύπριν
3604 2264 3671 2576 κεκτήμεθα.

3536 1473 3597 1594 φεῦ,

3451 1475 3521 1582 ὅσῳ
3469 1617 3519 1676 τὸ
3451 1711 3517 1854 θῆλυ
3447 1891 3518 2297 δυςτυχέστερον
3447 2331 3513 2485 γένος

3374 1470 3440 1708 πέφυκεν
3370 1742 3437 1986 ἀνδρῶν·
3383 2023 3436 2080 ἔν
3381 2113 3414 2166 τε
3380 2201 3428 2338 τοῖσι
3364 2370 3430 2471 γὰρ
3367 2507 3426 2687 καλοῖς

3290 1469 3355 1646 πολλῷ
3291 1683 3359 1967 λέλειπται,
3301 2004 3352 2131 καπὶ
3289 2166 3346 2275 τοῖς
3281 2314 3349 2549 αἰσχροῖς
3294 2582 3347 2769 πλέον·

3136 1466 3196 1544 τίς
3132 1579 3202 1682 ἄρα
3127 1717 3194 1885 μήτηρ
3126 1921 3192 1953 ἢ
3124 1989 3191 2158 πατὴρ
3137 2196 3189 2363 κακὸν
3120 2398 3186 2531 μέγα

3050 1466 3114 1681 βροτοῖς
3048 1716 3115 1879 ἔφυσε
3060 1912 3113 2006 τὸν
3043 2042 3109 2359 δυςώνυμον
3039 2395 3103 2638 φθόνονς

2983 1465 3029 1575 ποῦ
2982 1611 3031 1701 καί
2981 1734 3028 1848 ποτ’
2979 1887 3029 2021 οἰκεῖ
2961 2052 3025 2290 σώματος
2958 2324 3024 2499 λαχὼν
2958 2533 3024 2722 μέροςς

2903 1466 2955 1523 έν
2888 1558 2952 1735 χερσὶν
2885 1767 2951 1800 ἢ
2882 1838 2948 2212 σπλάγχνοισιν
2879 2246 2945 2279 ἢ
2879 2315 2932 2436 παρ’
2877 2474 2939 2681 ὄμματα

2821 1460 2872 1574 ἔσθ’
2806 1610 2880 1766 ἧμιν,·
2808 1804 2869 1874 ὠς
2802 1908 2873 1977 ἧν
2800 2010 2866 2214 μόχθος
2799 2251 2865 2447 ἰατροῖς
2795 2481 2862 2658 μέγας,

2727 1460 2787 1649 τομαῖς
2722 1682 2790 1931 ἀφαιρεῖν
2720 1965 2786 1997 ἢ
2723 2033 2779 2218 ποτοῖς
2717 2254 2783 2285 ἢ
2717 2324 2781 2624 φαρμάκοις

2659 1456 2708 1644 πασῶν
2640 1677 2707 1922 μεγίστην
2654 1956 2702 2064 τῶν
2652 2099 2704 2157 ἐν
2637 2192 2702 2499 ἀνθρώποις
2647 2532 2700 2727 νόσων.

2565 1327 2628 1486 Negat
2578 1538 2610 1593 se
2577 1639 2620 1738 tam
2573 1787 2622 2046 obfirmato
2571 2095 2618 2255 animo
2554 2302 2614 2503 tamque
2569 2554 2617 2727 audaci
2555 2762 2601 2903 esse,
2566 2950 2609 3005 ut

2499 1324 2543 1459 tanto
2496 1508 2547 1726 facinore
2493 1770 2541 2033 commisso
2475 2070 2538 2359 adspectum
2490 2396 2536 2486 viri
2487 2521 2536 2735 tolerare
2487 2771 2530 2820 et
2486 2854 2534 3004 simu-

2418 1324 2466 1508 latione
2415 1545 2464 1850 innocentiae
2412 1887 2459 2047 scelus
2395 2085 2452 2257 tegere
2392 2294 2455 2481 possit:

2335 1455 2385 1644 πολλοί
2319 1676 2367 1734 γε
2316 1768 2381 1983 θνητῶν
2314 2018 2374 2089 τῷ
2315 2124 2378 2313 θρασεῖ
2317 2348 2378 2437 τὰς
2310 2474 2378 2754 συμφορὰς

2241 1451 2304 1660 ζητοῦσ’
2238 1697 2304 1985 ἀμαυροῦν
2233 2019 2299 2485 κάποκρύπτεσθαι
2244 2518 2295 2670 κακά.

2161 1321 2226 1499 Optat,
2173 1552 2214 1607 ut
2173 1654 2214 1738 aut
2172 1785 2219 1832 in
2168 1882 2213 2044 terrae
2165 2093 2213 2344 altissimis
2149 2396 2212 2644 speluncis
2164 2682 2213 2848 autin
2149 2885 2198 2998 pro-

2096 1319 2146 1471 fundo
2094 1526 2140 1648 mari
2092 1709 2124 1762 se
2087 1814 2136 2117 abscondere
2070 2164 2131 2346 possit3
2071 2411 2126 2662 postremo
2085 2707 2132 2876 furore
2084 2922 2132 2997 di-

2016 1315 2064 1494 vinitus
2014 1546 2061 1768 immisso
2010 1817 2058 2083 bacchatur
2008 2126 2049 2173 et
2007 2219 2053 2412 sublato
2006 2461 2053 2510 in
2006 2561 2037 2731 manus
2005 2780 2052 2884 filio
2005 2934 2052 2996 ad

1937 1314 1983 1463 maris
1935 1500 1983 1665 littora
1934 1702 1965 1756 se
1915 1792 1978 2021 proripit,
1929 2057 1975 2105 in
1927 2143 1973 2297 undas
1911 2326 1958 2504 corpus
1926 2529 1957 2589 ex
1911 2623 1958 2749 rupe
1912 2786 1973 2994 quadam

1856 1313 1904 1588 demissura
1840 1617 1903 1685 *).
1851 1763 1900 2015 Reversus
1848 2064 1896 2112 in
1847 2150 1879 2346 scenam
1846 2383 1893 2617 Athamas
1846 2653 1892 2831 atrocia
1846 2867 1892 2993 mala

1777 1312 1809 1401 sua
1775 1436 1807 1579 manu
1761 1603 1821 1799 effecta,
1770 1826 1817 2067 atrociora
1767 2102 1800 2310 uxorum
1766 2346 1814 2674 aemulatione
1749 2709 1807 2994 perpetrata

1682 1311 1742 1563 cognoscit
1694 1609 1735 1657 et
1691 1702 1741 1915 deletam
1676 1970 1737 2160 prolem
1672 2212 1728 2466 totamque
1686 2514 1734 2713 domum
1685 2771 1734 2990 funditus

1616 1310 1648 1531 eversam
1613 1568 1647 1679 esse
1596 1713 1660 1941 intelligit
1595 1960 1660 2057 **).
1608 2122 1656 2278 Simul
1607 2317 1653 2443 enim
1605 2480 1654 2853 interfectorum
1605 2880 1636 2989 cor-

1519 1306 1583 1507 poribus
1517 1546 1578 1825 conspectis
1530 1863 1578 1924 de
1528 1959 1575 2140 mutuis
1526 2180 1558 2386 uxorum
1525 2421 1573 2613 insidiis
1525 2649 1556 2675 a
1524 2713 1572 2863 choro
1525 2901 1572 2989 do-

1445 1308 1498 1479 cetur,
1437 1533 1501 1779 simulque
1449 1821 1496 2015 nuntius
1449 2064 1479 2092 a
1430 2125 1494 2461 promontorio
1443 2494 1492 2696 veniens
1443 2732 1492 2795 de
1442 2830 1493 2987 [nonis

1374 1305 1418 1465 morte
1374 1500 1405 1611 eum
1369 1649 1418 1911 certiorem
1368 1947 1417 2095 facit:

1147 1357 1201 1405 ἶ34)
1157 1436 1200 1588 Schol.
1141 1616 1197 1843 Aristoph.
1138 1871 1193 2003 Vesp.
1149 2036 1194 2172 1413:
1149 2214 1194 2307 ’[νὼ
1147 2341 1191 2390 δὲ·
1147 2419 1192 2537 κατὰ
1134 2567 1191 2704 χόλον
1135 2726 1193 2872 ’Ήρας
1135 2899 1174 2983 μα·

1087 1438 1126 1566 νεῖσοι
1071 1592 1129 1778 ἔῤῥιψεν
1068 1810 1125 1958 αὐτὴν
1071 1989 1121 2053 εἰς
1076 2080 1121 2324 θάλασσαν
1065 2353 1122 2448 ἅμα
1063 2478 1119 2541 τῷ
1061 2572 1118 2659 υἱῷ
1065 2691 1121 2853 αῧτῆς,
1076 2877 1116 2983 Με-

1002 1437 1058 1632 λικέρτῃ.
1002 1691 1059 1856 Έμίσει
995 1886 1053 1970 γὰρ
1001 2002 1053 2177 πάντας
999 2207 1050 2316 τοὺς
993 2350 1048 2580 Θηβαίους
994 2610 1051 2637 ἦ
994 2670 1054 2815 ‘'HQ‘’
1006 2858 1051 2979 διότι

934 1436 992 1541 παρ’
937 1573 991 1731 αὐτοῖς
927 1762 986 1925 ἐτέχθη
939 1958 984 1981 ὁ
930 2014 981 2253 Διόνυσος.

866 1326 920 1405 ssss)
874 1438 918 1765 Grammaticus
860 1790 912 1971 quidam
868 1999 909 2041 in
866 2071 908 2279 biblioth.
866 2302 908 2549 litterarum
856 2579 909 2860 antiquarum
866 2886 904 2978 stu-

792 1437 848 1697 (limumque
799 1730 842 1900 classic.
799 1932 839 1969 7.
785 2003 823 2046 p.
797 2078 839 2131 5:
788 2186 839 2303 τινὲς
795 2343 840 2461 οἶκοι
795 2504 840 2753 οένοῖστατοι
795 2783 838 2861 δια
783 2892 820 2974 γυ-

726 1432 774 1595 ναῒκας
721 1635 777 1839 ἐγένοντο
738 1881 745 1937 -—
734 1978 744 2034 -—
724 2078 769 2103 ὁ
712 2140 770 2339 Ἀθοῖμας
724 2379 770 2457 δια
712 2498 770 2581 τὴν
712 2614 766 2865 Θεμιστοῦς
711 2893 765 2975 τῆς

654 1431 714 1605 Υψέως
650 1633 705 1889 ἐπιγαμιᾞαν
