5010 3336
1305 675 1311 677 ,
1329 670 1482 678 .,»,-μμ<»«.
1496 670 1520 676 --ν
1534 670 1548 674 ν
1575 671 1580 674 -

3831 2088 3888 2211 278

3684 1441 3747 1718 „Di.z·erat,
3679 1756 3740 1910 atque
3676 1943 3742 2054 ipso
3675 2083 3735 2355 portarum
3691 2390 3739 2445 in
3689 2481 3739 2658 limine
3670 2691 3720 2863 regem

3605 1443 3667 1632 Cernit,
3617 1670 3659 1720 et
3614 1757 3657 1960 ostensa
3595 1987 3644 2172 pacem
3594 2204 3658 2482 praefatur
3608 2518 3657 2670 oliva.

3522 1446 3587 1662 Magna,
3523 1700 3567 1829 reor,
3517 1859 3581 2065 pridem
3531 2101 3573 2295 vestras
3513 2325 3577 2565 pervenit
3528 2605 3578 2672 ad
3527 2711 3560 2859 aures

3457 1437 3506 1605 Fama
3455 1639 3502 1798 trucis
3444 1835 3502 1980 belli,
3434 2030 3483 2209 regum
3433 2238 3499 2619 placidissime,
3431 2675 3496 2809 quod
3445 2842 3479 2977 nunc

3358 1433 3427 1802 Europamque
3353 1836 3422 2118 Asiamque
3353 2152 3417 2352 quatit”
3368 2391 3413 2485 etc.

3297 1304 3347 1494 Deinde
3297 1532 3329 1707 nomen
3295 1746 3327 1885 suum
3280 1925 3338 2085 prodit
3295 2122 3338 2172 et
3294 2207 3326 2425 caussam
3293 2463 3340 2568 viae
3291 2605 3340 2765 fictam
3275 2804 3338 2974 refert,

3201 1433 3265 1768 „Explorare
3216 1804 3263 1976 aditus
3197 2011 3262 2276 invisaque
3213 2308 3261 2486 littora
3199 2528 3260 2728 Troiae,

3125 1437 3187 1635 Quidve
3120 1663 3186 1910 parent.’'

3042 1303 3108 1505 Excipit
3058 1538 3089 1653 rex:

2968 1434 3026 1733 „Annuerit
2965 1772 3027 2020 Fortuna,
2960 2052 3009 2252 precor,
2958 2290 3025 2562 dextrique
2970 2595 3020 2877 secundent

2898 1431 2946 1543 Ista
2898 1578 2946 1676 dei.
2897 1751 2946 1906 Nunc
2879 1941 2944 2158 hospitio
2897 2193 2927 2308 mea
2896 2343 2938 2482 tecta
2875 2516 2925 2784 meumque

2818 1432 2866 1701 Illustrote
2817 1736 2865 1911 larem.
2817 1986 2865 2153 Simul
2817 2188 2863 2328 intra
2815 2364 2863 2542 limina
2812 2579 2861 2775 ducit.’'

2738 1429 2788 1603 Prodit
2726 1633 2785 1832 chorus,
2725 1871 2783 2109 „comites
2721 2136 2783 2342 pudicae
2734 2369 2782 2628 natarum''
2716 2666 2778 2822 regis:
2730 2858 2762 2967 nam

2645 1432 2706 1659 „Rumor
2657 1696 2703 1749 in
2654 1786 2687 1982 arcana
2655 2020 2702 2122 iam
2656 2158 2703 2349 dudum
2636 2379 2699 2661 perstrepit
2640 2699 2699 2838 aula,

2562 1440 2627 1731 Virginibus
2558 1766 2606 1868 qua
2558 1891 2623 2011 fida
2564 2048 2623 2237 domus,
2574 2275 2621 2475 venisse
2556 2513 2622 2785 Pelasgum

2498 1429 2547 1682 Ductores
2477 1723 2544 2032 Graiamque
2494 2066 2534 2230 ratem
2476 2264 2541 2523 sociosque
2475 2559 2541 2837 receptos.’'

2419 1424 2467 1516 His
2418 1554 2465 1622 sic
2417 1658 2463 1777 actis
2399 1802 2461 2094 colloquium
2397 2126 2457 2245 puto
2414 2270 2462 2476 Achillis
2399 2511 2455 2657 atque
2409 2687 2458 2971 Deidamiae

2337 1295 2382 1517 secutum
2337 1555 2368 1679 esse.
2335 1747 2381 1871 Nam

2246 1422 2307 1613 „Haec
2256 1648 2304 1793 illum
2239 1828 2297 2005 stupro
2237 2043 2299 2288 comperit
2252 2326 2283 2433 esse
2252 2468 2298 2663 virum”
2239 2691 2302 2756 ²⁸).

2179 1292 2228 1418 Dum
2161 1453 2215 1628 pavent
2161 1663 2223 1874 virgines
2174 1910 2222 2116 militum
2160 2152 2219 2440 adventum,
2172 2493 2219 2571 vix
2172 2622 2203 2744 nova
2157 2794 2217 2965 gaudia

2099 1292 2147 1484 celabat
2082 1518 2145 1706 Pyrrha
2097 1744 2141 1842 sive
2095 1879 2141 2111 Achilles·
2094 2178 2141 2312 Idem
2093 2341 2139 2558 convivio
2092 2583 2140 2830 adhibitus
2090 2856 2122 2963 cum

2003 1290 2067 1554 virginibus
2018 1589 2059 1688 tam
2017 1726 2049 1779 se
2000 1813 2063 1968 gessit
1999 2002 2062 2425 intemperantem,
2001 2462 2056 2536 ut7

1928 1542 1984 1677 „nisi
1918 1705 1983 2051 praecipitem
1934 2089 1983 2274 blando
1915 2311 1979 2578 complexa
1931 2613 1973 2841 moneret

1857 1421 1907 1701 Deidamia
1847 1734 1903 1867 sinu,
1837 1906 1903 2205 nudataque
1837 2232 1894 2451 pectora
1836 2485 1884 2685 semper

1758 1418 1827 1780 Exsertasque
1775 1814 1806 1996 manus
1756 2031 1822 2360 humerosque
1773 2394 1819 2449 in
1773 2482 1814 2623 veste
1758 2658 1814 2876 teneret,

1698 1417 1747 1495 Ec
1680 1525 1744 1738 prodire
1695 1772 1741 1899 toris
1694 1936 1735 1984 et
1677 2020 1725 2230 poscere
1693 2265 1740 2387 vina
1692 2421 1733 2619 vetaret

1600 1420 1667 1660 Saepius,
1616 1699 1656 1748 et
1599 1770 1661 1943 fronti
1613 1980 1660 2176 crinale
1596 2211 1653 2484 reponeret
1600 2522 1643 2721 aurum,

1520 1418 1585 1681 Argolicis
1534 1717 1583 1928 ducibus
1534 1961 1579 2067 iam
1533 2102 1574 2209 tum
1516 2237 1579 2495 patuisset
1531 2528 1581 2809 AchilleS.''

1456 1284 1505 1395 Hoc
1456 1428 1503 1608 timore
1454 1643 1497 1774 mota
1454 1812 1500 2043 maturius
1453 2081 1502 2330 Deidamia
1436 2365 1500 2622 Pyrrham,
1435 2658 1481 2781 quae
1449 2821 1498 2956 vide-

1367 1285 1425 1457 batur,
1377 1507 1408 1535 e
1374 1585 1422 1799 convivio
1373 1854 1422 2074 abduxit.
1373 2143 1421 2258 lude
1372 2304 1420 2544 Achillem
1370 2582 1416 2640 ab
1371 2676 1413 2833 amata
1370 2868 1417 2955 ob-

1280 1282 1345 1525 iurgatum
1296 1561 1327 1673 esse
1278 1722 1341 2083 monitumque,
1293 2138 1336 2193 ut
1292 2227 1339 2494 modestius
1291 2530 1324 2583 se
1276 2617 1333 2836 gereret,
1291 2873 1322 2954 su-

1202 1281 1265 1469 spicor-3
1215 1507 1264 1643 illum
1214 1680 1256 1845 contra
1200 1866 1224 1879 ,
1213 1912 1261 1979 nil
1211 2014 1254 2262 curantem
1195 2299 1258 2737 exprobrationem,
1210 2772 1259 2952 lusisse

1124 1280 1185 1620 petulantem:

1046 1409 1107 1605 „Nunc
1055 1640 1103 1833 levibus
1040 1866 1099 2035 sertis,
1034 2072 1099 2229 lapsis
1051 2263 1084 2398 nunc
1034 2430 1094 2612 sponte
1038 2648 1099 2904 canistris,

977 1412 1027 1570 Nunc
960 1604 1025 1773 thyrso
958 1800 1013 2051 parcente
955 2073 1017 2225 ferit.
972 2300 1021 2455 Modo
972 2490 1021 2663 dulcia
971 2697 1013 2853 notae

897 1410 947 1533 Fila
880 1568 945 1713 lyrae
874 1748 936 2029 tenuesque
889 2062 939 2234 modos
890 2272 933 2320 et
889 2359 938 2589 carmina
888 2623 933 2871 monstrat

727 1331 781 1380 ”f)
735 1411 779 1540 ovid.
735 1571 777 1623 A.
734 1654 777 1704 A.
723 1736 775 1769 1,
732 1798 775 1896 698.
