5010 3336
1133 2144 1186 2259 431

1286 2895 1334 3020 duce
1283 2708 1331 2860 ariete
1284 2447 1338 2673 cornuto,
1277 2068 1341 2397 pascentium,
1274 1878 1336 2020 plena
1271 1683 1318 1833 ubera
1268 1369 1318 1638 balantibus

1365 2884 1427 3019 agnis
1361 2478 1418 2822 referentium,
1356 2158 1405 2413 custodum
1354 1889 1414 2096 denique
1349 1624 1412 1832 pellibus
1348 1369 1411 1576 caprinis

1444 2700 1497 3017 afflictorum,
1440 2519 1485 2645 inter
1436 2170 1484 2471 saltationem
1434 1991 1480 2113 ultro
1432 1722 1490 1941 citroque
1428 1368 1484 1677 cursantium,

1519 2715 1569 3015 adhortando
1518 2343 1579 2666 minandoque
1529 2113 1575 2290 pecora
1513 2031 1558 2079 in
1509 1810 1555 1997 stabula
1506 1367 1570 1775 compellentium.

1601 2904 1660 3013 Quo
1599 2688 1645 2855 labore
1597 2506 1644 2641 finito
1594 2310 1656 2455 satyri
1594 2147 1638 2274 hunc
1606 1950 1636 2113 rerum
1603 1720 1635 1914 suarum
1592 1510 1632 1687 statum
1601 1366 1631 1474 eum

1678 2851 1740 3015 priore
1676 2522 1724 2828 conferentes
1672 2193 1721 2487 desiderium
1669 1910 1716 2156 declarant
1665 1507 1711 1877 laetissimarum
1665 1364 1710 1478 bac-

1757 2708 1810 3014 chathmum,
1771 2528 1816 2671 quum
1753 2348 1799 2491 modo
1750 2254 1796 2314 ad
1748 2059 1796 2218 fontes
1745 1682 1809 2025 frigidissimos
1743 1361 1790 1647 recumben-

1842 2940 1883 3013 tes
1836 2798 1882 2905 vino
1834 2511 1881 2762 maderent
1831 2336 1877 2479 modo
1828 1982 1892 2301 nympharum
1839 1717 1871 1942 venerem
1827 1360 1879 1680 sectarentur,

1921 2671 1977 3013 tympanorum
1911 2431 1974 2637 strepitu
1908 2186 1955 2396 excitati.

1994 2681 2040 2879 [nterim
1990 2441 2051 2644 Ulysses
2004 2336 2034 2391 ac
1987 2167 2033 2286 socii
1985 2029 2031 2119 sub
1985 1866 2046 1982 ipsis
1983 1645 2029 1830 Aetnae
1981 1358 2028 1599 radicibus

2090 2980 2121 3008 e
2074 2722 2134 2919 regione
2070 2406 2132 2665 speluncae
2082 2185 2114 2351 navem
2063 1810 2127 2128 appulerunt,
2064 1596 2122 1741 atque
2061 1360 2106 1531 sumtis

2152 2885 2200 3010 vasis
2150 2591 2211 2850 urnisque,
2163 2396 2210 2542 quum
2147 2264 2193 2359 sint
2150 2166 2192 2215 et
2142 1832 2191 2124 cibariorum
2144 1747 2187 1797 et
2156 1556 2201 1711 aquae
2140 1358 2201 1523 indigi,

2231 2948 2279 3009 ad
2235 2785 2278 2915 tecta
2227 2518 2290 2749 Cyclopis
2229 2435 2273 2483 in
2224 2151 2287 2410 hospitalia
2221 1909 2271 2128 tendunt.
2220 1769 2266 1841 Ibi
2220 1532 2266 1735 salutato
2218 1353 2266 1515 Sileno

2326 2897 2358 3006 cum
2307 2660 2370 2862 satyris,
2322 2466 2369 2611 quum
2321 2243 2351 2417 nomen
2318 1972 2363 2209 casusque
2314 1826 2346 1938 suos
2298 1584 2359 1790 Ulysses
2298 1322 2345 1548 minime·

2389 2770 2444 3006 celasset,
2386 2475 2449 2721 cognoscit
2389 2251 2431 2431 terram
2400 2178 2429 2204 a
2382 2024 2429 2145 feris
2378 1700 2426 1973 hominibus
2376 1352 2439 1648 Cyclopibus

2467 2783 2525 3007 habitari,
2466 2666 2527 2747 qui
2464 2387 2526 2631 speluncis
2478 2264 2525 2353 pro
2461 2007 2509 2229 domibus
2463 1778 2507 1973 utentes
2472 1512 2521 1744 pecorum
2456 1351 2503 1478 fera-

2561 2797 2608 3002 rumque
2544 2515 2600 2761 earnibus,
2543 2340 2589 2466 laete
2547 2150 2603 2294 atque
2555 1959 2587 2100 caseo
2543 1631 2596 1913 vescantur,
2537 1432 2598 1582 ignari
2541 1348 2583 1397 et

2624 2803 2673 2999 Cereris
2629 2705 2671 2753 et
2622 2491 2670 2672 Bacchi
2622 2193 2676 2457 donorum,
2624 1929 2682 2155 expertes
2618 1732 2679 1893 legum
2620 1472 2677 1699 tantaque
2615 1349 2661 1439 im-

2704 2731 2767 3001 probitate,
2706 2629 2748 2682 ut
2717 2502 2748 2596 non
2706 2282 2747 2466 tantum
2699 1955 2745 2247 interficiant
2698 1670 2759 1922 hospites,
2695 1530 2741 1618 sed
2694 1346 2740 1495 etiam

2782 2776 2832 3000 carnibus
2780 2380 2827 2749 interfectorum
2782 2083 2826 2356 vescantur.
2778 1824 2837 2009 Quibus
2776 1596 2837 1799 cognitis
2773 1345 2835 1570 Ulysses,

2867 2918 2922 2999 ut,
2861 2599 2924 2882 priusquam
2875 2536 2905 2564 e
2862 2331 2905 2503 venatu
2856 2085 2918 2295 Cyclops
2856 1814 2913 2047 redierit,
2870 1635 2916 1777 quam
2853 1343 2900 1596 celerrime

2939 2786 3004 2998 peractis
2939 2676 2999 2751 iis,
2953 2434 3001 2638 quorum
2950 2236 2983 2406 caussa
2935 2070 2993 2214 venit,
2951 1868 2981 2034 navem
2934 1680 2991 1847 solvat,
2932 1483 2979 1645 Sileno
2948 1343 2995 1457 per-

3020 2794 3075 2998 suadet,
3023 2694 3065 2749 ut
3017 2304 3081 2661 permutatione
3014 2141 3061 2272 facta
3029 1994 3061 2107 eves
3051 1961 3073 1973 ‚
3013 1835 3060 1910 lac
3028 1532 3074 1801 caseosque
3012 1340 3058 1499 tradat

3114 2907 3164 2998 pro
3099 2736 3157 2872 vino,
3098 2556 3159 2686 quod
3113 2495 3143 2521 a
3095 2258 3142 2458 Marone
3098 1968 3155 2222 acceptum
3093 1884 3140 1934 in
3097 1742 3139 1852 utre
3091 1530 3139 1707 attulit.
3091 1342 3137 1461 Eam

3177 2671 3225 2995 conditionem
3191 2452 3237 2621 magna
3190 2296 3220 2405 cum
3173 2066 3219 2248 laetitia
3172 1845 3233 2021 accipit
3171 1581 3229 1801 Silenus,
3171 1450 3231 1530 qui
3170 1338 3217 1417 vel

3256 2841 3303 2993 odore
3255 2705 3301 2800 vini
3254 2462 3300 2660 naribus
3256 2258 3298 2415 tracto
3250 2062 3312 2208 gestit
3250 1743 3312 2018 voluptate,
3255 1501 3312 1697 gustato
3264 1340 3296 1455 vero

3335 2808 3382 2991 lascivit
3338 2722 3379 2773 et
3332 2530 3379 2690 valere
3331 2362 3377 2495 iubet
3330 2147 3375 2327 domini
3330 2051 3374 2097 in
3328 1686 3391 2015 stupidissima
3327 1490 3374 1651 fronte
3344 1338 3374 1455 ocu-

3415 2873 3472 2990 lum,
3413 2720 3475 2834 quin
3413 2544 3459 2684 etiam
3426 2454 3456 2507 se
3409 2114 3455 2419 venditurum
3408 2007 3454 2075 ait
3408 1763 3454 1973 omnium
3406 1460 3468 1725 Cyclopum
3422 1338 3468 1425 pe-

3493 2802 3551 2989 cuaria,
3492 2651 3538 2765 dum
3488 2463 3537 2614 semel
3488 2165 3534 2427 inebriatus
3487 1940 3549 2130 penitus
3486 1811 3532 1906 vim
3486 1598 3532 1776 sentiat
3485 1471 3531 1566 vini
3485 1338 3534 1437 Ve-

3572 2760 3632 2988 nerisque
3568 2488 3617 2725 stimulos.
3568 2295 3613 2420 Dum
3581 2200 3612 2259 ex
3571 2028 3612 2165 antro
3565 1801 3611 1990 Silenus
3580 1586 3627 1767 pecora
3570 1502 3611 1551 et
3563 1337 3611 1468 ciba-

3651 2916 3697 2989 ria
3650 2719 3707 2881 effert,
3648 2531 3710 2684 satyri
3647 2434 3693 2495 de
3646 2197 3702 2401 Helena,
3644 2048 3691 2160 belli
3644 1751 3691 2013 deterrima
3659 1521 3702 1716 caussa,
3659 1336 3705 1483 quae-

3732 2860 3787 2989 runt,
3744 2683 3791 2823 quam
3728 2518 3774 2648 aiunt
3725 2254 3772 2484 debuisse
3723 2085 3771 2230 Troia
3728 1780 3786 2054 expugnata
3724 1695 3770 1752 ab
3722 1440 3771 1659 omnibus
3723 1336 3770 1404 al-

3812 2847 3855 2986 terna
3808 2711 3854 2814 vice
3806 2450 3869 2676 stuprari.

3886 2682 3935 2856 Subito
3889 2444 3947 2644 apparet
3882 2197 3945 2425 CyclopS‚
3897 2016 3943 2161 quem
3881 1708 3929 1982 venientem
3881 1507 3929 1676 videns
3882 1334 3945 1485 Ulys-

3980 2906 4013 2984 ses
3965 2640 4028 2870 spelunca
3980 2551 4010 2604 se
3963 2337 4010 2517 abdere
3961 1982 4023 2284 dedignatur.
3960 1828 4008 1916 Ille
3962 1586 4023 1795 primum
3960 1332 4009 1549 Silenum

4060 2872 4091 2982 cum
4043 2643 4106 2837 satyris,
4058 2441 4090 2606 servos
4056 2271 4096 2403 suos,
4041 2017 4103 2235 increpat
4046 1910 4098 1982 et,
4056 1760 4087 1873 num
4055 1546 4102 1724 pecora
4045 1331 4099 1511 curata,

4137 2867 4169 2982 num
4123 2582 4184 2833 prandium
4126 2328 4184 2547 paratum
4120 2203 4179 2290 sit,
4134 2011 4166 2152 saevo
4120 1817 4167 1975 animo
4119 1552 4179 1782 vultuque
4120 1330 4180 1516 quaerit

4215 2919 4247 2980 ex
4200 2684 4248 2889 ridicule
4200 2175 4263 2649 obtemperantibus;
4198 1950 4246 2127 deinde
4198 1596 4260 1900 conspicatus
4197 1331 4259 1551 hospites

4282 2929 4327 2979 et
4283 2693 4343 2895 propter
4294 2576 4327 2659 eos
4294 2364 4343 2541 pecora
4277 2074 4326 2333 viminibus
4277 1760 4334 2038 constricta,
4277 1653 4324 1727 lac
4280 1566 4324 1617 et
4291 1332 4335 1542 caseum,
