5010 3336
3894 2048 3951 2170 196

3742 1257 3775 1363 rem
3745 1412 3794 1472 ab
3750 1525 3798 1620 illis
3751 1670 3801 1909 sublatam
3754 1955 3787 2068 esse
3754 2116 3787 2212 non
3757 2261 3801 2340 est
3757 2384 3805 2486 veri
3757 2523 3807 2699 simile.
3739 2769 3806 2943 Neque

3662 1257 3709 1386 enim
3651 1432 3714 1628 poterat
3672 1674 3719 1779 sine
3673 1824 3721 2087 manifesta
3675 2134 3717 2233 tam
3677 2281 3725 2459 nefarii
3676 2506 3723 2710 sceleris
3675 2761 3722 2944 ultione

3569 1255 3634 1510 tragoedia
3581 1545 3640 1791 concludi,
3592 1827 3640 1870 si
3576 1902 3641 2198 supplicium
3579 2236 3643 2520 exegissent
3584 2555 3643 2603 ii,
3581 2640 3642 2815 quibus
3594 2837 3640 2944 exi-

3485 1256 3553 1402 gendi
3506 1435 3556 1622 nullum
3511 1656 3558 1733 ius
3497 1769 3543 1928 neque
3495 1962 3555 2184 potestas
3512 2222 3557 2344 erat.

3411 1389 3475 1748 Aristophanes
3430 1785 3477 1848 ad
3431 1882 3478 2008 hanc
3432 2044 3480 2260 fabulam
3418 2294 3482 2517 respexit
3422 2553 3481 2656 bis,
3418 2695 3481 2864 Equit.
3432 2901 3465 2945 v.

3343 1259 3390 1406 1299.
3346 1443 3388 1495 et
3347 1531 3395 1659 Nub.
3348 1697 3381 1739 v.
3340 1774 3395 1885 43„
3351 1936 3399 2183 cavillatus
3353 2230 3394 2394 autem
3353 2432 3384 2539 eam
3353 2577 3393 2652 est
3337 2687 3384 2944 nusquam.

3256 1257 3313 1575 Aristoteles,
3252 1611 3300 1706 quo
3270 1734 3316 1842 loco
3253 1871 3319 2405 praestantissimarum
3272 2434 3304 2640 numero
3271 2665 3319 2944 fabularum

3181 1259 3215 1372 esse
3184 1406 3233 1534 dixit
3179 1567 3219 1681 eas,
3174 1724 3236 1902 quibus
3190 1953 3238 2268 Alcmaeonis
3194 2316 3240 2442 mala
3175 2486 3231 2830 argumentum
3190 2867 3222 2945 es-

3101 1259 3146 1371 sent
3089 1405 3152 1567 (Poet.
3107 1603 3137 1645 c.
3090 1684 3154 1808 13.>‚
3108 1843 3141 1938 non
3093 1973 3152 2228 postremo
3112 2262 3159 2434 harum
3112 2474 3160 2580 loco
3095 2616 3158 2842 posuisse
3110 2874 3157 2946 vi-

3021 1259 3068 1406 detur
3010 1457 3074 1712 Euripidis
3026 1764 3075 2134 Alcmaeonem.
3030 2215 3078 2351 Idem
3014 2400 3077 2681 improbans
3020 2726 3062 2947 caussas,

2925 1260 2990 1439 quibus
2944 1474 2994 1801 matricidium
2946 1836 2994 2105 Alcmaeon
2938 2139 2993 2376 excusat,
2950 2411 2981 2509 non
2935 2543 2997 2835 Euripidem
2949 2871 2997 2950 vi-

2845 1260 2911 1519 tuperavit,
2865 1556 2912 1644 sed
2849 1680 2898 1940 personam
2857 1969 2918 2036 *).
2869 2107 2917 2160 lu
2869 2195 2915 2382 honore
2868 2417 2917 2573 fuisse
2853 2608 2916 2738 apud
2853 2772 2917 2948 vulgus

2781 1260 2828 1389 hanc
2769 1428 2832 1732 tragoediam
2785 1768 2828 1980 testatur
2777 2010 2836 2150 Attii,
2789 2184 2837 2233 in
2788 2259 2837 2591 Romanorum
2789 2620 2820 2727 eam
2788 2756 2836 2949 theatra

2693 1260 2751 1627 transferentis,
2689 1659 2754 2015 interpretatio.
2693 2085 2756 2438 Respexerunt
2709 2487 2755 2549 ad
2708 2583 2754 2790 eandem
2709 2826 2757 2949 Pro—

2605 1262 2670 1453 pertius
2611 1489 2672 1524 Ι,
2627 1551 2670 1611 14
2610 1637 2674 1769 (15),
2626 1794 2671 1870 15.
2626 1908 2669 1958 et
2627 1993 2677 2198 Ovidius
2628 2234 2676 2379 Rem.
2622 2416 2674 2549 455„
2627 2599 2676 2732 Fast.
2614 2762 2676 2821 ΙΙ,
2619 2848 2673 2949 43.,

2541 1263 2590 1387 Met.
2533 1414 2592 1499 lx,
2542 1526 2592 1641 411.

2253 1729 2311 1793 C.
2234 1892 2310 2494 Telephus.

2112 1401 2160 1456 In
2098 1502 2162 1845 cognoscenda
2115 1889 2162 2037 huius
2099 2078 2162 2363 tragoediae
2115 2400 2158 2643 structura
2116 2678 2165 2832 multa
2117 2866 2150 2956 nos

2030 1272 2079 1520 adiuvant.
2036 1589 2083 1747 Tanta
2036 1784 2083 1913 enim
2036 1950 2083 2043 fuit
2020 2078 2081 2240 operis
2020 2276 2082 2450 gloria,
2036 2488 2076 2541 ut
2036 2578 2083 2803 omnibus
2037 2837 2085 2956 locis

1938 1272 2000 1595 omnibusque
1940 1630 2003 1939 temporibus
1956 1985 1998 2036 et
1957 2071 2003 2129 ab
1956 2167 2004 2373 eruditis
1957 2409 1999 2460 et
1958 2495 1986 2523 a
1940 2557 2002 2703 vulgo
1956 2739 2003 2957 celebra-

1860 1270 1913 1429 retur,
1872 1465 1917 1598 tanta
1858 1632 1923 1958 praestantia,
1876 2007 1919 2060 ut
1876 2096 1908 2183 sua
1876 2219 1923 2399 virtute
1876 2436 1923 2727 oblivionem
1861 2766 1924 2957 effuge-

1790 1271 1838 1353 rit.
1792 1421 1841 1533 Hoc
1779 1580 1842 1910 intelligentes
1796 1955 1838 2058 tres
1796 2105 1843 2201 iam
1796 2248 1843 2340 viri
1796 2386 1843 2710 eruditissimi
1797 2744 1843 2806 ad
1780 2840 1828 2958 pur-

1694 1271 1759 1429 ganda
1701 1463 1761 1668 rudera,
1700 1719 1762 2049 conquirenda
1699 2098 1763 2499 disponendaque
1700 2550 1763 2851 fragmenta,
1716 2904 1747 2961 ac

1631 1275 1679 1506 damnum
1616 1555 1665 1646 per
1619 1692 1676 1970 temporum
1635 2015 1682 2245 iniuriam
1620 2281 1682 2649 scribarumque
1635 2683 1683 2961 socordiam

1540 1275 1598 1499 inlatum,
1537 1536 1597 1771 quantum
1555 1807 1602 1915 fieri
1539 1949 1597 2139 posset,
1555 2178 1602 2443 sanandum
1539 2480 1586 2678 operam
1554 2716 1602 2958 studium-

1456 1271 1503 1371 que
1471 1407 1520 1754 contulerunt:
1459 1808 1507 2015 quorum
1460 2052 1522 2242 primus
1475 2278 1522 2375 fuit
1475 2420 1523 2545 Geel
1475 2591 1522 2641 in
1475 2686 1522 2842 annal.
1475 2880 1523 2958 In-

1390 1276 1439 1439 st‘ituti
1377 1475 1440 1611 Belg.
1384 1651 1439 1815 1830„
1394 1851 1442 1973 alter
1394 1994 1443 2282 Welckerus
1395 2305 1443 2363 T.
1395 2390 1442 2444 ll.
1380 2475 1426 2525 p.
1396 2552 1442 2649 477
1381 2666 1428 2823 seqq„
1395 2858 1438 2960 ter-

1310 1275 1358 1378 tius
1312 1424 1359 1542 Otto
1313 1578 1361 1694 lahn
1313 1746 1360 1796 in
1298 1832 1362 2041 epistola
1315 2075 1363 2135 ad
1314 2171 1363 2485 Welckerum
1300 2523 1363 2803 germanice
1314 2838 1361 2962 scri-

1216 1278 1276 1364 pta
1233 1400 1279 1542 1841.
1233 1610 1280 1704 His
1234 1739 1265 1820 me
1219 1853 1276 2082 quartum
1220 2117 1283 2385 adiungens
1236 2422 1283 2471 in
1236 2505 1283 2733 auxilium
1235 2769 1267 2963 mecum

1153 1280 1201 1471 adduco
1152 1506 1201 1697 Attium
1138 1732 1197 1947 poetam,
1155 1983 1202 2042 ab
1154 2080 1201 2177 illis
1138 2212 1197 2451 spretum,
1141 2489 1187 2631 quem
1155 2668 1188 2764 non
1155 2804 1202 2961 solum

1062 1280 1121 1542 imitatum,
1075 1577 1124 1665 sed
1076 1702 1122 1846 etiam
1058 1882 1122 2254 interpretatum
1060 2296 1123 2549 Euripidis
1074 2584 1124 2800 fabulam
1076 2851 1108 2963 esse

993 1279 1041 1336 hi
993 1370 1026 1541 versus
995 1577 1039 1824 testantur
994 1859 1028 1968 cum
978 2003 1042 2195 graecis
994 2227 1042 2290 ad
995 2323 1045 2528 ve'rbum
994 2558 1043 2931 convenientes:

823 1351 872 1400 96)
833 1429 876 1609 Aristot.
835 1639 876 1744 Eth.
824 1775 876 1853 ΠΙ,
822 1876 875 1918 1,
834 1940 876 1993 S:
834 2038 877 2116 καὶ
821 2157 880 2244 γὰρ
835 2283 880 2367 τὸν
820 2400 879 2661 Εὐριπίδου
823 2690 880 2967 Ἀλκμαίωνα

751 1422 803 1578 γελοῖα
751 1607 806 1825 φαίνεται
764 1852 808 1911 τοὶ
752 1943 807 2269 ἀναγκάσαντα
750 2297 806 2681 μητροκτονῆσαι.
764 2712 807 2826 Ibid.
753 2847 808 2964 v,9=

681 1426 736 1565 λέγων
684 1589 741 1838 ἀτόπως.
692 1897 735 2007 Vide
691 2035 735 2207 Welck.
682 2238 721 2281 p.
694 2311 738 2409 579.
