5010 3336
3952 2119 4011 2239 216

3827 1327 3878 1378 in
3827 1414 3861 1499 sua
3810 1527 3874 1788 prudentia
3804 1816 3865 1967 atque
3797 2004 3866 2311 fortitudine,
3790 2349 3853 2576 tanquam
3800 2616 3851 2666 in
3779 2704 3843 2926 scopulo,
3790 2968 3839 3027 il-

3748 1325 3797 1417 liso
3731 1452 3793 1701 exercitu,
3738 1750 3790 1940 infecta
3735 1990 3767 2045 re
3730 2089 3781 2255 redire
3710 2304 3773 2556 coegisset
3700 2592 3770 2922 fecissetque,
3709 2971 3753 3027 ut

3668 1324 3716 1446 Asia
3648 1478 3716 1711 Europae
3654 1748 3705 2109 succumberet.
3649 2178 3698 2339 Huius
3631 2374 3694 2520 igitur
3623 2556 3687 2692 regis
3635 2728 3670 2858 nunc
3614 2905 3664 3023 sup-

3573 1322 3636 1438 plex
3582 1474 3633 1707 auxilium
3579 1743 3611 1799 ac
3562 1849 3623 2146 praesidium
3555 2184 3615 2357 petiit,
3545 2406 3612 2720 adeptusque
3540 2766 3602 3017 pollicitus

3508 1322 3551 1399 est
3493 1435 3538 1516 se,
3504 1569 3551 1609 si
3500 1640 3548 1700 ad
3495 1741 3548 2003 Graeciam
3475 2041 3538 2411 opprimendam
3482 2450 3516 2560 cnm
3475 2598 3523 2818 exercitu
3470 2853 3518 3018 redire

3413 1319 3476 1495 vellet,
3420 1545 3468 1762 consiliis
3417 1800 3450 1911 eum
3409 1949 3462 2230 adinturum
3393 2269 3439 2407 esse,
3387 2444 3435 2606 neque
3394 2641 3441 2808 tamen
3390 2845 3435 3015 contra

3333 1316 3394 1529 patriam
3339 1567 3374 1700 arma
3337 1735 3387 1868 ferre
3331 1905 3381 2151 sustinuit.
3328 2222 3376 2272 ln
3323 2309 3373 2476 Asiam
3322 2508 3353 2567 ex
3313 2595 3368 2889 Macedonia
3310 2911 3355 3014 tra-

3253 1315 3316 1518 iicienti,
3261 1555 3296 1676 nave
3259 1712 3306 1757 vi
3240 1790 3300 2102 tempestatis
3250 2123 3297 2172 in
3246 2194 3297 2383 Naxum
3228 2410 3291 2584 delata,
3237 2622 3285 2703 ubi
3235 2724 3277 2827 tum
3229 2856 3280 3014 Athe—

3183 1312 3236 1556 niensium
3180 1596 3222 1703 erat
3161 1738 3222 2006 exercitus,
3156 2041 3214 2347 pereundum
3147 2384 3212 2583 suisset,
3157 2618 3205 2711 nisi
3138 2747 3198 3009 generosi-

3107 1312 3153 1416 tate
3102 1452 3153 1634 domini
3084 1670 3145 1823 naviS‚
3081 1862 3126 2007 quem
3088 2045 3139 2305 clarissimi
3085 2343 3132 2433 viri
3066 2468 3128 2768 miserebat,
3070 2806 3106 3009 conser-

3030 732 3060 738 ς.
3020 798 3071 822 „23
3026 1312 3071 1452 vatus
3019 1490 3064 1638 esset.
3017 1708 3067 1813 Hos
3000 1845 3063 1999 igitur
3005 2035 3059 2389 Themistoclis
3001 2421 3034 2561 casus
2982 2586 3047 2812 Telepho
2989 2841 3040 3008 fabula

2987 733 2993 736 ¹
2966 763 3021 821 fsf'ss
2930 1311 2979 1578 expressos
2921 1602 2987 1922 redditosque
2931 1954 2964 2065 esse
2923 2091 2975 2405 manifestum
2909 2435 2963 2525 est,
2903 2560 2959 2732 estque
2913 2756 2962 2853 hoc
2910 2886 2958 3009 alte-

2866 1308 2900 1418 rum
2844 1446 2907 1745 exemplum,
2840 1793 2887 1889 quo
2849 1926 2900 2192 doceamur
2828 2218 2894 2505 Euripidem
2839 2535 2885 2596 ad
2828 2634 2883 3008 similitudinem

2784 1307 2818 1477 earum
2765 1513 2815 1697 rerum,
2761 1734 2807 1852 quas
2758 1889 2819 1995 geri
2755 2030 2818 2139 ipse
2752 2174 2814 2408 vidisset,
2758 2467 2808 2657 fabulas
2748 2696 2800 3007 conformare

2703 1306 2753 1505 solitum
2700 1552 2733 1678 esse.
2684 1753 2744 2182 Quemadmodum
2685 2236 2727 2396 autem
2682 2450 2714 2537 sua
2676 2587 2724 2710 mala
2669 2752 2721 3000 Goethius

2624 1302 2668 1474 noster
2606 1489 2654 1705 suosque
2603 1728 2666 1838 ipse
2613 1860 2661 2056 dolores
2608 2077 2659 2309 imitando
2596 2327 2651 2755 vehementissime
2590 2780 2638 2998 omnium

2545 1302 2594 1492 animos
2527 1530 2586 1695 movit,
2537 1733 2585 1800 ita
2517 1839 2583 2104 Euripides
2516 2143 2559 2215 ea,
2512 2254 2558 2379 quae
2522 2417 2563 2467 et
2503 2504 2565 2715 populus
2513 2756 2555 2804 et
2511 2840 2559 2931 viri
2507 2958 2556 3005 in

2450 1299 2512 1556 republica
2440 1590 2506 1843 principes
2454 1879 2501 1956 vel
2447 1991 2499 2214 fecerant
2446 2250 2492 2325 vel
2429 2363 2489 2493 passi
2425 2527 2479 2683 erant,
2414 2724 2479 3003 quibusque

2370 1298 2432 1499 publice
2361 1536 2427 1861 privatimque
2371 1887 2405 2055 omncs
2353 2091 2415 2456 afficiebantur,
2358 2495 2407 2627 fictis
2353 2665 2399 2754 sub
2348 2791 2396 3000 nomini-

2304 1297 2352 1389 bus
2282 1426 2346 1751 personisque
2277 1805 2334 2223 repraesentando
2268 2272 2329 2423 magis
2263 2475 2326 2651 etiam,
2258 2701 2304 2843 quam
2255 2892 2317 2992 ille,

2222 1295 2274 1491 fabulas
2204 1527 2250 1701 graves
2214 1738 2258 1787 et
2209 1821 2259 2114 verisimiles
2206 2151 2248 2201 et
2200 2236 2251 2496 affectibus
2181 2535 2241 2811 aequalium
2188 2849 2238 2994 fami-

2143 1295 2195 1442 liares
2123 1480 2187 1704 effinxit,
2134 1756 2175 1807 et
2118 1842 2176 1980 quasi
2115 2018 2175 2100 qui
2123 2138 2172 2299 cibum
2106 2348 2167 2612 praeberet
2106 2663 2158 2995 esurientibus

2060 1298 2113 1547 desiderio
2054 1586 2101 1833 communi
2049 1868 2098 2086 omnium
2042 2116 2092 2379 satisfecit.
2036 2421 2088 2633 Videtur
2031 2658 2074 2823 autem
2026 2855 2077 2992 The-

1981 1292 2032 1547 mistocles
1963 1583 2023 1747 paullo
1971 1784 2016 1897 ante
1971 1931 2001 1958 e
1968 1995 2016 2089 vita
1949 2126 2014 2448 discessisse,
1943 2499 1990 2644 quam
1950 2680 2001 2849 fabula
1947 2885 1996 2990 Eu-

1888 1291 1953 1470 ripidis
1898 1506 1941 1615 acta
1895 1652 1938 1745 est.
1873 1815 1941 2040 Denique
1884 2068 1935 2247 iterata
1877 2278 1931 2586 Graecorum
1858 2616 1918 2869 expeditio
1866 2899 1899 2986 ex-

1811 1288 1872 1524 peditioni
1812 1558 1867 1824 Persarum
1793 1861 1857 2083 iteratae,
1804 2121 1847 2171 et
1782 2207 1851 2462 Telephus
1793 2501 1845 2600 dux
1774 2627 1841 2844 Hippiae
1784 2866 1835 2981 duci

1736 1291 1792 1568 simillimus
1730 1616 1777 1709 est.

1385 1772 1440 1842 D.
1373 1927 1437 2479 Alcestis,

1254 1414 1306 1564 Venit
1250 1599 1301 1703 dies
1231 1742 1297 1922 fataliS‚
1228 1958 1275 2055 qua
1234 2091 1286 2401 moriendum
1232 2440 1277 2518 est·
1215 2553 1280 2828 Alcestidi,
1211 2880 1259 2973 pro

1162 1278 1227 1486 coniuge
1171 1533 1220 1681 vitam
1150 1731 1215 2027 deponenti3
1157 2082 1206 2245 brevis
1154 2296 1202 2450 horae
1148 2496 1192 2746 momento
1144 2795 1194 2973 mulier

1085 1276 1147 1476 quidem
1081 1512 1140 1807 probissima
1069 1841 1131 2097 exstincta,
1080 2134 1125 2206 vir
1075 2234 1117 2397 autem
1056 2428 1119 2663 optimus,
1053 2702 1099 2847 quem
1065 2871 1113 2971 sal-

996 724 1086 806 1334
1019 1274 1052 1387 vum
1002 1423 1058 1570 atque
1009 1604 1061 1803 felicem
1004 1844 1037 1955 esse
999 1992 1034 2185 summo
996 2221 1044 2385 studio
992 2434 1039 2577 amici
972 2613 1035 2843 cupiunt,
985 2891 1034 2967 fa-

873 723 1031 755 l

938 1275 982 1384 ctus
936 1422 983 1517 erit
926 1550 981 1886 miserrimus:
922 1935 969 2029 iam
919 2066 966 2194 enim
917 2230 965 2313 illa
912 2347 962 2557 animam
894 2593 941 2742 agens
907 2778 956 2827 in
905 2861 938 2966 ma—

851 686 875 737 ,m
852 767 904 805 ,43
858 1271 907 1418 nibus
853 1458 889 1661 suorum
829 1696 891 1943 gestatur,
839 1999 888 2171 vulnus
832 2207 886 2475 insanabile
815 2523 876 2727 marito,
828 2780 875 2822 si
826 2866 874 2963 eri-

836 691 844 696 ’
809 767 851 805 32³
762 1270 828 1451 piatur,
768 1489 822 1733 relictura.
762 1804 815 1942 Haec
744 1977 809 2156 Apollo
743 2193 806 2369 docet,
747 2405 793 2629 moestus
746 2665 780 2727 ex
744 2760 795 2963 Admeti
