5010 3336
3817 2146 3872 2267 334

3671 1380 3723 1554 cundia
3676 1589 3725 1707 deos
3677 1742 3727 2054 iurisiurandi
3677 2089 3721 2241 testes
3663 2277 3723 2630 pactorumque
3661 2662 3725 2915 praesides
3675 2949 3722 3041 im-

3576 1377 3639 1561 plorat,
3596 1607 3638 1661 ut
3597 1708 3644 1786 his
3598 1821 3645 2020 vocibus
3581 2056 3629 2145 per
3582 2180 3645 2401 duplices
3598 2436 3645 2629 aedium
3582 2663 3640 2828 portas
3595 2862 3643 3040 auditis

3513 1377 3560 1605 mulieres
3517 1643 3564 1926 Corinthiae
3505 1962 3563 2239 acciantur,
3503 2286 3549 2410 quae
3502 2464 3560 2668 propter
3517 2703 3549 2899 saevum
3516 2934 3547 3041 mu-

3433 1377 3481 1512 lieris
3420 1548 3483 1793 ingenium
3436 1831 3478 1881 et
3420 1916 3483 2241 praefractam
3437 2276 3478 2494 naturam
3438 2548 3469 2643 non
3438 2694 3485 2851 minus
3421 2900 3468 3042 quam

3345 1376 3401 1562 nutrix,
3356 1612 3386 1673 ne
3339 1717 3403 1892 insigni
3341 1941 3404 2100 aliquo
3356 2136 3402 2354 facinore
3359 2390 3404 2508 iram
3342 2558 3404 2746 expiet,
3356 2797 3398 3042 verentur.

3262 1374 3322 1577 Tamen,
3261 1616 3323 1826 mitigari
3276 1858 3323 2094 ferociam
3276 2133 3322 2235 eius
3277 2257 3324 2558 sermonibus
3262 2594 3309 2738 posse
3260 2770 3319 3044 sperantes,

3192 1374 3241 1548 nutrici
3178 1584 3242 1904 persuadent,
3196 1953 3237 2006 ut
3185 2042 3226 2175 eam,
3180 2232 3243 2510 priusquam
3198 2549 3244 2659 mali
3182 2695 3244 2874 aliquid
3198 2910 3244 3042 intus

3096 1374 3161 1627 perficiat,
3115 1676 3147 1881 evocare
3117 1932 3156 1980 et
3115 2025 3163 2073 in
3101 2125 3163 2418 colloquium
3118 2457 3147 2595 suum
3117 2632 3163 2879 adducere
3118 2915 3166 3045 omni

3018 1374 3065 1521 opera
3034 1559 3083 1767 studeat.
3036 1835 3083 1926 His
3020 1964 3082 2118 prima
3020 2153 3067 2266 pars
3021 2303 3083 2612 tragoediae,
3021 2668 3068 2792 quae
3037 2828 3084 3044 continet

2935 1372 3000 1626 prologum
2955 1665 2985 1773 cum
2939 1807 3002 2024 parodo‚
2945 2075 3002 2366 absolvitur,
2941 2417 2987 2508 qua
2942 2543 2996 2773 tanquam
2957 2809 3005 3042 orationis

2872 1373 2920 1572 exordio
2860 1591 2922 1848 magnifico
2867 1867 2887 1878 ‚
2876 1908 2915 1960 ut
2876 1984 2922 2158 attenti
2860 2187 2922 2509 suspensique
2858 2534 2917 2838 spectatores
2876 2861 2925 3042 redde-

2782 1373 2834 1577 rentur,
2795 1645 2843 1877 effectum
2795 1931 2836 2018 est.
2796 2102 2844 2153 In
2797 2208 2843 2300 hoc
2780 2354 2842 2500 igitur
2781 2560 2842 2696 quasi
2796 2748 2844 3041 vestibulum

2713 1373 2760 1607 dramatis
2715 1643 2761 1880 intrantes
2716 1918 2761 2083 statim
2716 2131 2763 2445 admiratione
2699 2481 2747 2778 occupamur
2701 2812 2758 3042 tantaque

2620 1372 2663 1564 rerum,
2619 1619 2665 1741 quae
2635 1783 2675 2049 eventurae
2625 2086 2678 2225 sunt,
2621 2271 2683 2641 exspectatione
2618 2679 2667 3041 praeparamur,

2552 1372 2593 1424 ut
2552 1459 2599 1737 necessario
2538 1782 2602 1963 patrari
2556 2011 2603 2197 scelera
2541 2234 2602 2454 quamvis
2556 2490 2603 2719 immania
2555 2756 2596 2807 et
2555 2842 2597 3043 naturae

2470 1370 2518 1610 humanae
2473 1645 2520 1885 contraria
2458 1920 2522 2262 intelligamus.

2378 1504 2440 1662 Quum
2394 1700 2440 1747 in
2394 1783 2441 1970 medias
2395 2006 2425 2083 res
2394 2119 2426 2213 non
2395 2250 2441 2407 minus
2381 2443 2443 2713 tragoedia,
2380 2749 2427 2890 quam
2394 2926 2443 3043 reli-

2294 1372 2342 1466 qua
2295 1502 2353 1749 poemata,
2298 1803 2344 1897 quo
2298 1934 2362 2145 quidque
2314 2191 2354 2269 est
2299 2314 2361 2818 praestantissimum,
2297 2866 2345 3044 rapere

2220 1372 2277 1552 soleat,
2231 1605 2278 1711 fere
2216 1745 2279 1925 insigni
2219 1971 2280 2127 aliquo
2234 2174 2281 2439 infortunio
2218 2487 2281 2711 oppressi
2218 2758 2279 3045 magnisque

2148 1371 2196 1508 malis
2150 1539 2198 1858 circumventi
2152 1892 2199 2112 homines
2154 2154 2199 2319 statim
2154 2356 2200 2495 initio
2153 2537 2200 2845 inducuntur.
2140 2906 2200 3043 Quae

2068 1370 2116 1494 mala
2055 1532 2110 1788 postquam
2057 1825 2119 2027 prologo
2074 2065 2114 2177 sunt
2058 2212 2120 2457 exposita,
2058 2508 2121 2717 parodus
2058 2755 2119 3044 saepissime

1988 1372 2037 1553 doloris
1981 1591 2022 1787 eorum,
1978 1824 2039 1905 qui
1994 1941 2040 1989 in
1995 2023 2041 2116 illis
1995 2153 2041 2294 malis
1982 2329 2034 2610 versantur,
1990 2660 2039 3041 declarationem

1908 1370 1955 1587 continet
1897 1621 1959 1863 simulque
1913 1900 1961 2046 studii
1897 2080 1960 2481 significationem
1899 2520 1944 2705 eorum,
1897 2744 1958 2827 qui
1910 2862 1958 3040 velru-

1828 1368 1861 1506 more
1831 1540 1878 1617 vel
1831 1654 1877 1863 clamore
1832 1898 1879 1971 vel
1833 2022 1880 2111 alia
1833 2163 1864 2333 caussa
1833 2378 1880 2524 acciti
1832 2559 1878 2735 adesse
1830 2768 1879 3040 laboranti—

1746 1368 1793 1459 bus
1749 1496 1796 1865 constituernnt.
1752 1936 1799 2051 Post
1752 2095 1799 2219 haec
1752 2269 1784 2363 non
1752 2412 1800 2567 miuus
1751 2605 1792 2741 certo
1750 2778 1798 2950 ordine
1740 2986 1798 3039 ii,

1651 1370 1700 1574 quorum
1671 1611 1717 1835 lamentis
1672 1871 1717 2057 accitus
1672 2094 1711 2167 est
1663 2204 1720 2401 chorus,
1671 2440 1703 2657 caussam
1670 2698 1718 2920 dolorum
1670 2957 1718 3038 fu-

1587 1369 1635 1471 sius
1574 1508 1622 1755 exponere
1590 1805 1632 1852 et
1591 1888 1638 2035 sortis
1591 2072 1622 2189 suae
1577 2223 1639 2529 iniquitatem
1574 2567 1638 2785 longiore
1590 2821 1636 3039 oratione

1506 1367 1555 1631 ostendere
1510 1655 1558 1830 solent.
1498 1900 1558 2005 Qua
1511 2035 1557 2085 in
1512 2110 1542 2163 re
1513 2184 1543 2277 non
1512 2306 1551 2382 est
1499 2408 1557 2694 mirandum,
1495 2731 1556 2859 quod
1493 2889 1541 3039 saepe

1418 1367 1474 1542 iidem,
1415 1593 1477 1677 qui
1431 1724 1477 1868 modo
1431 1916 1477 2233 veliementer
1431 2268 1478 2519 concitatis
1431 2555 1477 2724 animis
1430 2760 1477 3037 tumultuati

1335 1368 1389 1505 suut,
1349 1554 1396 1713 subito
1350 1764 1397 1922 sedati
1335 1968 1397 2267 mitigatique
1335 2318 1398 2681 conspiciuntur
1350 2725 1392 2773 et
1334 2825 1396 3037 cogitate

1253 1370 1316 1776 considerateque
1269 1821 1300 1916 non
1270 1961 1317 2114 solum
1271 2166 1317 2226 de
1271 2273 1302 2465 suarum
1271 2514 1302 2678 rerum
1258 2725 1312 2883 statu,
1269 2945 1316 3035 sed

1186 1368 1233 1512 etiam
1188 1562 1234 1625 de
1189 1675 1236 1912 universis
1189 1958 1236 2106 rebus
1190 2160 1237 2381 humanis
1176 2438 1233 2707 naturaque
1190 2753 1238 3031 mortalium

1108 1365 1155 1632 disserunt.
1110 1720 1157 1937 Primum
1109 1987 1156 2113 enim
1093 2162 1150 2436 temporum
1111 2483 1159 2735 intervalla
1112 2784 1158 2875 alia
1110 2922 1152 3035 sunt

1014 1367 1059 1563 scenae,
1031 1600 1076 1692 alia
1030 1728 1076 1959 veritatis.
1029 2029 1077 2216 Deinde
1030 2249 1075 2370 haec
1030 2406 1072 2481 est
1031 2515 1073 2685 natura
1019 2722 1079 2925 doloriS,
1019 2961 1073 3031 ut,

931 1368 994 1527 primo
949 1564 996 1668 eius
935 1703 996 1887 impetu
936 1924 998 2123 sedato,
950 2170 997 2393 homines
952 2430 983 2455 a
936 2492 992 2691 stupore
952 2726 993 2773 et
950 2807 998 3031 lamentis

867 1367 915 1429 ad
868 1464 916 1831 meditationem
859 1882 914 2154 transeant,
855 2205 911 2377 atque,
872 2423 919 2615 etiamsi
872 2663 914 2799 antea
870 2843 918 3032 nonnisi

771 1368 835 1590 proxima
774 1626 822 1847 quaeque
777 1881 837 2194 attenderint,
790 2228 835 2323 iam
791 2355 838 2647 remotiores
790 2684 822 2847 rerum
791 2884 823 3031 caus-

706 1370 739 1449 sas
692 1483 756 1791 investigent,
710 1828 757 1922 hoe
695 1949 751 2164 agentes,
709 2192 752 2245 ut
709 2273 740 2300 a
709 2329 758 2427 suis
709 2454 758 2669 moribus
710 2696 758 2744 in
709 2772 743 3028 commune
