5010 3336
3847 2087 3902 2211 426

3697 1307 3761 1469 paullo
3699 1517 3756 1631 post
3695 1684 3759 2031 praecipitatus
3705 2078 3755 2224 foret.
3704 2307 3753 2468 Locus
3687 2516 3750 2665 igitur
3698 2703 3748 2865 sactus
3696 2904 3738 2981 est

3634 1306 3681 1441 chori
3618 1467 3681 1821 interponendi,
3616 1841 3662 1936 quo
3625 1958 3673 2243 memoriam
3607 2257 3665 2449 septem
3608 2470 3670 2666 ducum,
3605 2689 3666 2770 qui
3615 2785 3668 2982 Thebas

3537 1306 3596 1729 oppugnaverant,
3534 1778 3597 2039 repetitam
3544 2077 3578 2187 esse
3543 2221 3591 2315 hoc
3525 2353 3590 2677 fragmentum
3521 2714 3585 2981 significat:

3473 1566 3526 1647 ἐπὶ
3456 1680 3519 2047 χρυσεόνωτον

3389 1565 3442 1762 ἀσπίδα
3388 1795 3439 1893 τὰν
3372 1930 3435 2238 Καπανέως.

3312 1305 3361 1448 Addo
3295 1484 3360 1658 fragm.
3309 1695 3357 1787 inc.
3307 1825 3353 1944 112:

3213 1563 3279 1865 ἀμφίπολος
3211 1883 3282 2068 ’Ἄρεος
3206 2100 3273 2331 ἀνιέρου.

3148 1400 3199 1599 Tertius
3147 1620 3191 1757 actus
3143 1781 3194 2049 Haemonis
3126 2077 3183 2223 atque
3124 2241 3187 2515 Antigonae
3119 2538 3184 2780 colloquio
3133 2806 3182 2981 confici

3055 1302 3117 1474 potuit.
3066 1543 3115 1715 Rediit
3048 1748 3112 1886 virgo
3063 1924 3095 1985 ex
3062 2020 3094 2078 eo
3046 2112 3108 2253 loco,
3043 2289 3090 2385 quo
3056 2420 3106 2584 fratris
3038 2622 3087 2800 corpus
3053 2836 3101 2982 inhu-

2990 1299 3033 1485 matum
2985 1521 3035 1723 iacebat.
2982 1792 3033 2094 Facultatem
2978 2131 3028 2260 iusta
2976 2295 3020 2492 mortuo
2959 2536 3022 2851 persolvendi
2971 2887 3020 2981 sibi

2911 1298 2959 1479 nullam
2908 1516 2941 1626 esse
2895 1658 2954 1922 intellexit,
2899 1960 2950 2197 militibus
2898 2230 2945 2353 adeo
2894 2389 2940 2592 strenue
2876 2619 2942 2981 diligenterque

2827 1299 2878 1686 custodientibus
2814 1708 2836 1720 ‚
2824 1767 2867 1820 ut
2807 1854 2856 2014 neque
2819 2048 2868 2224 fraude
2817 2258 2866 2355 ulla
2798 2390 2863 2554 decipi
2798 2589 2846 2750 neque
2813 2783 2859 2828 vi
2796 2861 2859 2982 pelli

2736 1298 2783 1448 posse
2744 1496 2796 1792 viderentur.
2740 1876 2790 2039 Huius
2739 2088 2771 2198 cum
2736 2250 2770 2478 moerore
2732 2525 2782 2792 Haemonis
2730 2839 2779 2981 dolor

2652 1298 2717 1636 coniungitur:

2600 1430 2607 1489 —
2586 1561 2637 1638 ἐπ’
2568 1676 2631 1847 ἄκραν
2564 1880 2631 2079 ἥκομεν
2560 2112 2627 2361 γραμμὴν
2574 2394 2625 2588 κακῶν.

2508 1297 2557 1388 His
2505 1435 2553 1599 verbis
2504 1658 2550 1718 ad
2498 1774 2541 2044 extremam
2495 2092 2543 2339 miseriam
2476 2388 2541 2881 desperationemque
2490 2925 2524 2980 se

2426 1298 2477 1526 Creontis
2419 1564 2469 1852 crudelitate
2417 1888 2465 2090 adactos
2415 2128 2447 2240 esse
2400 2268 2460 2551 ostendunt„
2414 2589 2456 2641 ut
2412 2666 2459 2863 minime
2411 2888 2458 2978 mi-

2346 1294 2393 1499 randum
2330 1528 2391 1606 sit,
2327 1644 2387 1773 quod
2339 1802 2386 1859 ad
2336 1888 2380 2111 extrema
2334 2137 2381 2360 audemia
2318 2385 2380 2739 subeundaque
2331 2764 2363 2817 se
2331 2835 2378 2978 ambo

2248 1293 2312 1561 accingant.
2260 1632 2310 1798 Facile
2257 1834 2300 1999 autem
2255 2037 2303 2131 suit
2241 2166 2300 2439 Haemoni,
2252 2486 2295 2541 ut
2238 2577 2299 2660 qui
2235 2695 2298 2979 conspirare

2185 1293 2217 1405 cum
2168 1441 2226 1582 patre
2163 1634 2226 1946 crederetur,
2173 1999 2222 2231 custodes
2173 2279 2220 2354 vel
2172 2402 2219 2519 ficto
2156 2568 2218 2723 patris
2154 2770 2219 2979 imperio

2106 1293 2152 1371 vel
2104 1419 2151 1510 alia
2100 1555 2149 1732 fraude
2080 1785 2143 2024 deceptos
2077 2074 2142 2345 paullisper
2080 2376 2138 2645 seducere,
2090 2694 2139 2852 donec
2090 2901 2137 2978 vel

2022 1292 2073 1582 humaretur
2004 1618 2053 1797 corpus
2002 1834 2066 2079 Polynicis
2014 2130 2061 2208 vel
2014 2256 2060 2304 in
1995 2340 2044 2514 rogum
2012 2561 2060 2690 forte
2010 2724 2057 2977 ardentem

1931 1291 1992 1598 ingereretur
1926 1632 1991 1702 *).
1936 1772 1988 2029 Praestitit
1919 2062 1982 2209 igitur
1932 2243 1980 2467 Haemon
1916 2493 1979 2665 virgini
1931 2699 1973 2887 amatae
1917 2910 1978 2975 id,

1849 1291 1912 1421 quod
1848 1468 1904 1665 praeter
1844 1709 1907 1870 ipsum
1841 1918 1897 2173 praestare
1851 2216 1902 2566 Thebanorum
1851 2612 1883 2756 nemo
1835 2802 1897 2977 potuit,

1768 1292 1833 1534 simulque
1766 1571 1827 1744 capitis
1762 1779 1824 2054 periculum
1773 2106 1805 2217 cum
1772 2264 1803 2322 ea
1771 2359 1818 2685 communiter
1769 2720 1818 2977 subeundo

1701 1290 1753 1629 firmissimum
1699 1665 1745 1846 amoris
1693 1883 1744 2235 documentum
1692 2273 1740 2422 dedit.
1675 2492 1739 2666 Neque
1691 2702 1738 2832 enim
1690 2867 1722 2976 ver-

1624 1290 1673 1364 bis
1606 1402 1670 1631 virginem
1603 1686 1665 1896 adiuvit„
1615 1946 1657 1999 ut
1597 2036 1662 2344 Sophocleus
1599 2380 1659 2630 Haemon,
1611 2679 1659 2764 sed
1609 2802 1658 2976 sactis:

1543 1290 1591 1420 unde
1540 1466 1587 1614 etiam
1536 1663 1585 1920 iustiorem
1534 1969 1566 2078 cum
1532 2130 1579 2301 eadem
1531 2348 1563 2442 una
1530 2479 1577 2717 moriendi
1529 2753 1562 2975 caussam

1449 1291 1510 1500 adeptus
1457 1540 1501 1630 est.
1458 1702 1506 1795 His
1440 1831 1503 1979 igitur
1453 2015 1499 2258 communi
1451 2308 1498 2513 consilio
1434 2551 1497 2865 compositis,
1448 2914 1495 2975 ad

1365 1291 1426 1656 exsequendam
1374 1692 1424 1992 voluntatem
1372 2030 1404 2166 suam
1355 2204 1419 2454 extemplo
1354 2490 1417 2881 proficiscuntur.

1299 1422 1348 1633 Secutus
1297 1671 1340 1746 est
1293 1784 1343 1963 chorus
1280 1991 1339 2184 tertius,
1276 2223 1323 2318 quo
1290 2354 1336 2534 amoris
1290 2569 1336 2641 vis
1275 2665 1337 2871 exprImi
1290 2906 1337 2974 si-

1221 1289 1269 1393 mili
1206 1430 1265 1660 carmine,
1201 1696 1259 1844 atque
1214 1870 1262 1926 fit
1213 1963 1260 2010 in
1194 2038 1260 2295 Hippolyti
1210 2331 1243 2404 vv.
1209 2433 1256 2563 1258
1194 2599 1241 2755 seqq„
1194 2791 1257 2973 potuit.

1126 1421 1188 1529 Quo
1135 1566 1183 1782 carmine
1133 1816 1183 1954 finito
1120 1989 1180 2078 illi,
1131 2113 1173 2169 ut
1114 2205 1179 2409 captivi,
1131 2446 1161 2473 a
1129 2508 1177 2745 militibus
1130 2780 1177 2829 in
1130 2865 1161 2973 sce-

927 1360 981 1411 ss)
938 1445 981 1513 ef.
936 1544 980 1753 Philostr.
934 1797 976 1877 Im.
923 1909 975 1977 11,
932 2009 974 2076 29.
918 2111 957 2154 p.
930 2184 972 2281 825.
930 2323 971 2454 Paus.
929 2485 971 2641 Boeot.
917 2680 955 2723 p.
919 2754 971 2863 300,
928 2891 970 2969 25:

861 1432 915 1493 ὥς
853 1539 913 1624 γὰρ
866 1667 911 1748 τὸν
864 1792 904 1879 τοῦ
852 1920 901 2226 Πολυνείκους
844 2268 906 2475 ἄρασθαί
858 2518 901 2562 οἱ
842 2607 897 2972 προθυμουμένῃ

782 1430 841 1592 νεκρὸν
783 1624 843 1817 οὐδεμία
781 1842 837 2058 ἐφαίνετο
772 2077 831 2301 ῥᾳστώνη,
775 2334 836 2525 δεύτερα
774 2555 833 2798 ἐπενόησεν
785 2830 829 2972 ἕλκειν

716 1431 771 1599 αὐτόν,
717 1642 769 1687 ἐς
722 1731 769 1756 ὃ
720 1797 765 1973 εἵλκυσέ
718 2009 746 2056 τε
717 2099 760 2176 καὶ
704 2215 761 2424 ἐνέβαλεν
718 2465 763 2538 ἐπὶ
715 2576 757 2660 τοῦ
706 2689 760 2972 Ἐτεοκλέους

641 1430 699 1681 ἐξημμένην
640 1710 695 1795 τὴν
635 1825 695 1991 πυράν.
