5010 3336
1067 2146 1122 2264 211

1244 3329 1246 3331 v
1243 3268 1266 3297 iss
1222 2912 1268 3040 inest
1217 2674 1265 2877 imitatio
1214 2530 1262 2635 eius
1210 2299 1259 2495 fabulae
1209 2091 1272 2265 partis,
1223 1961 1269 2054 qua
1207 1669 1271 1941 Telephus,
1211 1378 1273 1634 postquam

1305 2960 1347 3038 est
1297 2651 1345 2923 denudatus
1293 2244 1352 2614 convictusque,
1287 2014 1334 2209 infantis
1288 1764 1349 1978 periculo
1302 1586 1334 1726 suum
1289 1377 1351 1551 capitis

1376 2773 1441 3038 periculum
1371 2469 1436 2734 propulsat.
1366 2015 1416 2401 Acharnensium
1381 1848 1412 1963 vero
1381 1700 1428 1811 pars
1368 1460 1415 1664 maxima
1369 1376 1417 1426 in

1483 3332 1486 3333 ¹
1479 3264 1509 3283 q
1455 2802 1503 3038 imitando
1450 2541 1513 2765 Telepho
1453 2257 1502 2507 versatur,
1445 2130 1507 2210 qui
1450 1699 1508 2095 repraesentatur
1447 1511 1507 1665 primo
1447 1375 1495 1477 adi-

1580 3263 1586 3265 .
1541 2939 1582 3038 tum
1546 2647 1594 2899 quaemnS,
1533 2508 1575 2611 tum
1526 2306 1573 2473 infanti
1529 2062 1571 2271 mortem
1523 1768 1582 2027 intentans!
1524 1553 1572 1731 deinde
1541 1375 1574 1514 caus-

1636 3262 1666 3317 μμ,
1628 2934 1658 3034 sam
1613 2727 1657 2895 diceus
1607 2481 1667 2690 bellique
1604 2211 1665 2445 originem
1608 2029 1664 2173 atque
1603 1692 1664 1994 iniquitatem
1606 1376 1666 1655 ostendem,
1619 798 1655 805 ι

1691 2826 1751 3036 denique
1687 2594 1735 2796 Achillis
1684 2341 1746 2567 mitigans
1682 2063 1730 2310 ferociam.
1681 1838 1741 1992 Quam
1680 1490 1730 1806 imitationem
1701 1374 1733 1470 non
1657 798 1688 804 ⁹

1775 2940 1816 3038 tam
1786 2848 1815 2902 ea
1769 2627 1814 2811 ratione
1780 2567 1810 2593 a
1763 2346 1810 2532 comico
1767 2164 1825 2309 poeta
1760 1947 1807 2128 factam
1776 1783 1819 1910 esse,
1766 1695 1806 1746 ut
1761 1531 1807 1659 laudi
1763 1375 1822 1499 eius,
1765 862 1831 866 J
1690 793 1925 805 ξ

1863 2893 1909 3038 quem
1847 2554 1902 2859 imitabatur,
1843 2195 1900 2517 obtrectaret,
1855 1999 1902 2141 quam
1845 1918 1886 1971 ut
1855 1722 1886 1885 rerum
1839 1518 1887 1684 levitas
1858 1373 1890 1483 cum
1844 851 1890 866 ‚⁴
1867 759 1887 765 e

1926 2801 1990 3040 gravitate
1922 2477 1988 2755 tragoediae
1925 2145 1981 2424 comparata
1920 1944 1965 2092 risum
1920 1574 1966 1907 vehementius
1936 1374 1968 1539 move·
1915 859 1945 867 ἵ
1893 758 2001 802 ιι

2010 2945 2063 3039 ret,
2011 2841 2051 2892 et
2008 2618 2050 2810 veteres
2003 2285 2063 2582 interpretes
1999 2022 2046 2248 dixerunt
1998 1959 2061 2006 )
2004 1871 2046 1921 et
2000 1511 2047 1837 recentiorum
2002 1372 2062 1478 qui-

2084 2927 2130 3037 dam
2083 2679 2130 2889 sensisse
2082 2404 2129 2645 videntur.
2078 2268 2125 2336 Et
2078 2059 2125 2233 vellem
2078 1900 2125 2024 haec
2078 1678 2125 1865 macula
2095 1616 2125 1643 a
2080 1374 2128 1590 moribus

2162 2694 2225 3037 Aristophanis
2161 2434 2216 2656 abesset,
2174 2277 2205 2398 neve
2156 1946 2205 2241 contumelia
2156 1667 2204 1919 affecisset
2174 1494 2218 1631 eum,
2175 1372 2206 1456 cu·
2134 790 2264 799 ἐ

2244 2964 2289 3041 ius
2242 2775 2290 2913 bonis
2239 2416 2303 2725 pascebatur.
2236 2164 2285 2348 Verum
2236 1907 2283 2113 invidiae
2236 1564 2299 1872 malitiaeque
2238 1371 2285 1531 indul-
2218 856 2242 861 ⁵

2336 2888 2386 3037 gens7
2326 2695 2382 2841 atque
2319 2488 2366 2645 animo
2317 2364 2365 2442 his
2316 2202 2362 2328 vitiis
2315 1872 2373 2164 obcaecato,
2315 1576 2363 1822 cavillatus
2321 1463 2363 1539 est
2332 1371 2365 1429 ea
2313 771 2387 778 J

2402 2901 2463 3037 ipsa,
2415 2732 2461 2854 quae
2397 2430 2444 2684 maximam
2394 2025 2442 2391 admirationem
2393 1718 2440 1991 habuerunt
2410 1591 2441 1685 non
2400 1372 2444 1557 tantum
2395 770 2487 799 'J

2508 3262 2539 3298 :u
2478 2892 2541 3036 vulgi,
2477 2770 2525 2855 sed
2476 2440 2524 2743 eruditorum
2490 2216 2537 2407 quoque
2480 2144 2519 2193 et
2488 1817 2519 2114 summorum
2473 1372 2536 1792 philosophorum.
2519 857 2527 859 ,
2421 789 2515 797 l

2543 3263 2550 3273 ¹
2557 2913 2605 3033 Nam
2555 2591 2605 2876 Aristoteles
2570 2495 2600 2553 eo
2554 2354 2616 2460 ipso
2554 2178 2608 2317 loco,
2567 2036 2612 2129 quo
2550 1714 2613 1985 Thyestem
2550 1372 2615 1675 Telephum-

2653 2938 2700 3033 que
2636 2709 2693 2903 laudat,
2633 2529 2681 2659 haud
2634 2286 2679 2491 obscure
2632 2191 2677 2251 ad
2630 1816 2692 2155 Aristophanis
2631 1370 2692 1781 vituperationem

2715 2751 2778 3035 respiciens,
2713 2495 2760 2715 iniuriam
2710 2230 2773 2458 Euripidi
2709 2087 2756 2195 fieri
2710 1986 2755 2052 ait
2709 1894 2755 1951 ab
2708 1782 2767 1857 iis,
2709 1667 2770 1747 qui
2709 1513 2757 1631 vitio
2726 1372 2758 1479 ver-

2800 2916 2852 3035 tant,
2793 2751 2856 2878 quod
2799 2620 2839 2715 tam
2792 2431 2839 2582 multa
2790 2132 2853 2395 tragoediis
2788 1991 2834 2095 eius
2788 1761 2835 1955 miseria
2787 1610 2834 1726 insit
2792 1522 2835 1573 et
2789 1372 2852 1480 plu·
2779 783 2869 791 ζ

2875 2886 2922 3037 rimae
2872 2570 2919 2841 fabularum
2871 2485 2917 2534 in
2886 2371 2917 2450 res
2868 2038 2931 2333 asperrimas
2868 1779 2914 2002 desinant
2863 1655 2928 1749 Ἡ.)
2866 1372 2915 1581 Rectum

2954 2909 3000 3035 enim
2952 2780 2999 2875 hoc
2967 2634 2999 2745 esse
2951 2451 3007 2599 dicit,
2955 2365 2997 2415 et
2948 2044 3010 2331 Euripidem
2948 1798 2994 2008 maxime
2946 1531 3009 1767 tragicum
2947 1367 2995 1498 inter

3037 2846 3096 3035 poetas·
3006 765 3056 771 ¹
3025 691 3034 703 '

3110 2651 3158 2905 Proditum
3115 2518 3156 2594 est
3108 2192 3155 2456 memoriae
3106 1893 3153 2138 Cratetem
3110 1734 3153 1833 tam
3105 1368 3153 1687 vehementer
3135 785 3143 797 «-
3128 747 3154 751 ι

3196 2738 3237 3033 commotum
3204 2592 3235 2702 esse
3189 2348 3251 2557 Telephi
3187 2080 3249 2314 dignitate
3190 1903 3247 2047 atque
3185 1640 3243 1869 miseria,
3189 1512 3242 1592 ut,
3185 1367 3231 1465 hoc

3271 2812 3317 3032 dramate
3272 2531 3330 2776 spectato,
3268 2420 3312 2480 ad
3268 2164 3327 2383 cynicam
3281 2074 3310 2126 se
3264 1681 3327 2039 philosophiam
3263 1369 3326 1645 applicave-
3238 784 3338 788 ΙΙ

3351 2972 3396 3034 rit
3346 2823 3409 2946 ***).
3347 2594 3393 2755 Etiam
3346 2308 3407 2557 Aristippo
3350 2231 3390 2278 et
3342 1998 3403 2200 Diogeni
3348 1923 3389 1971 et
3344 1672 3389 1894 omnibus
3343 1538 3389 1642 eius
3357 1367 3403 1515 gene·
3285 745 3471 770 ἱ
3369 707 3382 715 .

3430 2966 3475 3031 ris
3426 2628 3490 2930 philosophis
3433 2346 3472 2591 auctorem
3430 2164 3483 2308 atque
3422 1880 3483 2127 exemplar
3421 1570 3482 1846 Telephum
3420 1367 3467 1523 fuisse
3375 783 3514 794 l

3508 2927 3554 3029 sine
3506 2797 3552 2891 ulla
3505 2446 3552 2749 dubitatione
3502 2190 3549 2397 al'lirmO.
3500 2001 3560 2104 Qua
3501 1918 3547 1965 in
3499 1564 3562 1882 despicientia
3513 1368 3545 1532 rerum
3500 763 3568 789 ι’

3588 2714 3634 3032 humanarum
3588 2546 3631 2679 tauta
3584 2382 3630 2512 inest
3581 2203 3628 2347 animi
3579 2014 3637 2175 elatio,
3584 1925 3626 1977 ut
3596 1793 3627 1899 eam
3577 1489 3627 1765 Alexander
3591 1367 3625 1463 non
3562 763 3644 793 ji

3646 782 3720 789 3

3806 2920 3859 2964 *)
3806 2738 3847 2890 Schol.
3804 2650 3845 2706 ad
3803 2430 3844 2621 Acharn.
3800 2290 3842 2398 332:
3800 2189 3842 2245 τὰ
3797 1931 3855 2147 μεγάλα
3796 1729 3852 1892 πάθη
3794 1364 3849 1689 ὑποπαίζει

3877 2807 3928 2890 τῆς
3874 2512 3930 2779 τραγῳδίας.

3945 2915 3998 2973 *·)
3945 2703 3986 2880 Aristot.
3945 2550 3986 2674 Poet.
3941 2396 3991 2517 c.13‚
3940 2324 3981 2374 δι
3938 2124 3982 2291 διὸκαὶ
3938 2041 3980 2094 οἱ
3934 1714 3994 2017 Εὐριπίδῃ
3934 1364 3991 1682 ἐγκαλοῦν-

4029 2802 4063 2891 τες
4012 2711 4055 2773 τό
4011 2527 4055 2669 αὐτὸ
4008 2070 4067 2483 ἁμαρτάνουσι
4011 1938 4051 2028 κτλ.

4084 2918 4137 3027 *ἫἿ
4084 2704 4139 2889 Diogen.
4083 2516 4124 2664 Laert.
4083 2414 4133 2491 Vl,
4080 2310 4121 2390 87:
4076 2100 4122 2266 τοῦτόν
4092 1912 4132 2050 φησιν
4074 1596 4129 1874 Ἀντισθένης
4072 1507 4116 1554 ἐν
4073 1364 4116 1469 δια-

4154 2732 4207 2887 δοχαῖς
4151 2395 4206 2683 θεασάμενον
4149 2303 4192 2349 ἓν
4166 2170 4192 2261 τινι
4149 1901 4206 2129 τραγῳδία
4147 1645 4203 1852 Τήλεφον
4143 1363 4198 1602 σπυρίδιον

4221 2717 4276 2890 ἔχοντα,
4222 2618 4266 2695 καὶ
4215 2460 4265 2601 τᾶλλα
4218 2254 4277 2441 λυπρὸν,
4216 2103 4271 2227 οἷ’ίξαι
4218 2012 4262 2084 ἐπὶ
4215 1906 4274 1992 τὴν
4217 1679 4271 1884 Κυνικὴν
4212 1367 4269 1656 φιλοσοφίαν.

4286 1688 4335 1795 14*
