5010 3336
955 2136 1009 2211 25

1107 2885 1156 2993 fieri
1106 2773 1153 2851 vix
1107 2527 1169 2739 poterat,
1102 2400 1150 2494 nisi
1098 2147 1147 2375 Hectoris
1097 1790 1145 2114 interficiendi
1111 1585 1145 1754 caussa
1097 1445 1144 1552 illos
1096 1349 1144 1410 ad

1186 2832 1234 2991 cubile
1186 2659 1233 2801 huius
1180 2370 1247 2624 pervenire
1179 2118 1242 2337 fingeret.
1176 1791 1224 2050 Praeterea
1176 1604 1224 1749 decet
1192 1347 1239 1572 magnum

1264 2800 1328 2992 aliquod
1264 2507 1312 2764 discrimen
1258 2397 1307 2474 vel
1273 2170 1322 2363 gravem
1254 1865 1302 2135 molestiam
1254 1755 1299 1831 vel
1254 1544 1317 1727 insigne
1254 1344 1302 1522 malum

1346 2559 1402 2992 vehementemque
1339 2309 1386 2526 dolorem
1336 2115 1383 2274 statim
1334 2019 1381 2068 in
1331 1733 1397 1986 principiis
1335 1342 1397 1697 tragoediarum

1421 2620 1486 2991 repraesentari,
1419 2416 1481 2583 quibus
1416 2161 1470 2389 studium,
1415 1950 1466 2124 metus,
1411 1650 1471 1914 miseratio,
1413 1341 1459 1613 sollicitudo

1507 2661 1564 2990 spectatorum
1498 2346 1547 2613 excitetur:
1509 2094 1557 2297 quorum
1491 1927 1540 2050 nihil
1492 1760 1540 1885 inest
1491 1668 1538 1717 in
1490 1469 1538 1623 Rhesi
1493 1341 1540 1425 ad-

1587 2827 1629 2989 ventu.

1659 2753 1708 2860 Non
1658 2613 1721 2719 ipse
1657 2432 1720 2580 igitur
1654 2236 1703 2397 statim
1654 2006 1701 2200 Rhesus
1652 1922 1698 1971 in
1665 1694 1698 1888 scenam
1649 1466 1713 1661 prodit,
1649 1336 1696 1424 sed

1740 2739 1804 2989 praecedit
1738 2504 1797 2713 nuntiuS,
1736 2384 1798 2466 qui
1736 2294 1782 2355 de
1734 2134 1780 2270 ducis
1731 1940 1780 2109 habitu
1736 1768 1793 1911 atque
1728 1434 1786 1736 fortitudiile,
1729 1334 1776 1397 de

1819 2741 1883 2988 copiarum
1818 2560 1865 2713 omnis
1815 2348 1877 2538 generis
1812 2008 1870 2325 multitudine,
1811 1920 1857 1982 de
1825 1662 1871 1898 equorum
1807 1333 1871 1646 praestantia,

1900 2926 1946 2988 de
1913 2662 1945 2905 armorum
1896 2360 1960 2637 splendore,
1909 2185 1955 2329 quum
1893 2003 1939 2158 minus
1888 1720 1936 1975 commode
1887 1541 1952 1699 possit
1888 1460 1935 1517 ab
1887 1332 1950 1437 ipso
1924 712 1950 714 Ι
1934 669 1940 672 ,

1977 2818 2024 2986 Rheso
1974 2645 2037 2782 fieri,
1979 2388 2039 2609 exponat.
1972 2211 2020 2318 Non
1971 1999 2033 2178 gaudet
1970 1779 2017 1967 Hector
1968 1651 2015 1747 hoc
1968 1426 2027 1617 nuntio,
1970 1329 2014 1379 et

2073 2818 2121 2988 parum
2057 2613 2117 2782 abest,
2055 2464 2117 2579 quin
2052 2275 2100 2430 Rhesi
2051 2014 2098 2243 auxilium
2047 1732 2113 1980 repudiet,
2046 1550 2109 1697 idque
2046 1331 2093 1516 duabus

2136 2925 2183 2988 de
2136 2677 2193 2891 caussis,
2150 2429 2198 2630 quarum
2133 2193 2180 2392 alteram
2132 2053 2194 2159 ipse
2129 1772 2189 2018 declarat,
2127 1523 2174 1725 alteram
2126 1329 2189 1487 suspi-

2232 2806 2265 2985 camur.
2216 2652 2263 2748 Iam
2230 2562 2261 2615 se
2214 2356 2261 2528 vicisse
2212 2096 2274 2319 opinatur
2225 1907 2271 2063 neque
2208 1781 2254 1876 iam
2222 1632 2269 1754 opus
2221 1495 2252 1605 esse
2205 1327 2252 1471 sociis
2170 663 2269 720 l.

2296 2895 2356 2986 iis,
2294 2735 2358 2847 qui,
2310 2597 2356 2691 quo
2298 2341 2355 2562 tempore
2288 2108 2337 2307 Troiani
2287 1853 2335 2074 hostibus
2284 1560 2333 1817 inferiores
2284 1326 2341 1525 fuerint,
2275 704 2339 719 'ff

2389 2694 2421 2982 succurrere
2373 2328 2419 2652 laborantibus
2367 2009 2423 2279 noluerint,
2366 1823 2423 1949 iam,
2364 1538 2412 1766 secundis
2379 1324 2411 1494 eorum

2454 2837 2500 2981 rebus
2453 2630 2511 2791 ducti,
2452 2432 2513 2583 magis
2450 2338 2496 2397 ad
2447 2092 2511 2301 praedae
2462 1916 2509 2057 quam
2445 1822 2492 1881 ad
2445 1568 2491 1785 laborum
2442 1324 2490 1533 societa-
2421 687 2520 714 ξ

2538 2884 2579 2982 tem
2532 2685 2579 2850 venire
2530 2380 2576 2650 videantur.
2527 2175 2575 2313 Haec
2526 1980 2587 2127 igitur
2540 1767 2571 1938 caussa
2524 1676 2570 1724 in
2521 1406 2585 1632 superbia
2525 1321 2569 1370 et
2556 708 2590 714 ι

2611 2837 2658 2982 nimia
2610 2623 2657 2801 fiducia
2608 2383 2655 2590 hominis
2608 2202 2654 2347 rebus
2604 1935 2651 2163 secundis
2601 1786 2651 1900 elati
2606 1677 2649 1751 est
2602 1470 2663 1646 posita,
2615 1321 2665 1435 pro-
2605 706 2638 711 ς

2698 2872 2754 2983 pter
2706 2671 2751 2814 quam
2688 2376 2735 2614 ferociam
2687 2237 2733 2315 vix
2700 2000 2747 2180 operae
2682 1741 2745 1949 pretium
2696 1572 2728 1684 esse
2680 1318 2728 1525 duxerat
2667 707 2713 712 ’ν

2770 2815 2817 2982 audire
2784 2644 2831 2765 quae
2773 2434 2831 2601 pastor
2766 2170 2814 2390 afferret.
2763 1934 2811 2104 Altera
2777 1687 2823 1888 caussa,
2777 1498 2824 1640 quam
2760 1318 2818 1462 celat,

2849 2725 2898 2981 aemulatio
2853 2578 2896 2678 est:
2851 2328 2893 2527 veretur
2844 2123 2900 2283 eniffl,
2858 2012 2891 2076 ne
2842 1827 2889 1980 Rhesi
2842 1618 2887 1794 virtute
2856 1497 2887 1583 sua
2839 1317 2902 1470 gloria

2929 2689 2977 2978 obscuretur
2943 2534 2975 2654 neve
2942 2438 2973 2496 eo
2930 2175 2988 2403 recepto,
2922 2030 2969 2125 hoc
2922 1732 2985 1996 praecipue
2925 1448 2983 1700 tempore,
2935 1319 2981 1415 quo

3010 2884 3055 2979 iam
3008 2710 3070 2847 quasi
3008 2632 3054 2679 in
3022 2460 3052 2601 manu
3005 2182 3050 2431 victoriam
3002 2060 3049 2152 sibi
3006 1870 3048 2037 tenere
3000 1639 3058 1846 videtur,
2999 1494 3062 1606 plus
3014 1317 3061 1469 aequa

3093 2840 3151 2978 parte
3085 2651 3133 2807 laudis
3086 2500 3133 2616 huic
3083 2204 3131 2473 cedendum
3082 2100 3128 2175 sit.
3080 1880 3141 2047 Longe
3080 1728 3126 1855 enim
3079 1479 3126 1697 Hectore
3078 1317 3126 1454 Rhe-

3181 2895 3213 2977 sus
3166 2670 3213 2849 viribus
3165 2401 3228 2621 corporis
3169 2301 3210 2351 et
3163 2074 3210 2256 virtute
3159 1702 3223 2028 praestantior
3175 1559 3206 1669 esse
3158 1315 3221 1526 fingitur,

3250 2925 3293 2976 et
3245 2751 3291 2881 solus
3244 2631 3301 2705 is,
3244 2500 3306 2581 qui
3242 2251 3289 2453 Achillis
3243 1966 3302 2203 impetum
3254 1826 3286 1920 non
3239 1549 3286 1790 sustinere
3243 1314 3296 1516 tantum,

3324 2887 3371 2975 sed
3323 2723 3371 2865 etiam
3323 2469 3386 2696 frangere
3321 2270 3383 2443 possit,
3321 2063 3380 2240 qnippe
3318 1855 3364 2030 divinis
3319 1550 3380 1827 parentibus
3332 1315 3380 1523 progna—

3410 2895 3453 2973 tus
3408 2808 3450 2858 et
3419 2747 3449 2774 a
3402 2540 3449 2712 divinis
3401 2243 3462 2503 virginibus
3397 1975 3443 2198 nutritus.
3396 1732 3459 1904 Neque
3398 1594 3443 1686 tiro
3401 1465 3443 1547 aut
3396 1312 3459 1421 ipse

3489 2889 3531 2972 aut
3482 2608 3530 2853 exercitus
3481 2439 3540 2570 eius,
3486 2343 3526 2393 et
3492 2108 3525 2307 numero
3481 2023 3522 2070 et
3476 1812 3523 1988 robore
3475 1549 3539 1779 insigms,
3474 1312 3538 1499 proelia
3484 672 3504 677 ⁵

3564 2628 3611 2972 commissurus
3565 2473 3621 2579 est,
3558 2336 3605 2421 sed
3557 2118 3619 2299 magnis
3555 1938 3603 2082 rebus
3555 1750 3619 1901 gestis
3556 1480 3616 1715 victisque
3554 1314 3602 1446 fero-

3642 2761 3691 2971 cissimis
3640 2484 3706 2726 gentibus,
3654 2323 3701 2445 quae
3638 2230 3684 2290 ad
3640 1991 3699 2195 pontum
3635 1724 3682 1963 Euxinum
3634 1463 3691 1695 habitant,
3650 1311 3681 1425 con-

3724 2734 3770 2973 firmatus,
3719 2506 3767 2689 Merito
3720 2338 3778 2481 igitur
3718 2114 3774 2308 chorus,
3719 1819 3779 2077 postquam
3720 1655 3762 1794 caute
3714 1310 3777 1630 modesteque

3800 2606 3859 2972 intercedendO,
3816 2509 3847 2570 ne
3800 2304 3860 2483 hospes
3797 2221 3844 2277 ab
3796 1976 3843 2195 Hectore
3795 1580 3858 1943 repudiaretur,
3794 1310 3856 1545 impetra-

3882 2872 3940 2971 vit,
3879 2599 3927 2821 omnibus
3880 2460 3925 2552 iam
3876 2186 3941 2414 periculis
3875 1830 3937 2149 omnibusque
3875 1552 3922 1796 laboribus
3874 1310 3937 1517 patriam
3912 789 3929 794 ,

3961 2830 4007 2971 huius
3958 2671 4006 2793 socii
3958 2429 4006 2638 adventu
3956 2142 4004 2396 liberatam
3970 1997 4003 2106 esse
3959 1800 4017 1962 putat,
3954 1556 4016 1753 egregio
3952 1307 4001 1521 carmine

4038 2881 4084 2972 viri
4038 2678 4085 2846 laudes
4037 2342 4101 2644 praedicans,
4032 2051 4099 2277 Singulae
4034 1877 4081 2018 huius
4037 1705 4080 1841 actus
4038 1504 4096 1673 partes
4036 1310 4095 1470 aptae,

4117 2708 4167 2969 concinnae
4121 2614 4165 2663 et
4117 2426 4165 2570 rebus
4119 2328 4163 2379 et
4114 2123 4163 2283 verbis
4118 1773 4174 2078 praestantes
4116 1582 4170 1721 sunt,
4126 1445 4159 1534 nec
4109 1307 4160 1399 nisi
