5010 3336
1172 2067 1228 2184 291

1323 2844 1370 2958 liam
1320 2636 1379 2809 mittit,
1319 2451 1382 2599 hique
1322 2225 1375 2414 cuncta,
1333 2064 1380 2187 quae
1318 1704 1379 2029 gerebantur,
1318 1376 1385 1672 insidiasque
1324 1294 1371 1341 ei

1406 2768 1466 2958 paratas
1416 2644 1463 2733 per
1402 2378 1448 2610 Acastum
1398 2274 1444 2332 ab
1396 1961 1457 2234 Assandro,
1413 1814 1444 1906 non
1399 1623 1445 1778 alieno
1400 1424 1461 1588 Pelei,
1418 1295 1450 1378 co-

1485 2700 1545 2958 gnoscunt.
1478 2585 1526 2631 Is
1492 2339 1538 2549 namque
1476 2002 1534 2305 Assandrus,
1476 1653 1538 1953 iniquitatem
1482 1429 1541 1616 tyranni
1483 1295 1529 1394 evi-

1567 2826 1616 2953 tans,
1559 2730 1605 2788 ad
1574 2528 1623 2693 agrum
1556 2362 1603 2495 Pelei
1559 2009 1602 2334 concesserat.
1554 1772 1618 1939 ltaque
1556 1663 1603 1746 ubi
1565 1454 1618 1639 cuncta,
1578 1293 1623 1417 quae

1638 2688 1695 2955 voluerant,
1650 2366 1699 2650 cognovere,
1634 2270 1680 2330 ad
1649 2071 1695 2236 regem
1635 1827 1681 2033 redeunt
1640 1740 1681 1790 et
1636 1523 1699 1706 singula
1656 1400 1703 1490 per
1656 1293 1687 1368 or-

1717 2791 1764 2954 dinem
1722 2542 1765 2753 narrant.
1714 2397 1761 2472 Ob
1729 2223 1775 2348 quae
1719 1979 1761 2174 coactus
1713 1550 1776 1931 Neoptolemus,
1720 1293 1767 1497 adverso

1796 2835 1843 2956 mari
1800 2747 1842 2798 et
1795 2550 1842 2713 multis
1794 2305 1856 2514 regionis
1793 2162 1840 2267 eius
1792 1724 1855 2127 prohibentibus,
1795 1471 1843 1673 classem
1814 1293 1846 1433 exor-

1880 2872 1923 2957 nat
1875 2524 1935 2837 ascenditque
1874 2366 1936 2489 ipse.
1872 2175 1918 2295 Dein
1872 1929 1919 2129 saevitia
1872 1718 1919 1893 hiemis
1875 1560 1921 1681 mari
1875 1291 1940 1522 fatigatus

1954 2625 2017 2957 appulsusque
1953 2518 1999 2578 ad
1952 2142 2016 2481 Sepiadum
1951 1871 2010 2094 littus,
1953 1704 2013 1833 quod
1960 1468 2018 1669 propter
1971 1291 2005 1433 saxo-

2050 2850 2080 2958 rum
2031 2459 2079 2800 difficultatem
2046 2221 2078 2399 nomen
2030 1923 2078 2162 eiusmodi
2032 1565 2093 1864 quaesierat,
2050 1290 2083 1506 omnes

2096 3240 2138 3281 ὼ
2112 2813 2158 2956 fere
2126 2578 2158 2767 naves
2111 2249 2169 2528 amittit,
2111 2101 2157 2201 vix
2110 1923 2173 2067 ipse
2127 1731 2157 1864 cum
2111 1560 2169 1686 his,
2114 1290 2175 1507 quiin

2190 2732 2237 2956 eodem
2191 2429 2254 2687 navigio
2189 2096 2249 2383 fuerant,
2188 1705 2237 2047 liberatus.
2190 1531 2238 1623 lbi
2192 1289 2241 1485 Pelea

2275 3315 2313 3333 ’ὲ
2273 3261 2298 3285 ’·’
2284 2784 2317 2959 avum
2270 2454 2332 2748 reperit³⁹
2275 2325 2318 2417 etc.

2354 3287 2360 3292 ‘
2348 2670 2395 2829 Locus
2349 2473 2412 2634 igitur,
2350 2387 2396 2435 in
2364 2254 2411 2350 quo
2364 2138 2396 2217 res
2348 1814 2412 2100 agebantur,
2355 1670 2397 1775 erat
2350 1499 2397 1634 littus
2350 1290 2415 1462 Sepia-

2430 3243 2460 3316 -’¹³
2429 2821 2487 2954 dum,
2426 2656 2489 2785 quod
2434 2513 2475 2619 erat
2429 2273 2476 2481 Phthiae
2429 1912 2490 2238 propinquum
2429 1830 2475 1878 in
2428 1456 2477 1786 Molossorum
2436 1287 2479 1419 terra

2515 3286 2547 3331 ’Ἣ
2514 3240 2540 3255 71
2508 2813 2554 2957 situm
2506 2721 2567 2784 ²²²),
2511 2621 2553 2672 et
2508 2392 2569 2574 prodiit
2509 2165 2570 2349 primus
2507 1776 2568 2126 Neoptolemus
2508 1510 2571 1727 naufragi
2510 1287 2570 1474 habitu,

2592 3238 2621 3309 ·s··
2586 2894 2633 2956 de
2585 2700 2632 2858 reditu
2600 2605 2631 2664 ex
2585 2394 2643 2569 Troia,
2587 2280 2633 2340 de
2591 1940 2648 2233 tempestate
2586 1517 2650 1891 naufragioque,
2589 1402 2636 1464 de
2590 1288 2649 1365 iis,

2679 3240 2701 3311 ’Μ’
2711 3148 2730 3150 3
2681 2833 2728 2955 quae
2680 2643 2727 2797 nuper
2665 2552 2711 2609 ab
2666 2267 2713 2512 Assandro
2666 2016 2711 2230 nuntiata
2665 1773 2727 1980 accepit,
2666 1574 2727 1734 deque
2668 1482 2714 1539 iis
2670 1285 2716 1446 omni-

2746 2865 2794 2955 bus
2745 2652 2802 2828 rebus,
2760 2481 2805 2600 quas
2746 2273 2807 2443 Dictys
2744 2054 2801 2236 refert,
2759 1756 2805 2017 exponens.
2743 1573 2791 1686 Sola
2748 1411 2793 1536 enim
2763 1287 2795 1373 no-

2836 3254 2865 3330 :22⁷³
2851 3148 2876 3153 s
2824 2829 2871 2957 mina
2822 2526 2887 2792 Chrysippi
2826 2256 2886 2491 Aratique
2823 2159 2869 2220 de
2837 2036 2868 2123 suo
2822 1919 2869 2001 ille
2822 1611 2879 1884 addidisse,
2826 1525 2872 1572 in
2827 1287 2889 1491 reliquis

2903 2711 2965 2958 Euripidis
2904 2474 2964 2674 vestigia
2904 2203 2951 2439 fidissime
2907 1971 2949 2167 secutus
2919 1829 2949 1939 esse
2902 1590 2953 1799 videtur.
2904 1284 2954 1519 Prodisse

2980 2776 3029 2955 deinde
2996 2681 3027 2741 ex
2983 2414 3043 2644 spelunca
2983 2176 3029 2378 Peleum
2983 1871 3029 2138 verisimile
2988 1745 3031 1834 est.
2982 1604 3030 1675 De
2985 1446 3031 1582 cuius
3001 1286 3032 1417 com-
3031 812 3037 823 ,.

3060 2687 3108 2956 moratione
3060 2593 3107 2640 in
3062 2465 3108 2542 his
3063 2296 3109 2415 locis
3063 2130 3109 2251 haec
3062 1883 3109 2082 tradidit
3062 1634 3125 1831 Dictys:
3063 1479 3121 1584 „lbi
3063 1284 3111 1433 Pelea
3087 800 3105 830 ›
3113 760 3125 764 ,

3156 2816 3188 2956 avum
3140 2569 3201 2779 reperit,
3141 2225 3189 2519 occultatum
3141 1935 3205 2175 spelunca·
3142 1750 3188 1911 abdita
3147 1657 3188 1704 et
3143 1286 3203 1610 tenebricosa,
3204 759 3213 763 Δ

3219 2872 3268 2957 ubi
3234 2671 3276 2837 senex,
3220 2539 3266 2634 vim
3226 2353 3281 2501 atque
3220 2120 3267 2317 insidias
3220 1917 3267 2084 Acasti
3220 1661 3281 1879 evitans,
3221 1415 3270 1609 assidue
3238 1284 3269 1369 ne-
3187 799 3251 814 1
3223 759 3274 763 f

3293 3239 3338 3307 ’Μ’
3303 3141 3350 3153 ζέ
3303 2828 3366 2956 potis
3300 2548 3348 2791 desiderio
3300 2234 3358 2510 navigantes
3305 2148 3346 2196 et
3300 2074 3345 2112 si
3300 1955 3361 2037 qui
3299 1791 3347 1920 forte
3316 1698 3346 1756 eo
3300 1478 3363 1669 appulsi
3308 1283 3349 1449 essent
3287 755 3299 764 h

3386 3240 3417 3298 ¹²³¹
3420 3140 3442 3153 ·÷
3380 2711 3445 2953 speculari
3374 2375 3426 2681 consuerat.⁷⁷
3378 2188 3425 2327 Hanc
3379 1877 3440 2158 speluncam
3378 1608 3439 1847 colloquio
3379 1284 3441 1580 descriptam
3380 807 3412 821 ‘l

3468 3239 3494 3294 Ν
3462 3141 3466 3142 ’
3460 2796 3508 2954 fuisse
3458 2496 3523 2759 putandum
3462 2361 3502 2458 est:
3464 2069 3520 2321 receptum
3458 1906 3503 2030 enim
3472 1813 3502 1867 ac
3457 1508 3519 1783 perfugium
3459 1389 3505 1480 sibi
3475 1284 3506 1363 so-
3468 804 3510 836 μ’,
3507 757 3509 761 ,

3533 3273 3539 3278 ’
3558 3148 3575 3153 r
3540 2768 3601 2952 ciisque
3538 2457 3600 2720 quaerebat
3536 2039 3598 2408 Neoptolemus.
3536 1797 3582 1965 Genus
3551 1605 3581 1744 suum
3551 1282 3599 1555 nomenque

3618 3300 3650 3306 '¹
3614 3244 3653 3254 ἶ
3578 3148 3652 3154 i
3623 2903 3666 2953 et
3618 2722 3665 2869 Peleo
3624 2635 3665 2683 et
3615 2276 3679 2599 Neoptolemo
3621 2042 3677 2241 propter
3614 1841 3661 2005 Acasti
3614 1607 3661 1805 insidias
3616 1283 3678 1568 celantibus,

3712 3244 3727 3294 Μ’
3686 3148 3722 3154 J
3704 2777 3745 2952 neuter
3698 2519 3744 2725 alterum
3696 2158 3758 2468 agnoscebat,
3694 1854 3741 2088 Invitatus
3694 1760 3740 1806 in
3694 1426 3757 1711 speluncam
3712 1281 3744 1390 cum

3791 3243 3813 3303 s*-
3776 3152 3789 3155 ¹
3776 2806 3825 2953 Peleo
3793 2716 3824 2770 se
3776 2488 3824 2680 confert
3774 2231 3821 2437 iuvenis.
3773 1962 3819 2159 Interim
3772 1791 3818 1910 socii
3773 1573 3833 1743 huius,
3777 1389 3822 1519 vecti
3792 1280 3823 1337 eo

3879 3311 3885 3324 -
3867 3252 3894 3286 «λ
3847 3152 3883 3154 l
3857 2745 3919 2951 navigio,
3855 2580 3918 2707 quod
3854 2386 3901 2541 solum
3869 2289 3899 2347 ex
3852 2002 3915 2253 naufragio
3857 1714 3898 1955 servatum
3858 1572 3912 1675 est,
3855 1280 3902 1530 dominum

3925 3151 3962 3154 ³
3936 2591 3998 2951 subsequuntur
3938 2493 3981 2543 et
3934 2396 3980 2444 in
3948 2154 3979 2348 scenam
3932 1863 3994 2107 prodeunt
3931 1583 3994 1819 parodum
3939 1281 3982 1545 cantantes·

4184 2433 4199 2443 t

4186 2617 4242 2810 κληθέν,
4184 2502 4230 2570 ὅτι
4203 2433 4242 2459 η
4186 2259 4236 2386 Θέτις
4184 2127 4229 2219 ἐκεῖ
4186 2037 4234 2099 εἰς
4187 1839 4239 2006 σηπίαν
4182 1475 4241 1811 μετεμορφώθη
4185 1276 4226 1444 διωκο-

4254 2697 4312 2807 μένη
4256 2578 4301 2666 ’ὑπὸ
4258 2460 4300 2542 τοῦ
4256 2230 4310 2427 Πηλέως.
4256 2101 4298 2169 Cf.
4256 1831 4300 2071 Dederichi
4259 1654 4297 1802 annot.
4256 1566 4297 1623 ad
4253 1279 4305 1537 Dict.vl‚7.

4326 2653 4381 2807 Eur-ip.
4328 2413 4370 2619 Androm.
4326 2260 4369 2382 1265.

4051 815 4079 817 l

4134 3141 4150 3144 l
4118 2843 4171 2890 ³¹⁵)
4118 2657 4160 2810 Schol.
4119 2482 4172 2627 Apoll.
4118 2405 4167 2452 I,
4116 2269 4158 2374 582:
4113 2037 4170 2216 Σηπιὰς
4112 1725 4171 2006 οἷκρωτήριον
4114 1426 4168 1697 Μαγνησίας
4110 1279 4156 1395 οὕτω
4088 814 4179 831 Ξ
4120 783 4158 795 :fi

4392 1614 4439 1724 19*
