5010 3336
1132 2046 1187 2162 437

1287 2851 1330 2933 aut
1297 2724 1329 2818 non
1282 2519 1328 2689 curant
1279 2348 1335 2486 mala,
1292 2185 1338 2309 qnae
1277 1979 1337 2151 partim
1290 1916 1320 1942 a
1272 1792 1320 1880 diis
1272 1438 1320 1757 immittuntur
1287 1294 1335 1405 par-

1363 2845 1408 2932 tim
1361 2739 1407 2797 ab
1359 2573 1421 2692 ipsis
1357 2250 1405 2522 hominibus
1355 1937 1401 2202 iniustitiae
1354 1626 1399 1890 amantibus
1351 1293 1409 1582 inferuntur,

1440 2661 1503 2931 quibusque
1438 2535 1484 2627 vita
1435 2231 1483 2500 mortalium
1436 1879 1490 2196 everteretur,
1431 1750 1478 1844 nisi
1435 1554 1476 1715 essent
1429 1450 1475 1537 viri
1434 1291 1476 1415 stre-

1520 2834 1577 2933 nui,
1518 2625 1576 2795 sortes,
1513 2288 1578 2588 magnanimi,
1510 2044 1571 2255 benigni,
1511 1857 1556 2008 laudis
1508 1536 1568 1830 honorisque
1507 1289 1565 1511 studiosi,

1598 2851 1659 2932 qui
1595 2636 1643 2819 nullum
1594 2390 1641 2601 laborem
1591 2066 1643 2354 detrectent,
1589 1850 1635 2031 nulhnn
1586 1557 1649 1825 periculum
1586 1289 1645 1535 horreant,

1676 2817 1723 2933 dum
1674 2606 1735 2781 punitis
1669 2322 1726 2571 maleficis,
1668 2086 1715 2286 sublatis
1666 1899 1725 2050 malis,
1666 1725 1712 1865 victis
1665 1453 1722 1690 hostibus,
1662 1289 1709 1417 salu-

1759 2832 1801 2934 tem
1752 2387 1810 2798 securitatemque
1751 2306 1792 2354 et
1746 2179 1792 2273 sibi
1750 2099 1793 2147 et
1745 1911 1792 2055 sociis
1748 1816 1790 1866 et
1743 1614 1789 1795 civibus
1747 1542 1788 1591 et
1741 1287 1788 1516 universo

1831 2766 1895 2932 generi
1831 2527 1877 2733 humano
1825 2221 1874 2492 restituant.
1824 1987 1886 2154 Itaque
1838 1819 1870 1955 more
1836 1600 1876 1784 eorum,
1820 1483 1881 1564 qui
1819 1288 1882 1449 legum

1909 2694 1959 2931 beneficio
1907 2566 1954 2659 tuti
1906 2484 1952 2532 in
1903 2181 1951 2450 civitatibus
1903 1998 1949 2146 vitam
1902 1672 1949 1962 desidiosam
1898 1483 1945 1640 ventri
1895 1286 1945 1449 Vene-

1990 2790 2050 2930 rique
1986 2612 2034 2763 dediti
1983 2308 2043 2591 transigunt,
1983 2114 2028 2271 securi
1980 1805 2042 2081 hilaresque
1978 1524 2025 1769 Bacchum
1990 1286 2037 1495 sequun-

2072 2850 2115 2929 tur
2072 2766 2114 2816 et
2062 2413 2127 2733 nympharum
2060 2137 2109 2378 Venerem
2063 1836 2117 2101 venantur,
2058 1669 2115 1800 nudi,
2054 1388 2119 1632 protervi,
2053 1284 2100 1353 ri—

2147 2757 2193 2928 dentes
2142 2565 2201 2721 seria,
2140 2275 2188 2517 elevantes
2139 2035 2202 2225 gravia,
2154 1833 2199 1990 neque
2134 1474 2196 1798 Aristophane
2131 1282 2179 1442 minus

2224 2736 2272 2929 dicaces
2221 2448 2281 2701 facetique.
2218 2314 2263 2379 Et
2218 2233 2264 2281 hi
2217 1974 2278 2197 quidem,
2215 1713 2279 1936 quoniam
2211 1406 2273 1681 vulgaribus
2210 1282 2257 1372 ho-

2302 2718 2351 2928 minibus
2298 2500 2347 2682 similes
2302 2325 2356 2463 sunt,
2297 2211 2341 2271 ad
2296 2040 2342 2175 chori
2309 1748 2357 2006 personam
2293 1665 2338 1713 in
2290 1460 2338 1632 fabulis
2304 1281 2351 1426 agen-

2382 2815 2428 2926 dam
2379 2683 2442 2781 apti
2380 2521 2425 2650 sunt.
2375 2360 2421 2452 Est
2380 2166 2421 2325 autem
2373 2003 2419 2131 aliud
2387 1819 2434 1968 genus
2371 1470 2418 1786 scelestorum
2366 1280 2414 1435 homi—

2474 2810 2507 2927 num
2458 2675 2504 2777 sive
2456 2354 2502 2641 daemonum
2452 2242 2498 2318 vel
2452 1945 2499 2208 calliditate
2452 1836 2498 1912 vel
2450 1634 2496 1804 virium
2444 1277 2509 1601 magnitudine

2552 2774 2599 2923 supra
2536 2572 2598 2742 vulgus
2532 2226 2579 2536 eminentium
2537 2130 2577 2179 ct
2530 1886 2577 2084 audacia
2530 1671 2576 1845 heroas
2524 1279 2582 1635 aemulantium,

2630 2663 2681 2923 pronorum
2614 2579 2659 2629 in
2610 2345 2668 2543 scelera,
2614 2260 2656 2308 et
2613 2052 2671 2226 quanto
2609 1859 2655 2016 studio
2608 1775 2654 1825 hi
2606 1618 2654 1743 mala
2602 1278 2652 1584 defendendo

2695 2715 2741 2922 salutem
2690 2490 2738 2681 miseris
2690 2178 2745 2456 restituunt,
2692 2013 2735 2141 tanta
2686 1779 2734 1978 libidine
2685 1675 2731 1748 illi
2684 1444 2746 1642 rapinis,
2680 1276 2726 1407 frau-

2773 2761 2831 2920 dibus,
2770 2482 2827 2725 caedibus,
2769 2288 2815 2441 onmis
2767 2043 2827 2251 denique
2766 1817 2827 2011 generis
2764 1604 2811 1785 iniuriis
2765 1394 2808 1571 vexant
2757 1275 2806 1361 ob-

2853 2818 2899 2921 vios
2856 2732 2898 2781 et
2849 2469 2896 2701 infestant
2852 2265 2894 2435 terras.
2845 2130 2891 2198 Hi
2844 1871 2891 2094 scelerati
2844 1626 2904 1828 primam
2841 1532 2888 1582 in
2836 1274 2901 1499 satyricis

2930 2744 2978 2920 fabulis
2942 2437 2991 2699 personam
2929 2246 2986 2392 agunt
2927 2151 2970 2200 et
2923 2000 2969 2107 fere
2922 1692 2968 1954 certamine
2934 1537 2966 1645 cnm
2914 1272 2964 1490 Hercule

3010 2818 3057 2918 sive
3022 2691 3070 2783 quo
3006 2564 3053 2656 alio
3005 2312 3052 2517 heroum
3003 2149 3050 2270 inito
3003 2043 3049 2104 de
3001 1840 3048 2000 medio
2999 1559 3047 1806 tolluntur.
2996 1271 3058 1491 Reprae-

3091 2678 3135 2918 sentatam
3089 2444 3147 2636 spectas
3084 2196 3145 2399 primam
3080 1874 3128 2147 mortalium
3078 1476 3135 1826 conditionem,
3072 1269 3136 1425 qualis

3166 2822 3211 2916 suit
3170 2680 3211 2790 ante
3163 2515 3223 2647 leges
3163 2249 3218 2480 inventas,
3161 2108 3205 2211 iura
3160 1798 3212 2073 constituta,
3156 1547 3203 1761 conditas
3154 1271 3212 1510 civitates,

3242 2687 3291 2915 traditam
3241 2318 3301 2654 firmatamque
3237 1961 3299 2275 disciplinam.
3234 1744 3283 1894 Vides
3235 1639 3281 1697 ab
3234 1440 3279 1590 altera
3234 1267 3292 1409 parte

3324 2694 3383 2913 satyros,
3319 2470 3365 2646 inertia
3322 2374 3363 2424 et
3318 2148 3363 2339 lascivia
3316 1863 3377 2104 insignes,
3313 1658 3375 1816 turpia
3310 1374 3366 1624 animalia3
3308 1269 3355 1327 ab

3400 2759 3447 2913 altera
3399 2500 3454 2725 latrones,
3403 2251 3441 2465 monstra
3395 2024 3441 2217 licentia
3399 1847 3453 1989 atque
3390 1511 3453 1824 improbitate
3386 1269 3435 1477 horribi-

3479 2832 3526 2911 lia.
3475 2624 3524 2764 Adde
3474 2332 3530 2589 Hercules,
3473 2075 3519 2295 Theseos
3472 1833 3532 2047 aliosque
3470 1694 3516 1798 eius
3468 1482 3529 1671 generis
3466 1267 3522 1462 heroes,

3557 2830 3619 2910 qui
3554 2749 3600 2795 vi
3552 2471 3614 2715 armisque
3551 2241 3598 2437 iniurias
3552 1965 3597 2205 vindicant
3554 1882 3596 1931 et
3548 1789 3595 1847 ad
3546 1487 3609 1755 puniendos
3542 1266 3590 1453 malefi-

3650 2798 3693 2911 cos,
3631 2528 3679 2741 tollenda
3630 2273 3677 2483 serarum
3630 1873 3689 2217 hominumque
3631 1586 3684 1827 monstra,
3621 1263 3670 1534 liberandas

3712 2644 3762 2911 terroribus
3714 2443 3756 2599 terras
3724 2359 3755 2414 ac
3709 2174 3755 2323 maria
3708 1961 3755 2128 orbem
3710 1642 3769 1925 peragrant,
3706 1549 3749 1596 et
3700 1260 3749 1516 verissime

3807 2745 3840 2909 rerum
3790 2398 3836 2713 humanarum
3792 2159 3846 2363 statum,
3786 1960 3848 2111 qualis
3786 1835 3831 1928 fuit
3788 1690 3830 1801 ante
3782 1398 3828 1655 constituta
3779 1260 3825 1365 iura

3868 2568 3929 2905 conditamque
3865 2204 3926 2534 disciplinam,
3866 1908 3926 2156 qualisque
3863 1678 3925 1863 legibus
3860 1377 3907 1642 iacentibus
3858 1259 3902 1342 aut

3946 2720 3996 2905 eversis
3960 2490 4008 2683 semper
3960 2345 3991 2455 esse
3943 2172 4002 2311 solet,
3943 2050 3989 2136 sub
3942 1849 3989 2012 oculos
3941 1602 4003 1815 positum
3949 1260 3999 1569 expressum-

4041 2806 4089 2901 que
4024 2544 4072 2762 habebis.
4022 2204 4070 2466 I'oetarum
4020 1917 4069 2153 beneficio
4020 1610 4067 1857 silvestres
4015 1331 4064 1552 homines
4028 1257 4057 1285 a

4104 2670 4151 2899 caedibus
4103 2409 4164 2635 victuque
4100 2268 4149 2373 sero
4100 1999 4149 2223 deterriti
4102 1831 4147 1964 sunt:
4115 1675 4146 1784 nam
4096 1535 4144 1631 fuit
4094 1369 4141 1491 haec
4105 1259 4137 1336 sa-

4181 2718 4244 2898 pientia
4181 2428 4243 2685 quondam,

3347 848 3351 849 ⁷
3373 836 3545 849 iza-245¹*-
3562 837 3574 840 -
3579 836 3606 845 ω’
