5010 3336
1655 723 1662 725 ⁴
1658 750 1664 752 r

3948 2084 4004 2203 17⁰

3815 1302 3865 1615 interfectum
3814 1650 3864 1710 ad
3812 1746 3861 1931 inferos
3793 1965 3851 2214 sequatur.
3788 2285 3855 2702 Clytaemnestra,
3787 2744 3846 2879 gravi
3796 2915 3845 2987 in-

3737 1302 3784 1427 iuria
3735 1461 3784 1591 laesa
3733 1626 3780 1683 ab
3714 1720 3780 2100 Agamemnone,
3726 2137 3759 2248 cum
3710 2286 3774 2530 Telepho,
3722 2568 3766 2619 et
3705 2648 3767 2910 peregrino
3717 2936 3759 2988 et

3643 1299 3703 1457 hoste,
3654 1494 3702 1695 consilia
3635 1731 3699 1992 coniungit.
3629 2061 3694 2274 Aerope,
3645 2312 3692 2442 nulla
3642 2470 3691 2650 affecta
3627 2671 3689 2862 iniuria,
3636 2898 3683 2987 sed

3577 1302 3624 1404 sola
3573 1450 3623 1651 libidine
3555 1699 3618 1933 impulsa,
3566 1994 3614 2182 nefaria
3549 2228 3612 2437 perfidia
3547 2489 3595 2691 reguum
3560 2737 3591 2766 a
3557 2813 3605 2985 marito

3497 1298 3544 1359 ad
3493 1392 3542 1669 adulterum
3489 1707 3537 1941 transfert
3474 1969 3537 2039 *).

3201 1817 3254 1885 A.
3193 1975 3254 2471 Cressae.

3091 1423 3141 1684 Materiam
3086 1733 3136 1937 eandem
3067 1988 3133 2261 Sophocles
3062 2311 3120 2455 atque
3060 2503 3124 2769 Euripides
3073 2805 3118 2985 tracta-

2997 1292 3053 1433 runt,
3010 1483 3058 1571 sed
3008 1607 3059 1800 diversa
3001 1835 3052 2041 ratione.
2998 2110 3049 2355 Docemur
2995 2390 3038 2552 autem
2995 2589 3043 2651 de
2979 2686 3039 2984 argumentis

2915 1289 2978 1582 dramatum,
2913 1619 2960 1741 quae
2908 1776 2974 2084 interierunt,
2902 2120 2966 2338 scholiis,
2900 2376 2946 2501 quae
2914 2535 2956 2648 sunt
2914 2683 2961 2740 ad
2895 2779 2961 2983 Euripi-

2850 1288 2897 1362 dis
2846 1400 2897 1563 Orest.
2845 1598 2878 1641 v.
2845 1675 2892 1786 800.
2844 1823 2887 1872 et
2840 1906 2888 2017 989.
2821 2055 2885 2265 scripta,
2820 2315 2882 2488 quibus
2834 2534 2881 2652 locis
2834 2691 2882 2752 ad
2831 2788 2874 2981 utrum-

2753 1286 2800 1381 que
2751 1416 2809 1613 poetam
2762 1652 2812 1937 nominatim
2743 1973 2799 2287 provocatur,
2753 2324 2795 2374 et
2737 2410 2801 2700 Euripidem
2735 2734 2801 2982 designari

2688 1285 2735 1361 vel
2687 1397 2734 1510 inde
2670 1545 2729 1696 patet,
2670 1732 2730 1862 quod
2661 1900 2728 2182 philosophi
2660 2215 2715 2382 partes
2659 2419 2724 2512 (ὡς
2674 2546 2724 2613 ἂν
2653 2648 2721 2980 φιλοσόφου)

2608 1285 2655 1436 Atreo
2606 1490 2653 1697 tributas
2602 1752 2651 1908 fuisse
2596 1953 2647 2205 doeemur.
2593 2293 2643 2649 Verumtamen
2592 2695 2638 2757 ad
2577 2803 2623 2982 prooe-

2528 1284 2574 1432 mium
2524 1471 2573 1723 dumtaxat
2506 1758 2567 2007 pertinent
2501 2057 2547 2181 quae
2515 2228 2563 2295 ibi
2500 2331 2560 2648 reseruntur3
2497 2699 2559 2887 reliqua
2509 2922 2557 2981 ab

2431 1279 2494 1476 Hygino
2428 1514 2491 1818 supplentur,
2424 1858 2486 1939 qui
2437 1978 2468 2017 c.
2433 2055 2479 2134 88.
2432 2172 2480 2355 haecce
2431 2390 2478 2573 refert:
2417 2611 2478 2847 ‚‚AtreuS‚
2428 2883 2478 2980 Pe-

2351 1278 2415 1408 lopis
2365 1444 2408 1493 et
2348 1528 2413 1890 Hippodamiae
2345 1929 2404 2088 lilius,
2337 2127 2399 2331 cupiens
2352 2368 2382 2393 a
2335 2430 2398 2656 Thyeste
2350 2693 2398 2852 fratre
2348 2889 2380 2981 suo

2285 1276 2334 1480 iniurias
2267 1517 2328 1747 exsequi,
2281 1802 2326 1847 in
2261 1897 2322 2101 gratiam
2272 2151 2303 2262 cum
2271 2312 2302 2369 eo
2271 2419 2317 2569 rediit
2269 2605 2317 2737 etin
2252 2773 2301 2976 regnum

2206 1276 2238 1420 suum
2204 1456 2235 1566 eum
2200 1603 2248 1800 reduxit
2181 1833 2245 2061 filiosque
2192 2096 2239 2200 eius
2190 2236 2238 2447 infantes
2189 2484 2238 2746 Tantalum
2188 2785 2230 2835 et
2188 2876 2236 2976 Pli-

2124 1276 2173 1504 sthenem
2121 1542 2168 1725 occidit
2119 1760 2161 1811 et
2101 1839 2163 1995 epulis
2097 2022 2162 2234 Thyesti
2093 2254 2157 2501 apposuit.
2094 2540 2155 2635 Qui
2107 2668 2138 2777 cum
2106 2805 2138 2977 vesce-

2033 1274 2086 1440 retur,
2041 1484 2090 1666 Atreus
2021 1714 2086 1974 imperavit
2030 2022 2079 2221 brachia
2029 2257 2070 2308 et
2028 2346 2059 2430 ora
2011 2467 2059 2739 puerorum
2025 2777 2074 2977 afferri:

1964 1272 2011 1334 ob
1963 1383 2009 1432 id
1962 1482 2009 1644 scelus
1956 1695 2004 1843 etiam
1955 1881 2001 1955 sol
1950 1994 1983 2192 currum
1947 2228 1994 2423 avertit.
1930 2497 1993 2747 Thyestes
1944 2784 1992 2975 scelere

1883 1270 1930 1463 nefario
1866 1502 1925 1694 cognito
1857 1731 1923 1949 profugit
1873 1986 1919 2044 ad
1854 2082 1900 2249 regem
1851 2286 1916 2660 Thesprotum⁷'
1866 2698 1908 2797 ete.
1864 2868 1912 2973 Ho-

1803 1270 1835 1377 rum
1785 1415 1849 1652 pleraque
1797 1688 1828 1798 eum
1777 1835 1841 2131 fragmentis
1773 2169 1835 2477 conspirant3
1785 2527 1831 2853 removendae
1782 2889 1814 2975 au-

1722 1268 1764 1372 tem
1720 1408 1763 1520 sunt
1719 1554 1766 1680 duae
1716 1714 1748 1811 res.
1712 1880 1761 2099 Primum
1708 2151 1755 2280 enim
1707 2334 1738 2393 ex
1705 2430 1753 2541 filiis
1688 2578 1752 2818 Thyestis
1701 2854 1734 2976 non—

1642 1267 1689 1364 nisi
1639 1400 1672 1524 unus
1621 1561 1684 1797 puerulus
1620 1834 1675 1964 erat,
1630 2014 1678 2140 alter
1626 2175 1675 2371 adultus
1624 2408 1656 2516 cum
1606 2557 1665 2695 patre
1622 2731 1668 2795 de
1620 2828 1652 2975 recu-

1544 1266 1608 1487 perando
1542 1523 1590 1674 reguo
1551 1710 1587 1989 sermonem
1545 2027 1597 2330 conserebat.
1542 2403 1593 2591 Deinde
1541 2628 1573 2689 ex
1524 2726 1589 2974 Sophocle

1478 1267 1528 1514 adiectum
1476 1552 1518 1627 est
1473 1663 1521 1818 solem
1470 1856 1503 2056 currum
1465 2094 1513 2363 avertisse:
1447 2416 1511 2680 Euripides
1461 2718 1507 2844 enim
1459 2865 1502 2970 tan—

1399 1266 1442 1371 tum
1381 1425 1444 1612 abfuit,
1393 1662 1436 1716 ut
1375 1769 1437 2110 superstitioni
1370 2163 1433 2520 suffragaretur
1366 2551 1431 2663 **)‚
1382 2721 1423 2773 ut
1378 2822 1428 2972 doce-

1318 1264 1359 1342 ret
1305 1377 1364 1455 id,
1300 1511 1361 1644 quod
1302 1681 1355 1784 est,
1306 1838 1354 2135 contrarium
1305 2172 1352 2313 coelo
1302 2349 1336 2547 cursum
1300 2586 1342 2757 tenere
1288 2794 1346 2969 solem,

1223 1262 1287 1412 idque
1236 1464 1283 1524 ab
1233 1574 1281 1727 Atreo
1214 1790 1276 1948 primo
1223 2000 1273 2282 hominibus
1207 2334 1270 2639 patefactum
1218 2706 1250 2819 esse
1203 2841 1269 2969 ***).

1157 1262 1207 1440 Suidas
1138 1477 1187 1672 quoque
1150 1706 1197 1769 ad
1131 1804 1198 2097 Euripidem
1127 2133 1190 2355 respexit
1141 2389 1190 2615 reserens
1138 2652 1187 2757 sola
1121 2805 1185 2968 suspi-

1023 1316 1078 1360 *)
1036 1392 1077 1460 Cf.
1031 1491 1077 1689 Schoell.
1029 1721 1071 1774 de
1010 1808 1068 2055 tetralogiis
1009 2085 1067 2244 tragic.
1024 2276 1065 2406 Attio.
1010 2439 1049 2483 p.
1021 2515 1063 2599 130
1006 2627 1047 2751 seqq.

953 1302 1006 1362 ”’)
962 1392 1005 1558 Electr.
961 1590 1003 1696 737:
946 1730 1001 1925 λέγεται·
953 1958 997 2045 τᾶν
952 2077 995 2126 δὲ
952 2154 994 2307 πίστιν
937 2337 993 2530 σμικρὰν
934 2559 991 2666 παρ’
934 2696 992 2839 ἔμοιγ’
934 2862 990 2963 ἔχει,

881 1274 935 1364 ***)
892 1394 934 1548 Schol.
891 1581 932 1637 ad
887 1668 931 1812 orest.
884 1843 928 1951 989:
874 1994 922 2269 πιθανῶς
880 2308 923 2357 δὲ
880 2399 924 2423 ὁ
864 2465 923 2726 Εὐριπίδης
876 2759 918 2842 τὸν
863 2881 917 2965 μῦ-

820 1402 861 1495 θον
803 1522 862 1900 παρήρμοσεν
830 1920 840 1929 ·
812 1963 855 1988 ὁ
796 2020 853 2105 γὰρ
797 2138 854 2333 φυσικὸς
796 2362 851 2494 λόγος
806 2514 851 2596 τὸν
792 2616 852 2746 ἥλιον
803 2769 849 2961 ἀποδεί-

748 1402 777 1533 κνυσι
734 1561 792 1647 τὴν
741 1678 790 1891 ἐναντίαν
726 1919 782 2110 πορείαν
738 2136 783 2267 ἰόντα
722 2298 779 2362 τῷ
720 2393 782 2590 οὐρανῷ.
