5010 3336
3839 2130 3897 2250 452

3693 1485 3758 1612 μίαν
3691 1647 3758 1713 δὴ
3693 1745 3755 1905 κλύω,
3689 1941 3754 2067 μίαν
3699 2101 3750 2207 τῶν
3684 2241 3748 2411 πάρος

3613 1486 3675 1696 γυναῖκ7
3626 1733 3677 1803 ἐν
3611 1838 3675 2071 φίλοις
3605 2103 3671 2267 χέρα
3603 2302 3667 2539 βαλεῖν
3597 2573 3666 2866 τέκνοις,

3546 1478 3603 1594 Ἰνὼ
3531 1625 3592 1883 μανεῖσαν
3542 1920 3594 1977 ἐκ
3529 2009 3590 2169 θεῶν,
3538 2208 3590 2291 ὅθ’
3521 2324 3587 2359 ἦ
3527 2394 3588 2529 Διὸς

3449 1483 3517 1656 δάμαρ
3464 1692 3497 1779 νιν
3446 1814 3515 2061 ἐξέπεμψε
3444 2096 3509 2354 δωμάτων
3440 2387 3504 2487 ἄλῃ
3480 2505 3491 2517 ·

3384 1480 3431 1655 πιτνεῖ
3383 1685 3434 1731 δ’
3384 1768 3435 1802 ά
3379 1836 3431 2035 τάλαιν’
3367 2072 3431 2125 ἐς
3362 2159 3428 2334 ἅλμαν
3359 2369 3425 2520 φόνῳ

3303 1480 3356 1681 τέκνων
3285 1716 3353 1969 δυςσεβεῖ,

3207 1480 3275 1641 άκτῆς
3207 1674 3273 2020 ὑπερτείνασα
3206 2054 3267 2269 ποντίας
3203 2304 3266 2460 πόδα,

3142 1479 3194 1679 δυοῖν
3142 1713 3174 1779 τε
3138 1813 3189 2100 παίδοιν
3126 2137 3187 2554 ξυνθανοῦσ’
3131 2589 3184 2979 ἀπόλλυται.

3064 1346 3115 1478 Non
3052 1513 3110 1800 alienos,
3059 1853 3105 1964 sed
3041 2014 3102 2324 proprios
3054 2374 3101 2623 liberos
3053 2660 3099 2718 ab
3050 2756 3098 2902 lnone
3035 2937 3081 3028 per

2985 1344 3034 1581 insaniam
2981 1599 3030 1887 interfectos
2979 1915 3010 2028 esse
2978 2054 3025 2173 dicit
2961 2190 3016 2352 poeta,
2974 2374 3021 2552 deinde
2957 2576 3019 2866 corporibus
2970 2894 3002 3024 mor-

2905 1344 2947 1538 tuorum
2905 1566 2950 1613 in
2902 1635 2934 1804 manns
2900 1836 2947 2039 sublatis
2896 2068 2943 2297 miseram
2894 2327 2925 2357 u
2895 2374 2926 2402 n
2895 2420 2925 2445 a
2894 2471 2925 2601 cum
2894 2637 2924 2663 a
2893 2679 2923 2726 m
2891 2743 2937 2815 bo
2891 2833 2938 2861 b
2891 2877 2922 2943 us
2890 2978 2936 3026 in

2825 1342 2856 1478 mare
2825 1525 2855 1580 se
2805 1623 2869 2002 praecipitasse,
2802 2054 2862 2461 quemadmodum
2813 2503 2856 2641 recte
2794 2676 2860 3026 interpretatur

2742 1342 2792 1655 scholiastes.

2665 1472 2713 1524 In
2663 1560 2711 1710 Inone
2661 1744 2709 1851 sine
2658 1887 2708 2037 dubio
2658 2086 2704 2149 de
2654 2184 2702 2492 Athamantis
2638 2528 2685 2735 genere,
2649 2787 2699 3021 fratribus

2569 1342 2631 1660 cognatisque
2567 1706 2628 1984 expositum
2563 2039 2619 2174 erat7
2559 2236 2622 2366 quod
2574 2441 2621 2489 in
2573 2543 2620 2658 lone
2556 2707 2619 2884 negligi
2570 2928 2617 3021 mi-

2504 1338 2536 1448 rum
2491 1487 2546 1652 esset,
2502 1699 2549 1790 nisi
2485 1834 2547 2001 priore
2482 2034 2543 2283 tragoedia
2492 2316 2540 2562 theatrum
2491 2601 2539 2830 edoctum
2489 2862 2539 3021 fuisse

2423 1338 2471 1545 credere
2423 1581 2471 1771 liceret.

2311 670 2384 674 ’
2324 727 2334 758 Γ,
2344 1468 2391 1808 Erechtheum
2341 1846 2373 1940 uua
2338 1976 2371 2085 cum
2336 2123 2385 2236 Ione
2335 2283 2383 2332 in
2333 2380 2366 2579 scenam
2331 2625 2380 2838 delatum
2320 2889 2363 3018 esse,

2177 668 2310 764 ’ΜΨ
2265 1336 2311 1386 id
2249 1435 2311 1569 quod
2248 1606 2312 1918 Musgravius
2242 1972 2305 2249 suspicatus
2242 2294 2297 2399 est,
2254 2449 2284 2509 ex
2237 2552 2300 2775 pluribus
2251 2822 2298 3018 indiciis

2145 666 2175 671 l

2106 667 2139 670 l

2182 1334 2231 1559 coniiciO.
2182 1629 2232 1847 Primum
2180 1883 2226 2012 enim
2160 2050 2210 2368 quaecuuque
2174 2404 2221 2467 de
2172 2502 2220 2786 Erechtheo
2171 2821 2218 3016 liberis-

2087 1334 2135 1430 que
2103 1466 2150 1570 eius
2104 1622 2152 1671 in
2103 1722 2151 1838 Ione
2082 1887 2138 2358 commemorantur,
2093 2406 2126 2517 cum
2078 2566 2134 2853 argumento
2091 2887 2138 3015 illius

2025 1332 2072 1567 dramatis
2012 1609 2067 1907 congruunt,
2008 1956 2067 2088 quod
2016 2139 2065 2358 estsere
2013 2406 2060 2735 certissimum
2011 2771 2058 3015 societafis

1944 1331 1991 1607 dramatum
1942 1661 1993 2009 documentum
1926 2045 1991 2111 *).
1940 2183 1988 2261 Cf.
1934 2300 1969 2343 v.
1935 2380 1980 2478 277
1918 2512 1965 2648 seqq.
1931 2717 1981 2905 Deinde
1930 2938 1978 3013 in—

1855 643 1898 645 }
1912 692 1921 695 ’
1914 724 1924 729 ²
1849 1332 1913 1534 digenas
1867 1562 1898 1674 esse
1852 1701 1912 1909 Atticos,
1862 1945 1894 2041 non
1860 2065 1909 2234 alienis
1858 2260 1890 2321 ex
1855 2350 1901 2497 terris
1852 2524 1900 2765 variarum
1836 2797 1897 3012 gentium

1839 708 1855 728 ⁹
1770 1332 1833 1472 quasi
1787 1509 1835 1716 colluvie
1783 1750 1829 1940 temere
1768 1976 1830 2236 collect0S,
1776 2285 1810 2382 non
1773 2428 1823 2590 minus
1756 2626 1820 2803 cupide
1770 2837 1819 2889 in
1768 2921 1818 3014 hac

1691 1328 1755 1580 tragoedia
1692 1617 1738 1761 quam
1705 1796 1751 1846 in
1703 1881 1751 1997 lone
1687 2031 1748 2376 praedicatur:

1612 1459 1684 1495 ᾗ
1614 1530 1676 1712 πρῶτα
1611 1745 1675 1842 μὲν
1613 1876 1675 2004 λεὼς
1620 2040 1671 2138 οὐκ
1605 2173 1671 2394 ἐπακτὸς
1599 2428 1663 2672 ἄλλοθεν,

1530 1462 1597 1787 αὐτόχθονες
1543 1821 1593 1873 δ’
1526 1909 1591 2112 ἔφυμεν
1537 2146 1585 2250 κτλ.

1465 1328 1513 1552 insitivos
1464 1587 1512 1716 filios
1448 1753 1510 1921 specie
1445 1958 1507 2151 quidem
1440 2187 1503 2417 proprios
1440 2453 1486 2594 esse,
1450 2643 1498 2732 sed
1433 2765 1482 3009 nunquam

1367 680 1443 695 ²3
1384 1324 1416 1477 sensu
1384 1512 1432 1692 amoris
1366 1725 1430 2024 pietatisque
1365 2058 1427 2136 iis,
1362 2174 1408 2297 quos
1359 2334 1423 2542 quisque
1357 2575 1420 2683 ipse
1354 2716 1402 3008 procreave-

1295 689 1347 695 ’ᾖ
1295 725 1321 729 ’
1292 1325 1351 1407 rit,
1289 1443 1337 1591 pares
1302 1628 1336 1767 esse:

1272 638 1274 640 *
1224 1455 1273 1629 θετῶν
1222 1664 1275 1720 δὲ
1219 1753 1272 1962 παίδων
1217 1995 1265 2103 ποῦ
1201 2136 1266 2329 κράτος
1205 2340 1244 2361 ,·
1214 2394 1267 2458 τὰ
1199 2494 1263 2672 φύντα
1194 2704 1260 2807 γὰρ

1121 687 1211 694 l
1148 724 1162 728 ι
1130 1454 1194 1679 κρείσσω
1126 1716 1191 1950 νομίζειν
1138 1984 1186 2090 τῶν
1121 2125 1186 2442 δοκημάτων
1118 2474 1181 2658 χρεών.

1065 1324 1115 1556 Vicissim
1063 1615 1111 1666 in
1062 1714 1111 1831 Ione
1061 1888 1107 1949 ad
1054 2001 1106 2343 Erechtheum
1038 2392 1102 2661 Euripides
1033 2721 1094 3003 respexisse

983 1320 1034 1534 videtur.
984 1603 1032 1727 Nam
969 1753 1015 1848 quo
979 1882 1027 1991 loco
977 2019 1027 2106 Ion
960 2134 1022 2412 Apollinem
957 2449 1019 2606 stupri
971 2634 1002 2661 a
968 2695 1019 2881 Creusa
965 2919 997 3000 ac-

895 625 955 637 ¹÷
919 690 970 734 υς
907 1320 948 1546 cusatum
888 1579 952 1929 reprehendit,
882 1977 942 2206 tanquam
894 2244 942 2462 eiusdem
890 2498 940 2714 criminiS
884 2751 934 2999 convictos

868 727 877 730 “
826 1319 875 1485 Iovem
826 1522 869 1571 et
809 1604 873 1886 Neptunum
803 1925 866 2195 vituperat:

771 690 788 694 y
772 2276 788 2286 Q

746 1450 803 1517 σὺ
744 1551 797 1640 καὶ
738 1676 791 1956 Ποσειδῶν
726 1994 787 2127 Ζεύς
723 2160 783 2232 θ’,
724 2272 788 2329 ος
719 2364 784 2603 ούρανοῦ
714 2635 776 2830 κρατεῖ,

614 1372 667 1423 >l)
622 1454 666 1523 Cf.
622 1555 665 1725 Welck.
610 1756 649 1799 p.
622 1828 665 1925 722.
