5010 3336
3804 2053 3861 2178 294

3643 1273 3704 1372 liis,
3658 1421 3707 1483 ad
3645 1519 3712 1802 speluncam
3663 1838 3712 1985 rediit
3663 2027 3695 2084 ac
3665 2121 3713 2185 de
3666 2219 3715 2374 caede
3667 2407 3716 2630 hostium
3652 2663 3716 2772 ipse
3650 2806 3699 2956 expo—

3566 1273 3622 1384 suit.
3580 1453 3628 1580 Tum
3582 1616 3615 1785 rursus
3570 1820 3631 2013 accidit,
3584 2051 3627 2106 ut
3584 2141 3618 2314 servus
3571 2351 3635 2500 regis,
3587 2543 3636 2769 dominos
3573 2807 3620 2956 quae-

3485 1272 3529 1416 rens,
3500 1461 3547 1522 ad
3486 1568 3549 1793 hospites
3502 1837 3550 1998 adiret
3502 2043 3545 2095 et
3491 2148 3553 2445 colloquium
3507 2484 3539 2594 cum
3492 2632 3556 2959 Neoptolemo

3416 1274 3464 1575 consereret.
3409 1646 3469 1750 Qua
3420 1797 3468 1860 de
3422 1904 3453 1960 re
3422 2008 3469 2133 haec
3410 2176 3473 2346 Dictys
3426 2382 3474 2577 retulit:
3414 2628 3475 2713 „ln
3412 2751 3459 2960 quorum

3323 1273 3386 1640 inquisitionem
3342 1678 3373 1846 servus
3327 1884 3389 2094 quidam,
3329 2131 3390 2336 Cinyras
3334 2373 3393 2595 nomine,
3330 2631 3378 2867 perquam
3347 2900 3394 2962 fi-

3247 1277 3304 1385 dus,
3242 1423 3308 1694 profectuS‚
3263 1729 3309 1778 in
3262 1813 3293 1981 manus
3262 2017 3310 2205 iuvenis
3265 2242 3311 2436 devenit
3250 2472 3314 2962 comprehensusque

3175 1277 3223 1512 Acastum
3180 1539 3227 1694 affore
3170 1718 3229 1922 nuntiat,
3166 1952 3223 2097 atque
3183 2116 3229 2181 ita
3183 2213 3233 2505 occiditur.''
3186 2575 3233 2818 Nimirum
3185 2848 3233 2963 red-

3097 1276 3143 1377 isse
3083 1415 3148 1796 Neoptolemum
3102 1846 3143 1894 et
3102 1943 3148 2003 ad
3102 2054 3143 2236 terram
3104 2288 3151 2527 [oleorum
3090 2576 3153 2829 appulisse
3105 2881 3137 2965 co-

3000 1277 3063 1461 gnitum
3019 1497 3066 1664 fuerat
3007 1698 3067 1803 regi
3008 1838 3068 2051 filiisque
3012 2103 3069 2237 eius3
3023 2285 3065 2451 utrum
3026 2496 3067 2660 autem
3025 2708 3074 2968 interisset

2922 1278 2980 1594 tempestate,
2925 1632 2972 1726 qua
2942 1762 2988 1970 classem
2942 2008 2989 2113 eius
2943 2148 2989 2356 fractam
2931 2394 2977 2704 mersamque
2944 2740 2977 2852 esse
2944 2878 2976 2966 au-

2848 1279 2904 1516 diverant,
2860 1552 2890 1611 an
2861 1648 2903 1871 servatus
2863 1909 2904 2041 esset
2863 2076 2910 2123 in
2852 2159 2910 2289 navi,
2848 2328 2895 2473 quam
2865 2510 2912 2663 solam
2850 2701 2897 2969 superesse

2778 1281 2826 1413 fama
2769 1445 2826 1764 nuntiaverat,
2764 1798 2829 2105 ignorabant.
2783 2174 2830 2249 Ad
2769 2296 2815 2440 quam
2786 2478 2817 2580 rem
2771 2618 2834 2968 explorandam

2680 1280 2744 1494 primum
2700 1531 2746 1620 filii
2683 1656 2747 1787 regis
2701 1816 2749 1987 emissi
2702 2018 2744 2157 sunt:
2689 2196 2751 2278 qui
2689 2316 2752 2529 quidem,
2705 2555 2753 2603 in
2707 2633 2738 2804 manus
2706 2837 2754 2970 Neo·

2599 1283 2667 1489 ptolemi
2607 1527 2666 1694 delati,
2620 1733 2651 1790 ea
2612 1825 2668 2032 ratione,
2606 2070 2652 2162 qua
2613 2199 2671 2427 diximus,
2626 2464 2673 2614 occisi
2625 2642 2668 2769 sunt.
2614 2807 2673 2971 Quum

2536 1284 2569 1380 non
2527 1417 2587 1691 redissent,
2540 1728 2586 1788 ad
2540 1826 2587 1917 lios
2525 1955 2589 2151 quidem
2526 2189 2591 2499 quaerendos
2547 2536 2593 2712 missus
2547 2751 2589 2827 est
2547 2866 2579 2973 ser-

2456 1283 2488 1372 vus
2444 1394 2468 1406 ,
2457 1442 2504 1503 ad
2442 1542 2507 1873 explorandos
2460 1910 2504 2077 autem
2462 2113 2508 2285 hostes
2464 2322 2495 2405 rex
2450 2443 2511 2549 ipse
2451 2585 2514 2839 profectus
2467 2877 2511 2974 est.

2375 1284 2424 1495 Exstant
2361 1528 2425 1819 fragmenta,
2365 1855 2412 1979 quae
2381 2010 2428 2134 hanc
2382 2165 2428 2250 viri
2382 2278 2432 2587 celeberrimi
2368 2615 2433 2975 indagationem

2295 1285 2345 1570 declarent:

2199 1417 2265 1568 φήμη
2216 1602 2269 1697 τὸν
2216 1732 2269 1927 ἐσθλὸν
2218 1962 2270 2063 κᾶν
2201 2101 2269 2251 μυχῷ
2220 2288 2273 2522 δείκνυσι
2206 2556 2274 2652 γῆς
2209 2678 2273 2746 ²²²).

2146 1420 2158 1883 ..-.——.-—.
2152 2019 2163 2474 ——>—--

2055 1425 2106 1525 οὐκ
2057 1560 2111 1700 ἔστιν
2045 1735 2109 2070 ἀνθρώποισι
2061 2103 2108 2317 τοιοῦτο
2055 2354 2113 2559 σκότος,

1974 1421 2025 1487 οὐ
1962 1524 2026 1675 δῶμα
1963 1710 2028 1863 γαίας
1974 1899 2031 2152 κλειστόν,
1981 2191 2032 2323 ἔνθα
1967 2358 2033 2454 τὴν
1970 2490 2036 2656 φύσιν

1893 1423 1946 1452 ὁ
1880 1490 1950 1745 δυςγενὴς
1883 1779 1948 1988 κρύψας
1900 2025 1950 2090 ἂν
1885 2128 1950 2205 εἴη
1885 2242 1952 2312 μὴ
1886 2350 1952 2523 σαφής
1894 2551 1951 2646 ³²²²).

1802 1292 1862 1507 Servus‚
1799 1547 1862 1630 qui
1816 1665 1863 1889 dominos
1803 1928 1867 2223 quaerebat,
1821 2268 1867 2329 ad
1805 2364 1867 2471 ipsa
1824 2506 1872 2703 illorum
1828 2740 1877 2980 cadavera

1732 1294 1780 1472 ductus
1734 1509 1775 1558 et
1721 1593 1768 1743 super
1738 1778 1768 1837 ea
1738 1873 1784 2067 occisus
1740 2106 1771 2220 esse
1742 2254 1789 2461 videtur.
1745 2532 1794 2631 Sed
1748 2667 1789 2812 autea
1748 2849 1796 2982 Neo-

1637 1295 1701 1543 ptolemus
1656 1580 1703 1754 dolose
1642 1789 1705 2069 quaerendo
1659 2105 1701 2155 et
1659 2192 1708 2366 callide
1662 2393 1713 2747 dissimulando
1668 2776 1714 2839 de
1668 2867 1700 2983 con·

1573 1297 1620 1406 silio
1558 1442 1623 1631 tyranni
1562 1666 1622 1826 deque
1565 1860 1624 2001 loco,
1578 2054 1625 2102 in
1565 2152 1612 2247 quo
1581 2286 1629 2613 cummaxime
1587 2649 1620 2985 commorare-

1484 1297 1537 1396 tur,
1479 1434 1527 1755 quaecunque
1497 1780 1544 1974 volebat
1483 2005 1546 2258 comperit.
1501 2330 1548 2577 Reversus
1506 2604 1554 2733 idem
1507 2765 1539 2826 ex
1498 2858 1554 2986 loco,

1413 1298 1460 1349 in
1398 1411 1445 1509 quo
1400 1567 1461 1697 regis
1417 1756 1464 1886 filios
1418 1934 1449 2044 cum
1419 2093 1450 2233 servo
1415 2291 1469 2641 interfecerat,
1427 2709 1474 2757 in
1428 2814 1459 2986 navem

1323 1298 1381 1467 rediit,
1334 1505 1375 1559 ut
1335 1590 1377 1749 sumta
1337 1781 1378 1919 veste
1323 1950 1385 2161 Phrygia
1339 2196 1387 2387 obviam
1343 2426 1389 2604 Acasto
1330 2642 1395 2986 proficiscere-

1241 1302 1293 1406 tur,
1254 1457 1300 1589 hunc
1241 1625 1287 1821 quoque
1258 1857 1303 1905 in
1242 1945 1304 2227 speluncam
1247 2264 1303 2411 atque
1265 2447 1311 2505 ad
1265 2543 1314 2792 interitum
1270 2831 1316 2985 addu-

1172 1304 1212 1488 cturus,
1162 1562 1221 1671 Qua
1176 1708 1223 1768 de
1177 1806 1207 1859 re
1162 1896 1224 2066 Dictys
1179 2103 1225 2285 haecce
1167 2322 1231 2549 scripsit:
1173 2602 1233 2807 „ltaque
1190 2855 1237 2988 Neo-

1080 1303 1142 1577 ptolemus,
1097 1630 1137 1813 mutata
1081 1862 1144 2077 Phrygia
1089 2128 1140 2293 veste,
1089 2342 1143 2573 tanquam
1108 2622 1154 2752 filius
1110 2812 1157 2990 Priami

1008 1305 1063 1529 Mest0r‚
1001 1581 1064 1662 qui
1002 1700 1063 1919 captivus
1018 1958 1048 2067 eum
1003 2105 1066 2299 Pyrrho
1022 2336 1068 2396 ad
1024 2431 1054 2488 ea
1026 2524 1072 2631 loca
1013 2665 1076 2989 navigaverat,

935 1309 982 1491 Acasto
937 1531 984 1721 obviam
925 1758 983 1905 venit,
923 1944 984 2104 eique,
923 2143 985 2337 quinam
932 2373 986 2521 esset,
946 2556 994 2737 indicat
948 2772 990 2821 et
948 2861 996 2991 Neo-

818 1367 870 1417 ἴῃ)
818 1448 871 1634 Fragm.
833 1665 874 1750 inc.
831 1782 873 1881 227.

749 1338 800 1419 Η)
747 1448 801 1617 Vulgo:
748 1672 805 1855 κρύψας
760 1885 806 1942 ὃὶν
747 1974 801 2044 εἴη
749 2077 806 2235 σοφός.
765 2306 805 2353 111
752 2383 809 2526 primo
767 2558 796 2691 versu
770 2720 811 2758 si
769 2787 817 2885 οὐδ’
759 2914 799 2996 pro

690 1451 735 1533 οὐκ
682 1564 733 1811 scribatur,
675 1854 732 2059 coniungi
688 2099 729 2215 haec
692 2259 721 2359 cum
682 2400 736 2547 priore
684 2591 739 2844 fragmento
700 2875 728 2996 com-

620 1451 661 1582 mode
608 1613 658 1830 poterunt.

1600 3178 1609 3179 ἶ
1615 3170 1929 3180 ,ἠδ-.-
