<?xml version="1.0" encoding="UTF-8"?>
<!DOCTYPE html PUBLIC "-//W3C//DTD XHTML 1.0 Transitional//EN"
    "http://www.w3.org/TR/xhtml1/DTD/xhtml1-transitional.dtd">
<html xmlns="http://www.w3.org/1999/xhtml" xml:lang="en" lang="en">
 <head>
  <title>
</title>
<meta http-equiv="Content-Type" content="text/html;charset=utf-8" />
  <meta name='ocr-system' content='tesseract 3.04.00' />
  <meta name='ocr-capabilities' content='ocr_page ocr_carea ocr_par ocr_line ocrx_word'/>
</head>
<body>
  <div class='ocr_page' id='page_1' title='image "./euripidesrestitu00hartuoft_raw_0232.png"; bbox 0 0 5010 3336; ppageno 0'>
   <div class='ocr_carea' id='block_1_1' title="bbox 3887 0 5010 3332">
    <p class='ocr_par' dir='ltr' id='par_1_1' title="bbox 3887 0 5010 3332">
     <span class='ocr_line' id='line_1_1' title="bbox 3887 0 5010 3332; textangle 270"><span class='ocrx_word' id='word_1_1' title='bbox 3887 0 5010 3332; x_wconf 95' lang='lat' dir='ltr'><strong> </strong></span> 
     </span>
    </p>
   </div>
   <div class='ocr_carea' id='block_1_2' title="bbox 2169 778 3468 804">
    <p class='ocr_par' dir='ltr' id='par_1_2' title="bbox 2169 778 3468 804">
     <span class='ocr_line' id='line_1_2' title="bbox 2169 778 3468 804; textangle 270"><span class='ocrx_word' id='word_1_2' title='bbox 2169 778 3468 804; x_wconf 95' lang='lat' dir='ltr'><strong> </strong></span> 
     </span>
    </p>
   </div>
   <div class='ocr_carea' id='block_1_3' title="bbox 0 1726 0 1837">
    <p class='ocr_par' dir='ltr' id='par_1_3' title="bbox 0 1726 0 1837">
     <span class='ocr_line' id='line_1_3' title="bbox 0 1726 0 1837; textangle 270"><span class='ocrx_word' id='word_1_3' title='bbox 0 1726 0 1837; x_wconf 95' lang='lat' dir='ltr'><strong> </strong></span> 
     </span>
    </p>
   </div>
   <div class='ocr_carea' id='block_1_4' title="bbox 3918 2175 3975 2298">
    <p class='ocr_par' dir='ltr' id='par_1_4' title="bbox 3918 2175 3975 2298">
     <span class='ocr_line' id='line_1_4' title="bbox 3918 2175 3975 2298; textangle 270"><span class='ocrx_word' id='word_1_4' title='bbox 3918 2175 3975 2298; x_wconf 81' lang='lat'><strong>214</strong></span> 
     </span>
    </p>
   </div>
   <div class='ocr_carea' id='block_1_5' title="bbox 1916 1363 3840 3078">
    <p class='ocr_par' dir='ltr' id='par_1_5' title="bbox 1916 1363 3840 3078">
     <span class='ocr_line' id='line_1_5' title="bbox 3760 1387 3840 3078; textangle 270"><span class='ocrx_word' id='word_1_5' title='bbox 3778 1387 3840 1637; x_wconf 74' lang='lat' dir='ltr'><strong>translata,</strong></span> <span class='ocrx_word' id='word_1_6' title='bbox 3790 1669 3834 1726; x_wconf 90' lang='lat' dir='ltr'><strong>ut</strong></span> <span class='ocrx_word' id='word_1_7' title='bbox 3772 1757 3838 1866; x_wconf 87' lang='lat' dir='ltr'><strong>ipsa</strong></span> <span class='ocrx_word' id='word_1_8' title='bbox 3770 1888 3829 2187; x_wconf 80' lang='lat' dir='ltr'>praestantia</span> <span class='ocrx_word' id='word_1_9' title='bbox 3778 2222 3811 2311; x_wconf 86' lang='lat' dir='ltr'><strong>sua</strong></span> <span class='ocrx_word' id='word_1_10' title='bbox 3760 2333 3826 2723; x_wconf 81' lang='lat' dir='ltr'><strong>Aristophanem</strong></span> <span class='ocrx_word' id='word_1_11' title='bbox 3764 2748 3819 2976; x_wconf 85' lang='lat' dir='ltr'><strong>allexisse</strong></span> <span class='ocrx_word' id='word_1_12' title='bbox 3764 3006 3813 3078; x_wconf 86' lang='lat' dir='ltr'><strong>vi-</strong></span> 
     </span>
     <span class='ocr_line' id='line_1_6' title="bbox 3670 1386 3758 3076; textangle 270"><span class='ocrx_word' id='word_1_13' title='bbox 3698 1386 3758 1610; x_wconf 82' lang='lat' dir='ltr'>deantur,</span> <span class='ocrx_word' id='word_1_14' title='bbox 3707 1649 3757 1857; x_wconf 89' lang='lat' dir='ltr'><strong>eandem</strong></span> <span class='ocrx_word' id='word_1_15' title='bbox 3687 1894 3751 2117; x_wconf 77' lang='lat' dir='ltr'>gratiam,</span> <span class='ocrx_word' id='word_1_16' title='bbox 3685 2153 3732 2298; x_wconf 87' lang='lat' dir='ltr'><strong>quam</strong></span> <span class='ocrx_word' id='word_1_17' title='bbox 3682 2334 3744 2572; x_wconf 87' lang='lat' dir='ltr'><strong>gravitate</strong></span> <span class='ocrx_word' id='word_1_18' title='bbox 3691 2607 3725 2770; x_wconf 85' lang='lat' dir='ltr'><strong>rerum</strong></span> <span class='ocrx_word' id='word_1_19' title='bbox 3670 2807 3739 3076; x_wconf 86' lang='lat' dir='ltr'><strong>Euripides</strong></span> 
     </span>
     <span class='ocr_line' id='line_1_7' title="bbox 3594 1384 3679 3076; textangle 270"><span class='ocrx_word' id='word_1_20' title='bbox 3614 1384 3679 1597; x_wconf 88' lang='lat' dir='ltr'><strong>adeptus</strong></span> <span class='ocrx_word' id='word_1_21' title='bbox 3614 1636 3672 1768; x_wconf 72' lang='lat' dir='ltr'><strong>erat,</strong></span> <span class='ocrx_word' id='word_1_22' title='bbox 3621 1823 3670 2083; x_wconf 81' lang='lat' dir='ltr'><strong>contrariis</strong></span> <span class='ocrx_word' id='word_1_23' title='bbox 3620 2138 3652 2191; x_wconf 92' lang='lat' dir='ltr'><strong>se</strong></span> <span class='ocrx_word' id='word_1_24' title='bbox 3614 2238 3660 2582; x_wconf 88' lang='lat' dir='ltr'><strong>assecuturum</strong></span> <span class='ocrx_word' id='word_1_25' title='bbox 3612 2628 3644 2739; x_wconf 89' lang='lat' dir='ltr'><strong>esse</strong></span> <span class='ocrx_word' id='word_1_26' title='bbox 3594 2775 3650 3076; x_wconf 78' lang='lat' dir='ltr'><strong>sperantem.</strong></span> 
     </span>
     <span class='ocr_line' id='line_1_8' title="bbox 3517 1383 3602 3075; textangle 270"><span class='ocrx_word' id='word_1_27' title='bbox 3551 1383 3602 1494; x_wconf 89' lang='lat' dir='ltr'><strong>Non</strong></span> <span class='ocrx_word' id='word_1_28' title='bbox 3534 1527 3598 1707; x_wconf 75' lang='lat' dir='ltr'><strong>minuS‚</strong></span> <span class='ocrx_word' id='word_1_29' title='bbox 3530 1746 3578 1889; x_wconf 87' lang='lat' dir='ltr'><strong>quam</strong></span> <span class='ocrx_word' id='word_1_30' title='bbox 3527 1926 3588 2156; x_wconf 65' lang='lat' dir='ltr'><strong>partium,</strong></span> <span class='ocrx_word' id='word_1_31' title='bbox 3538 2195 3587 2346; x_wconf 91' lang='lat' dir='ltr'><strong>totius</strong></span> <span class='ocrx_word' id='word_1_32' title='bbox 3520 2383 3582 2548; x_wconf 87' lang='lat' dir='ltr'><strong>operis</strong></span> <span class='ocrx_word' id='word_1_33' title='bbox 3517 2584 3581 2783; x_wconf 81' lang='lat' dir='ltr'><strong>elegans</strong></span> <span class='ocrx_word' id='word_1_34' title='bbox 3529 2818 3578 2910; x_wconf 89' lang='lat' dir='ltr'><strong>fuit</strong></span> <span class='ocrx_word' id='word_1_35' title='bbox 3524 2938 3559 3075; x_wconf 91' lang='lat' dir='ltr'><strong>com-</strong></span> 
     </span>
     <span class='ocr_line' id='line_1_9' title="bbox 3438 1382 3519 3077; textangle 270"><span class='ocrx_word' id='word_1_36' title='bbox 3456 1382 3519 1581; x_wconf 87' lang='lat' dir='ltr'><strong>positio.</strong></span> <span class='ocrx_word' id='word_1_37' title='bbox 3450 1650 3517 1845; x_wconf 87' lang='lat' dir='ltr'><strong>Duplex</strong></span> <span class='ocrx_word' id='word_1_38' title='bbox 3461 1879 3496 2046; x_wconf 87' lang='lat' dir='ltr'><strong>rerum</strong></span> <span class='ocrx_word' id='word_1_39' title='bbox 3444 2072 3508 2339; x_wconf 84' lang='lat' dir='ltr'><strong>implicatio</strong></span> <span class='ocrx_word' id='word_1_40' title='bbox 3455 2370 3504 2509; x_wconf 86' lang='lat' dir='ltr'><strong>initio</strong></span> <span class='ocrx_word' id='word_1_41' title='bbox 3438 2534 3495 2750; x_wconf 88' lang='lat' dir='ltr'><strong>paratur.</strong></span> <span class='ocrx_word' id='word_1_42' title='bbox 3449 2818 3496 2893; x_wconf 91' lang='lat' dir='ltr'><strong>Ab</strong></span> <span class='ocrx_word' id='word_1_43' title='bbox 3443 2920 3495 3077; x_wconf 88' lang='lat' dir='ltr'><strong>altera</strong></span> 
     </span>
     <span class='ocr_line' id='line_1_10' title="bbox 3352 1381 3439 3074; textangle 270"><span class='ocrx_word' id='word_1_44' title='bbox 3390 1381 3439 1510; x_wconf 91' lang='lat' dir='ltr'><strong>enim</strong></span> <span class='ocrx_word' id='word_1_45' title='bbox 3372 1547 3431 1692; x_wconf 90' lang='lat' dir='ltr'><strong>parte</strong></span> <span class='ocrx_word' id='word_1_46' title='bbox 3368 1726 3436 1937; x_wconf 87' lang='lat' dir='ltr'><strong>Telephi</strong></span> <span class='ocrx_word' id='word_1_47' title='bbox 3380 1973 3427 2189; x_wconf 88' lang='lat' dir='ltr'><strong>conditio</strong></span> <span class='ocrx_word' id='word_1_48' title='bbox 3378 2227 3420 2276; x_wconf 90' lang='lat' dir='ltr'><strong>et</strong></span> <span class='ocrx_word' id='word_1_49' title='bbox 3361 2311 3423 2506; x_wconf 88' lang='lat' dir='ltr'><strong>reginae</strong></span> <span class='ocrx_word' id='word_1_50' title='bbox 3372 2542 3405 2653; x_wconf 89' lang='lat' dir='ltr'><strong>cum</strong></span> <span class='ocrx_word' id='word_1_51' title='bbox 3371 2691 3403 2749; x_wconf 89' lang='lat' dir='ltr'><strong>eo</strong></span> <span class='ocrx_word' id='word_1_52' title='bbox 3352 2786 3415 3074; x_wconf 88' lang='lat' dir='ltr'><strong>conspiran-</strong></span> 
     </span>
     <span class='ocr_line' id='line_1_11' title="bbox 3281 1379 3358 3071; textangle 270"><span class='ocrx_word' id='word_1_53' title='bbox 3310 1379 3358 1445; x_wconf 91' lang='lat' dir='ltr'><strong>tis</strong></span> <span class='ocrx_word' id='word_1_54' title='bbox 3295 1481 3356 1712; x_wconf 77' lang='lat' dir='ltr'><strong>consilia,</strong></span> <span class='ocrx_word' id='word_1_55' title='bbox 3304 1760 3351 1819; x_wconf 89' lang='lat' dir='ltr'><strong>ab</strong></span> <span class='ocrx_word' id='word_1_56' title='bbox 3302 1866 3352 2023; x_wconf 91' lang='lat' dir='ltr'><strong>altera</strong></span> <span class='ocrx_word' id='word_1_57' title='bbox 3286 2071 3346 2260; x_wconf 85' lang='lat' dir='ltr'><strong>patriae</strong></span> <span class='ocrx_word' id='word_1_58' title='bbox 3281 2307 3344 2581; x_wconf 89' lang='lat' dir='ltr'><strong>periculum</strong></span> <span class='ocrx_word' id='word_1_59' title='bbox 3292 2631 3334 2683; x_wconf 91' lang='lat' dir='ltr'><strong>et</strong></span> <span class='ocrx_word' id='word_1_60' title='bbox 3290 2730 3338 2909; x_wconf 88' lang='lat' dir='ltr'><strong>ducum</strong></span> <span class='ocrx_word' id='word_1_61' title='bbox 3284 2960 3319 3071; x_wconf 90' lang='lat' dir='ltr'><strong>cum</strong></span> 
     </span>
     <span class='ocr_line' id='line_1_12' title="bbox 3196 1382 3276 3071; textangle 270"><span class='ocrx_word' id='word_1_62' title='bbox 3215 1382 3263 1500; x_wconf 90' lang='lat' dir='ltr'><strong>rege</strong></span> <span class='ocrx_word' id='word_1_63' title='bbox 3226 1551 3276 1779; x_wconf 88' lang='lat' dir='ltr'><strong>militiam</strong></span> <span class='ocrx_word' id='word_1_64' title='bbox 3222 1831 3272 2140; x_wconf 86' lang='lat' dir='ltr'><strong>detrectante</strong></span> <span class='ocrx_word' id='word_1_65' title='bbox 3216 2192 3263 2530; x_wconf 84' lang='lat' dir='ltr'><strong>contentiones</strong></span> <span class='ocrx_word' id='word_1_66' title='bbox 3196 2581 3245 2849; x_wconf 91' lang='lat' dir='ltr'><strong>suspensos</strong></span> <span class='ocrx_word' id='word_1_67' title='bbox 3205 2884 3257 3071; x_wconf 91' lang='lat' dir='ltr'><strong>habent</strong></span> 
     </span>
     <span class='ocr_line' id='line_1_13' title="bbox 3121 1378 3198 3069; textangle 270"><span class='ocrx_word' id='word_1_68' title='bbox 3148 1378 3197 1580; x_wconf 88' lang='lat' dir='ltr'><strong>animos.</strong></span> <span class='ocrx_word' id='word_1_69' title='bbox 3147 1651 3198 1842; x_wconf 86' lang='lat' dir='ltr'><strong>Tantae</strong></span> <span class='ocrx_word' id='word_1_70' title='bbox 3128 1877 3191 2124; x_wconf 89' lang='lat' dir='ltr'><strong>utrimque</strong></span> <span class='ocrx_word' id='word_1_71' title='bbox 3138 2161 3190 2479; x_wconf 83' lang='lat' dir='ltr'><strong>difficultates</strong></span> <span class='ocrx_word' id='word_1_72' title='bbox 3121 2517 3175 2655; x_wconf 70' lang='lat' dir='ltr'><strong>sunt,</strong></span> <span class='ocrx_word' id='word_1_73' title='bbox 3130 2708 3172 2764; x_wconf 92' lang='lat' dir='ltr'><strong>ut</strong></span> <span class='ocrx_word' id='word_1_74' title='bbox 3127 2807 3176 2938; x_wconf 90' lang='lat' dir='ltr'><strong>nulla</strong></span> <span class='ocrx_word' id='word_1_75' title='bbox 3124 2989 3158 3069; x_wconf 87' lang='lat' dir='ltr'><strong>ra-</strong></span> 
     </span>
     <span class='ocr_line' id='line_1_14' title="bbox 3031 1378 3119 3072; textangle 270"><span class='ocrx_word' id='word_1_76' title='bbox 3069 1378 3119 1513; x_wconf 88' lang='lat' dir='ltr'><strong>tione</strong></span> <span class='ocrx_word' id='word_1_77' title='bbox 3051 1570 3115 1796; x_wconf 89' lang='lat' dir='ltr'><strong>expediri</strong></span> <span class='ocrx_word' id='word_1_78' title='bbox 3051 1843 3098 1992; x_wconf 87' lang='lat' dir='ltr'><strong>posse</strong></span> <span class='ocrx_word' id='word_1_79' title='bbox 3058 2038 3111 2322; x_wconf 82' lang='lat' dir='ltr'><strong>videantur:</strong></span> <span class='ocrx_word' id='word_1_80' title='bbox 3056 2374 3089 2527; x_wconf 79' lang='lat' dir='ltr'><strong>novae</strong></span> <span class='ocrx_word' id='word_1_81' title='bbox 3050 2583 3099 2802; x_wconf 82' lang='lat' dir='ltr'><strong>existunt</strong></span> <span class='ocrx_word' id='word_1_82' title='bbox 3031 2846 3094 3072; x_wconf 86' lang='lat' dir='ltr'><strong>utrisque</strong></span> 
     </span>
     <span class='ocr_line' id='line_1_15' title="bbox 2953 1376 3037 3069; textangle 270"><span class='ocrx_word' id='word_1_83' title='bbox 2975 1376 3037 1599; x_wconf 86' lang='lat' dir='ltr'><strong>partibus</strong></span> <span class='ocrx_word' id='word_1_84' title='bbox 2986 1636 3035 1769; x_wconf 90' lang='lat' dir='ltr'><strong>inter</strong></span> <span class='ocrx_word' id='word_1_85' title='bbox 2986 1804 3018 1859; x_wconf 86' lang='lat' dir='ltr'><strong>se</strong></span> <span class='ocrx_word' id='word_1_86' title='bbox 2979 1894 3030 2306; x_wconf 83' lang='lat' dir='ltr'><strong>conflictantibus.</strong></span> <span class='ocrx_word' id='word_1_87' title='bbox 2974 2378 3026 2567; x_wconf 88' lang='lat' dir='ltr'><strong>Tamen</strong></span> <span class='ocrx_word' id='word_1_88' title='bbox 2973 2603 3021 2652; x_wconf 90' lang='lat' dir='ltr'><strong>in</strong></span> <span class='ocrx_word' id='word_1_89' title='bbox 2970 2686 3018 2783; x_wconf 94' lang='lat' dir='ltr'><strong>hoc</strong></span> <span class='ocrx_word' id='word_1_90' title='bbox 2953 2817 3016 2927; x_wconf 88' lang='lat' dir='ltr'><strong>ipso</strong></span> <span class='ocrx_word' id='word_1_91' title='bbox 2964 2963 2997 3069; x_wconf 87' lang='lat' dir='ltr'><strong>me-</strong></span> 
     </span>
     <span class='ocr_line' id='line_1_16' title="bbox 2872 1376 2958 3067; textangle 270"><span class='ocrx_word' id='word_1_92' title='bbox 2909 1376 2958 1487; x_wconf 90' lang='lat' dir='ltr'><strong>dela</strong></span> <span class='ocrx_word' id='word_1_93' title='bbox 2893 1522 2950 1697; x_wconf 90' lang='lat' dir='ltr'><strong>parata</strong></span> <span class='ocrx_word' id='word_1_94' title='bbox 2893 1732 2949 1833; x_wconf 80' lang='lat' dir='ltr'><strong>est,</strong></span> <span class='ocrx_word' id='word_1_95' title='bbox 2904 1882 2947 1930; x_wconf 89' lang='lat' dir='ltr'><strong>et</strong></span> <span class='ocrx_word' id='word_1_96' title='bbox 2900 1976 2949 2195; x_wconf 89' lang='lat' dir='ltr'><strong>nascitur</strong></span> <span class='ocrx_word' id='word_1_97' title='bbox 2882 2229 2946 2559; x_wconf 89' lang='lat' dir='ltr'><strong>tranquillitas</strong></span> <span class='ocrx_word' id='word_1_98' title='bbox 2893 2596 2926 2657; x_wconf 89' lang='lat' dir='ltr'><strong>ex</strong></span> <span class='ocrx_word' id='word_1_99' title='bbox 2876 2692 2939 2797; x_wconf 88' lang='lat' dir='ltr'><strong>ipsa</strong></span> <span class='ocrx_word' id='word_1_100' title='bbox 2872 2833 2933 3067; x_wconf 84' lang='lat' dir='ltr'><strong>procella.</strong></span> 
     </span>
     <span class='ocr_line' id='line_1_17' title="bbox 2791 1376 2880 3069; textangle 270"><span class='ocrx_word' id='word_1_101' title='bbox 2826 1376 2880 1716; x_wconf 87' lang='lat' dir='ltr'><strong>Conciliantur</strong></span> <span class='ocrx_word' id='word_1_102' title='bbox 2807 1761 2873 2125; x_wconf 89' lang='lat' dir='ltr'><strong>inimicissima,</strong></span> <span class='ocrx_word' id='word_1_103' title='bbox 2804 2175 2851 2350; x_wconf 91' lang='lat' dir='ltr'><strong>pacem</strong></span> <span class='ocrx_word' id='word_1_104' title='bbox 2817 2397 2859 2446; x_wconf 87' lang='lat' dir='ltr'><strong>et</strong></span> <span class='ocrx_word' id='word_1_105' title='bbox 2810 2493 2860 2809; x_wconf 87' lang='lat' dir='ltr'><strong>concordiam</strong></span> <span class='ocrx_word' id='word_1_106' title='bbox 2791 2861 2854 3069; x_wconf 88' lang='lat' dir='ltr'><strong>iungunt</strong></span> 
     </span>
     <span class='ocr_line' id='line_1_18' title="bbox 2719 1373 2793 3065; textangle 270"><span class='ocrx_word' id='word_1_107' title='bbox 2736 1373 2782 1498; x_wconf 86' lang='lat' dir='ltr'><strong>quae</strong></span> <span class='ocrx_word' id='word_1_108' title='bbox 2748 1534 2781 1588; x_wconf 91' lang='lat' dir='ltr'><strong>se</strong></span> <span class='ocrx_word' id='word_1_109' title='bbox 2742 1624 2793 2060; x_wconf 89' lang='lat' dir='ltr'><strong>vehementissime</strong></span> <span class='ocrx_word' id='word_1_110' title='bbox 2724 2114 2789 2397; x_wconf 83' lang='lat' dir='ltr'><strong>fugiebant,</strong></span> <span class='ocrx_word' id='word_1_111' title='bbox 2736 2445 2778 2494; x_wconf 91' lang='lat' dir='ltr'><strong>et</strong></span> <span class='ocrx_word' id='word_1_112' title='bbox 2730 2547 2776 2792; x_wconf 87' lang='lat' dir='ltr'><strong>communi</strong></span> <span class='ocrx_word' id='word_1_113' title='bbox 2719 2841 2774 3065; x_wconf 81' lang='lat' dir='ltr'><strong>consili0,</strong></span> 
     </span>
     <span class='ocr_line' id='line_1_19' title="bbox 2646 1372 2719 3067; textangle 270"><span class='ocrx_word' id='word_1_114' title='bbox 2667 1372 2719 1693; x_wconf 86' lang='lat' dir='ltr'><strong>faustissimis</strong></span> <span class='ocrx_word' id='word_1_115' title='bbox 2651 1731 2712 1994; x_wconf 90' lang='lat' dir='ltr'><strong>ominibus,</strong></span> <span class='ocrx_word' id='word_1_116' title='bbox 2661 2033 2709 2227; x_wconf 86' lang='lat' dir='ltr'><strong>sublato</strong></span> <span class='ocrx_word' id='word_1_117' title='bbox 2646 2264 2690 2459; x_wconf 80' lang='lat' dir='ltr'><strong>errore,</strong></span> <span class='ocrx_word' id='word_1_118' title='bbox 2653 2512 2699 2714; x_wconf 89' lang='lat' dir='ltr'><strong>remotis</strong></span> <span class='ocrx_word' id='word_1_119' title='bbox 2646 2760 2698 3067; x_wconf 81' lang='lat' dir='ltr'><strong>difficultati-</strong></span> 
     </span>
     <span class='ocr_line' id='line_1_20' title="bbox 2557 1370 2639 3064; textangle 270"><span class='ocrx_word' id='word_1_120' title='bbox 2576 1370 2639 1492; x_wconf 83' lang='lat' dir='ltr'><strong>buS‚</strong></span> <span class='ocrx_word' id='word_1_121' title='bbox 2588 1539 2635 1601; x_wconf 91' lang='lat' dir='ltr'><strong>ad</strong></span> <span class='ocrx_word' id='word_1_122' title='bbox 2583 1649 2634 1961; x_wconf 87' lang='lat' dir='ltr'><strong>ulciscendos</strong></span> <span class='ocrx_word' id='word_1_123' title='bbox 2565 2006 2627 2196; x_wconf 85' lang='lat' dir='ltr'><strong>patriae</strong></span> <span class='ocrx_word' id='word_1_124' title='bbox 2578 2248 2626 2420; x_wconf 84' lang='lat' dir='ltr'><strong>hostes</strong></span> <span class='ocrx_word' id='word_1_125' title='bbox 2575 2466 2621 2631; x_wconf 90' lang='lat' dir='ltr'><strong>cuncti</strong></span> <span class='ocrx_word' id='word_1_126' title='bbox 2557 2666 2618 3064; x_wconf 88' lang='lat' dir='ltr'><strong>proficiscuntur.</strong></span> 
     </span>
     <span class='ocr_line' id='line_1_21' title="bbox 2475 1369 2561 3065; textangle 270"><span class='ocrx_word' id='word_1_127' title='bbox 2510 1369 2561 1455; x_wconf 85' lang='lat' dir='ltr'><strong>Sic</strong></span> <span class='ocrx_word' id='word_1_128' title='bbox 2509 1490 2540 1517; x_wconf 91' lang='lat' dir='ltr'><strong>a</strong></span> <span class='ocrx_word' id='word_1_129' title='bbox 2507 1551 2554 1680; x_wconf 86' lang='lat' dir='ltr'><strong>tristi</strong></span> <span class='ocrx_word' id='word_1_130' title='bbox 2503 1714 2552 1852; x_wconf 88' lang='lat' dir='ltr'><strong>initio</strong></span> <span class='ocrx_word' id='word_1_131' title='bbox 2502 1888 2550 1948; x_wconf 91' lang='lat' dir='ltr'><strong>ad</strong></span> <span class='ocrx_word' id='word_1_132' title='bbox 2499 1985 2548 2174; x_wconf 87' lang='lat' dir='ltr'><strong>laetum</strong></span> <span class='ocrx_word' id='word_1_133' title='bbox 2498 2211 2545 2395; x_wconf 83' lang='lat' dir='ltr'><strong>exitum</strong></span> <span class='ocrx_word' id='word_1_134' title='bbox 2495 2434 2527 2514; x_wconf 87' lang='lat' dir='ltr'><strong>res</strong></span> <span class='ocrx_word' id='word_1_135' title='bbox 2477 2550 2539 2854; x_wconf 85' lang='lat' dir='ltr'><strong>procedunt,</strong></span> <span class='ocrx_word' id='word_1_136' title='bbox 2475 2904 2530 2985; x_wconf 87' lang='lat' dir='ltr'><strong>ut,</strong></span> <span class='ocrx_word' id='word_1_137' title='bbox 2486 3022 2533 3065; x_wconf 88' lang='lat' dir='ltr'><strong>si</strong></span> 
     </span>
     <span class='ocr_line' id='line_1_22' title="bbox 2390 1368 2478 3064; textangle 270"><span class='ocrx_word' id='word_1_138' title='bbox 2427 1368 2478 1557; x_wconf 82' lang='lat' dir='ltr'><strong>valeret</strong></span> <span class='ocrx_word' id='word_1_139' title='bbox 2408 1592 2475 1874; x_wconf 82' lang='lat' dir='ltr'><strong>ineptorum</strong></span> <span class='ocrx_word' id='word_1_140' title='bbox 2419 1912 2468 2169; x_wconf 88' lang='lat' dir='ltr'><strong>hominum</strong></span> <span class='ocrx_word' id='word_1_141' title='bbox 2401 2204 2463 2497; x_wconf 66' lang='lat' dir='ltr'><strong>auctoritas,</strong></span> <span class='ocrx_word' id='word_1_142' title='bbox 2413 2532 2461 2626; x_wconf 89' lang='lat' dir='ltr'><strong>hac</strong></span> <span class='ocrx_word' id='word_1_143' title='bbox 2397 2662 2457 2832; x_wconf 89' lang='lat' dir='ltr'><strong>regula</strong></span> <span class='ocrx_word' id='word_1_144' title='bbox 2390 2867 2452 3064; x_wconf 86' lang='lat' dir='ltr'><strong>tragoe-</strong></span> 
     </span>
     <span class='ocr_line' id='line_1_23' title="bbox 2321 1367 2399 3061; textangle 270"><span class='ocrx_word' id='word_1_145' title='bbox 2349 1367 2399 1473; x_wconf 84' lang='lat' dir='ltr'><strong>dias</strong></span> <span class='ocrx_word' id='word_1_146' title='bbox 2348 1510 2379 1537; x_wconf 89' lang='lat' dir='ltr'><strong>a</strong></span> <span class='ocrx_word' id='word_1_147' title='bbox 2342 1574 2390 1846; x_wconf 88' lang='lat' dir='ltr'><strong>comoediis</strong></span> <span class='ocrx_word' id='word_1_148' title='bbox 2323 1885 2388 2282; x_wconf 79' lang='lat' dir='ltr'><strong>distinguentium</strong></span> <span class='ocrx_word' id='word_1_149' title='bbox 2321 2307 2343 2320; x_wconf 82' lang='lat'><strong>.,</strong></span> <span class='ocrx_word' id='word_1_150' title='bbox 2335 2371 2382 2419; x_wconf 92' lang='lat' dir='ltr'><strong>in</strong></span> <span class='ocrx_word' id='word_1_151' title='bbox 2333 2456 2380 2628; x_wconf 88' lang='lat' dir='ltr'><strong>harum</strong></span> <span class='ocrx_word' id='word_1_152' title='bbox 2329 2666 2362 2924; x_wconf 88' lang='lat' dir='ltr'><strong>numerum</strong></span> <span class='ocrx_word' id='word_1_153' title='bbox 2326 2961 2376 3061; x_wconf 92' lang='lat' dir='ltr'><strong>Te-</strong></span> 
     </span>
     <span class='ocr_line' id='line_1_24' title="bbox 2231 1364 2318 3062; textangle 270"><span class='ocrx_word' id='word_1_154' title='bbox 2252 1364 2318 1543; x_wconf 89' lang='lat' dir='ltr'><strong>lephus</strong></span> <span class='ocrx_word' id='word_1_155' title='bbox 2260 1591 2312 1883; x_wconf 87' lang='lat' dir='ltr'><strong>referendus</strong></span> <span class='ocrx_word' id='word_1_156' title='bbox 2258 1932 2301 2082; x_wconf 83' lang='lat' dir='ltr'><strong>esset.</strong></span> <span class='ocrx_word' id='word_1_157' title='bbox 2243 2169 2304 2391; x_wconf 79' lang='lat' dir='ltr'><strong>Quorum</strong></span> <span class='ocrx_word' id='word_1_158' title='bbox 2251 2441 2293 2604; x_wconf 88' lang='lat' dir='ltr'><strong>tamen</strong></span> <span class='ocrx_word' id='word_1_159' title='bbox 2234 2654 2297 2942; x_wconf 85' lang='lat' dir='ltr'><strong>sapientiam</strong></span> <span class='ocrx_word' id='word_1_160' title='bbox 2231 2980 2292 3062; x_wconf 89' lang='lat' dir='ltr'><strong>qui</strong></span> 
     </span>
     <span class='ocr_line' id='line_1_25' title="bbox 2152 1365 2236 3062; textangle 270"><span class='ocrx_word' id='word_1_161' title='bbox 2176 1365 2236 1691; x_wconf 85' lang='lat' dir='ltr'><strong>admirantur,</strong></span> <span class='ocrx_word' id='word_1_162' title='bbox 2181 1728 2214 1824; x_wconf 88' lang='lat' dir='ltr'><strong>non</strong></span> <span class='ocrx_word' id='word_1_163' title='bbox 2179 1860 2227 2020; x_wconf 91' lang='lat' dir='ltr'><strong>minus</strong></span> <span class='ocrx_word' id='word_1_164' title='bbox 2161 2057 2223 2269; x_wconf 88' lang='lat' dir='ltr'><strong>turpiter</strong></span> <span class='ocrx_word' id='word_1_165' title='bbox 2160 2304 2222 2549; x_wconf 75' lang='lat' dir='ltr'><strong>labuntur,</strong></span> <span class='ocrx_word' id='word_1_166' title='bbox 2156 2588 2203 2732; x_wconf 90' lang='lat' dir='ltr'><strong>quam</strong></span> <span class='ocrx_word' id='word_1_167' title='bbox 2154 2769 2215 2879; x_wconf 83' lang='lat' dir='ltr'><strong>qui,</strong></span> <span class='ocrx_word' id='word_1_168' title='bbox 2152 2915 2207 3062; x_wconf 85' lang='lat' dir='ltr'><strong>prout</strong></span> 
     </span>
     <span class='ocr_line' id='line_1_26' title="bbox 2078 1363 2153 3061; textangle 270"><span class='ocrx_word' id='word_1_169' title='bbox 2108 1363 2152 1448; x_wconf 84' lang='lat' dir='ltr'><strong>aut</strong></span> <span class='ocrx_word' id='word_1_170' title='bbox 2090 1484 2153 1685; x_wconf 86' lang='lat' dir='ltr'><strong>nuptiae</strong></span> <span class='ocrx_word' id='word_1_171' title='bbox 2100 1719 2150 1932; x_wconf 86' lang='lat' dir='ltr'><strong>virorum</strong></span> <span class='ocrx_word' id='word_1_172' title='bbox 2078 1970 2146 2362; x_wconf 87' lang='lat' dir='ltr'><strong>feminarumque</strong></span> <span class='ocrx_word' id='word_1_173' title='bbox 2091 2398 2123 2452; x_wconf 88' lang='lat' dir='ltr'><strong>se</strong></span> <span class='ocrx_word' id='word_1_174' title='bbox 2089 2487 2138 2756; x_wconf 88' lang='lat' dir='ltr'><strong>amantium</strong></span> <span class='ocrx_word' id='word_1_175' title='bbox 2086 2793 2134 3061; x_wconf 90' lang='lat' dir='ltr'><strong>concilien-</strong></span> 
     </span>
     <span class='ocr_line' id='line_1_27' title="bbox 1995 1367 2072 3061; textangle 270"><span class='ocrx_word' id='word_1_176' title='bbox 2029 1367 2072 1448; x_wconf 92' lang='lat' dir='ltr'><strong>tur</strong></span> <span class='ocrx_word' id='word_1_177' title='bbox 2026 1484 2069 1568; x_wconf 90' lang='lat' dir='ltr'><strong>aut</strong></span> <span class='ocrx_word' id='word_1_178' title='bbox 2024 1602 2057 1735; x_wconf 89' lang='lat' dir='ltr'><strong>mors</strong></span> <span class='ocrx_word' id='word_1_179' title='bbox 2020 1770 2069 1950; x_wconf 88' lang='lat' dir='ltr'><strong>iisdem</strong></span> <span class='ocrx_word' id='word_1_180' title='bbox 2000 1986 2065 2235; x_wconf 85' lang='lat' dir='ltr'><strong>obtingat,</strong></span> <span class='ocrx_word' id='word_1_181' title='bbox 2014 2291 2061 2358; x_wconf 90' lang='lat' dir='ltr'><strong>ita</strong></span> <span class='ocrx_word' id='word_1_182' title='bbox 2012 2405 2054 2487; x_wconf 87' lang='lat' dir='ltr'><strong>aut</strong></span> <span class='ocrx_word' id='word_1_183' title='bbox 1995 2533 2042 2625; x_wconf 88' lang='lat' dir='ltr'><strong>pro</strong></span> <span class='ocrx_word' id='word_1_184' title='bbox 2006 2673 2054 2942; x_wconf 85' lang='lat' dir='ltr'><strong>comoediis</strong></span> <span class='ocrx_word' id='word_1_185' title='bbox 2005 2978 2048 3061; x_wconf 87' lang='lat' dir='ltr'><strong>aut</strong></span> 
     </span>
     <span class='ocr_line' id='line_1_28' title="bbox 1916 1367 1991 2658; textangle 270"><span class='ocrx_word' id='word_1_186' title='bbox 1932 1367 1981 1458; x_wconf 86' lang='lat' dir='ltr'><strong>pro</strong></span> <span class='ocrx_word' id='word_1_187' title='bbox 1928 1495 1991 1764; x_wconf 87' lang='lat' dir='ltr'><strong>tragoediis</strong></span> <span class='ocrx_word' id='word_1_188' title='bbox 1938 1803 1990 1994; x_wconf 85' lang='lat' dir='ltr'><strong>fabulas</strong></span> <span class='ocrx_word' id='word_1_189' title='bbox 1935 2031 1985 2283; x_wconf 87' lang='lat' dir='ltr'><strong>habendas</strong></span> <span class='ocrx_word' id='word_1_190' title='bbox 1932 2320 1965 2432; x_wconf 88' lang='lat' dir='ltr'><strong>esse</strong></span> <span class='ocrx_word' id='word_1_191' title='bbox 1916 2467 1975 2658; x_wconf 87' lang='lat' dir='ltr'><strong>putant.</strong></span> 
     </span>
    </p>
   </div>
   <div class='ocr_carea' id='block_1_6' title="bbox 1273 1352 1913 3057">
    <p class='ocr_par' dir='ltr' id='par_1_6' title="bbox 1273 1352 1913 3057">
     <span class='ocr_line' id='line_1_29' title="bbox 1833 1493 1913 3054; textangle 270"><span class='ocrx_word' id='word_1_192' title='bbox 1865 1493 1913 1535; x_wconf 91' lang='lat' dir='ltr'><strong>A</strong></span> <span class='ocrx_word' id='word_1_193' title='bbox 1850 1570 1913 1840; x_wconf 88' lang='lat' dir='ltr'><strong>pictoribus</strong></span> <span class='ocrx_word' id='word_1_194' title='bbox 1841 1878 1891 2073; x_wconf 89' lang='lat' dir='ltr'><strong>quoque</strong></span> <span class='ocrx_word' id='word_1_195' title='bbox 1855 2110 1898 2160; x_wconf 88' lang='lat' dir='ltr'><strong>et</strong></span> <span class='ocrx_word' id='word_1_196' title='bbox 1843 2208 1902 2301; x_wconf 84' lang='lat' dir='ltr'><strong>iis,</strong></span> <span class='ocrx_word' id='word_1_197' title='bbox 1837 2352 1896 2431; x_wconf 90' lang='lat' dir='ltr'><strong>qui</strong></span> <span class='ocrx_word' id='word_1_198' title='bbox 1833 2481 1897 2619; x_wconf 87' lang='lat' dir='ltr'><strong>signa</strong></span> <span class='ocrx_word' id='word_1_199' title='bbox 1835 2669 1897 3054; x_wconf 79' lang='lat' dir='ltr'><strong>fabricabantur,</strong></span> 
     </span>
     <span class='ocr_line' id='line_1_30' title="bbox 1754 1360 1837 3057; textangle 270"><span class='ocrx_word' id='word_1_200' title='bbox 1770 1360 1837 1615; x_wconf 86' lang='lat' dir='ltr'><strong>Telephus</strong></span> <span class='ocrx_word' id='word_1_201' title='bbox 1766 1651 1830 1939; x_wconf 87' lang='lat' dir='ltr'><strong>frequenter</strong></span> <span class='ocrx_word' id='word_1_202' title='bbox 1760 1973 1816 2379; x_wconf 87' lang='lat' dir='ltr'><strong>repraesentatus</strong></span> <span class='ocrx_word' id='word_1_203' title='bbox 1770 2417 1812 2493; x_wconf 89' lang='lat' dir='ltr'><strong>est</strong></span> <span class='ocrx_word' id='word_1_204' title='bbox 1755 2521 1817 2592; x_wconf 48' lang='grc' dir='ltr'><strong>ἢ,</strong></span> <span class='ocrx_word' id='word_1_205' title='bbox 1768 2628 1815 2755; x_wconf 91' lang='lat' dir='ltr'><strong>inter</strong></span> <span class='ocrx_word' id='word_1_206' title='bbox 1754 2790 1800 2914; x_wconf 86' lang='lat' dir='ltr'><strong>quos</strong></span> <span class='ocrx_word' id='word_1_207' title='bbox 1767 2948 1810 3057; x_wconf 90' lang='lat' dir='ltr'><strong>erat</strong></span> 
     </span>
     <span class='ocr_line' id='line_1_31' title="bbox 1676 1358 1753 3057; textangle 270"><span class='ocrx_word' id='word_1_208' title='bbox 1702 1358 1753 1694; x_wconf 89' lang='lat' dir='ltr'><strong>nobilissimus</strong></span> <span class='ocrx_word' id='word_1_209' title='bbox 1697 1730 1749 2042; x_wconf 86' lang='lat' dir='ltr'><strong>Parrhasius.</strong></span> <span class='ocrx_word' id='word_1_210' title='bbox 1676 2114 1742 2409; x_wconf 85' lang='lat' dir='ltr'><strong>Euripidem</strong></span> <span class='ocrx_word' id='word_1_211' title='bbox 1688 2444 1735 2574; x_wconf 88' lang='lat' dir='ltr'><strong>enim</strong></span> <span class='ocrx_word' id='word_1_212' title='bbox 1688 2601 1736 2682; x_wconf 91' lang='lat' dir='ltr'><strong>hic</strong></span> <span class='ocrx_word' id='word_1_213' title='bbox 1687 2710 1730 2913; x_wconf 87' lang='lat' dir='ltr'><strong>secutus</strong></span> <span class='ocrx_word' id='word_1_214' title='bbox 1686 2943 1719 3057; x_wconf 88' lang='lat' dir='ltr'><strong>esse</strong></span> 
     </span>
     <span class='ocr_line' id='line_1_32' title="bbox 1592 1358 1674 3054; textangle 270"><span class='ocrx_word' id='word_1_215' title='bbox 1609 1358 1674 1570; x_wconf 78' lang='lat' dir='ltr'><strong>videtur,</strong></span> <span class='ocrx_word' id='word_1_216' title='bbox 1622 1606 1670 1657; x_wconf 87' lang='lat' dir='ltr'><strong>id</strong></span> <span class='ocrx_word' id='word_1_217' title='bbox 1605 1695 1667 1823; x_wconf 89' lang='lat' dir='ltr'><strong>quod</strong></span> <span class='ocrx_word' id='word_1_218' title='bbox 1601 1861 1665 2022; x_wconf 90' lang='lat' dir='ltr'><strong>colligi</strong></span> <span class='ocrx_word' id='word_1_219' title='bbox 1614 2057 1662 2173; x_wconf 88' lang='lat' dir='ltr'><strong>inde</strong></span> <span class='ocrx_word' id='word_1_220' title='bbox 1597 2207 1654 2403; x_wconf 74' lang='lat' dir='ltr'><strong>potest,</strong></span> <span class='ocrx_word' id='word_1_221' title='bbox 1594 2456 1655 2588; x_wconf 87' lang='lat' dir='ltr'><strong>quod</strong></span> <span class='ocrx_word' id='word_1_222' title='bbox 1608 2639 1656 2844; x_wconf 90' lang='lat' dir='ltr'><strong>eaedem</strong></span> <span class='ocrx_word' id='word_1_223' title='bbox 1592 2879 1638 3054; x_wconf 90' lang='lat' dir='ltr'><strong>perso-</strong></span> 
     </span>
     <span class='ocr_line' id='line_1_33' title="bbox 1510 1355 1589 3051; textangle 270"><span class='ocrx_word' id='word_1_224' title='bbox 1533 1355 1579 1466; x_wconf 88' lang='lat' dir='ltr'><strong>nae,</strong></span> <span class='ocrx_word' id='word_1_225' title='bbox 1528 1504 1589 1678; x_wconf 90' lang='lat' dir='ltr'><strong>quibus</strong></span> <span class='ocrx_word' id='word_1_226' title='bbox 1538 1713 1587 1762; x_wconf 89' lang='lat' dir='ltr'><strong>in</strong></span> <span class='ocrx_word' id='word_1_227' title='bbox 1537 1797 1585 1947; x_wconf 87' lang='lat' dir='ltr'><strong>huius</strong></span> <span class='ocrx_word' id='word_1_228' title='bbox 1518 1984 1580 2237; x_wconf 89' lang='lat' dir='ltr'><strong>tragoedia</strong></span> <span class='ocrx_word' id='word_1_229' title='bbox 1531 2273 1562 2353; x_wconf 88' lang='lat' dir='ltr'><strong>res</strong></span> <span class='ocrx_word' id='word_1_230' title='bbox 1515 2383 1576 2736; x_wconf 73' lang='lat' dir='ltr'><strong>transiguntur,</strong></span> <span class='ocrx_word' id='word_1_231' title='bbox 1510 2775 1576 3051; x_wconf 81' lang='lat' dir='ltr'><strong>Telephus,</strong></span> 
     </span>
     <span class='ocr_line' id='line_1_34' title="bbox 1439 1355 1513 3051; textangle 270"><span class='ocrx_word' id='word_1_232' title='bbox 1449 1355 1513 1597; x_wconf 75' lang='lat' dir='ltr'><strong>Achilles,</strong></span> <span class='ocrx_word' id='word_1_233' title='bbox 1446 1632 1507 1970; x_wconf 87' lang='lat' dir='ltr'><strong>Agamemnon</strong></span> <span class='ocrx_word' id='word_1_234' title='bbox 1441 2007 1497 2155; x_wconf 85' lang='lat' dir='ltr'><strong>atquc</strong></span> <span class='ocrx_word' id='word_1_235' title='bbox 1439 2191 1499 2383; x_wconf 82' lang='lat' dir='ltr'><strong>Ulixes,</strong></span> <span class='ocrx_word' id='word_1_236' title='bbox 1450 2420 1496 2467; x_wconf 91' lang='lat' dir='ltr'><strong>in</strong></span> <span class='ocrx_word' id='word_1_237' title='bbox 1448 2503 1496 2633; x_wconf 90' lang='lat' dir='ltr'><strong>illius</strong></span> <span class='ocrx_word' id='word_1_238' title='bbox 1448 2670 1496 2837; x_wconf 89' lang='lat' dir='ltr'><strong>tabula</strong></span> <span class='ocrx_word' id='word_1_239' title='bbox 1446 2874 1479 3051; x_wconf 88' lang='lat' dir='ltr'><strong>conso·</strong></span> 
     </span>
     <span class='ocr_line' id='line_1_35' title="bbox 1359 1354 1432 3049; textangle 270"><span class='ocrx_word' id='word_1_240' title='bbox 1384 1354 1432 1472; x_wconf 89' lang='lat' dir='ltr'><strong>ciati</strong></span> <span class='ocrx_word' id='word_1_241' title='bbox 1365 1508 1428 1941; x_wconf 87' lang='lat' dir='ltr'><strong>conspiciebantur</strong></span> <span class='ocrx_word' id='word_1_242' title='bbox 1359 1966 1421 2061; x_wconf 77' lang='lat'><strong>²¹²²¹²).</strong></span> <span class='ocrx_word' id='word_1_243' title='bbox 1369 2132 1421 2522; x_wconf 87' lang='lat' dir='ltr'><strong>Accuratissime</strong></span> <span class='ocrx_word' id='word_1_244' title='bbox 1369 2567 1411 2730; x_wconf 90' lang='lat' dir='ltr'><strong>autem</strong></span> <span class='ocrx_word' id='word_1_245' title='bbox 1368 2783 1400 2845; x_wconf 78' lang='lat' dir='ltr'><strong>ex</strong></span> <span class='ocrx_word' id='word_1_246' title='bbox 1367 2900 1416 3049; x_wconf 80' lang='lat' dir='ltr'><strong>Euri·</strong></span> 
     </span>
     <span class='ocr_line' id='line_1_36' title="bbox 1273 1352 1352 3047; textangle 270"><span class='ocrx_word' id='word_1_247' title='bbox 1290 1352 1352 1471; x_wconf 88' lang='lat' dir='ltr'><strong>pide</strong></span> <span class='ocrx_word' id='word_1_248' title='bbox 1285 1506 1333 1802; x_wconf 87' lang='lat' dir='ltr'><strong>expressum</strong></span> <span class='ocrx_word' id='word_1_249' title='bbox 1295 1838 1339 1915; x_wconf 88' lang='lat' dir='ltr'><strong>est</strong></span> <span class='ocrx_word' id='word_1_250' title='bbox 1279 1950 1327 2075; x_wconf 88' lang='lat' dir='ltr'><strong>opus</strong></span> <span class='ocrx_word' id='word_1_251' title='bbox 1280 2112 1341 2410; x_wconf 84' lang='lat' dir='ltr'><strong>Etruscum,</strong></span> <span class='ocrx_word' id='word_1_252' title='bbox 1273 2464 1337 2596; x_wconf 90' lang='lat' dir='ltr'><strong>quod</strong></span> <span class='ocrx_word' id='word_1_253' title='bbox 1288 2644 1336 2842; x_wconf 90' lang='lat' dir='ltr'><strong>Iahnius</strong></span> <span class='ocrx_word' id='word_1_254' title='bbox 1285 2894 1335 3047; x_wconf 90' lang='lat' dir='ltr'><strong>inter-</strong></span> 
     </span>
    </p>
   </div>
   <div class='ocr_carea' id='block_1_7' title="bbox 722 1398 1137 3044">
    <p class='ocr_par' dir='ltr' id='par_1_7' title="bbox 1070 1408 1137 2543">
     <span class='ocr_line' id='line_1_37' title="bbox 1070 1408 1137 2543; textangle 270"><span class='ocrx_word' id='word_1_255' title='bbox 1085 1408 1137 1458; x_wconf 48' lang='grc' dir='ltr'><strong>ἴῃ)</strong></span> <span class='ocrx_word' id='word_1_256' title='bbox 1096 1492 1136 1559; x_wconf 91' lang='lat' dir='ltr'><strong>Cf.</strong></span> <span class='ocrx_word' id='word_1_257' title='bbox 1079 1590 1134 1747; x_wconf 79' lang='lat' dir='ltr'><strong>Epigr.</strong></span> <span class='ocrx_word' id='word_1_258' title='bbox 1089 1780 1133 1957; x_wconf 78' lang='lat' dir='ltr'><strong>Antliol.</strong></span> <span class='ocrx_word' id='word_1_259' title='bbox 1085 1990 1128 2163; x_wconf 80' lang='lat' dir='ltr'><strong>Jacobs,</strong></span> <span class='ocrx_word' id='word_1_260' title='bbox 1083 2196 1124 2246; x_wconf 93' lang='lat' dir='ltr'><strong>T.</strong></span> <span class='ocrx_word' id='word_1_261' title='bbox 1083 2279 1125 2334; x_wconf 86' lang='lat' dir='ltr'><strong>II.</strong></span> <span class='ocrx_word' id='word_1_262' title='bbox 1070 2369 1109 2411; x_wconf 88' lang='lat' dir='ltr'><strong>p.</strong></span> <span class='ocrx_word' id='word_1_263' title='bbox 1081 2444 1124 2543; x_wconf 76' lang='grc'><strong>657.</strong></span> 
     </span>
    </p>

    <p class='ocr_par' dir='ltr' id='par_1_8' title="bbox 722 1398 1066 3044">
     <span class='ocr_line' id='line_1_38' title="bbox 1001 1398 1066 3044; textangle 270"><span class='ocrx_word' id='word_1_264' title='bbox 1014 1398 1066 1464; x_wconf 64' lang='grc' dir='ltr'><strong>Μ)</strong></span> <span class='ocrx_word' id='word_1_265' title='bbox 1024 1496 1066 1610; x_wconf 87' lang='lat' dir='ltr'><strong>I&#39;lin.</strong></span> <span class='ocrx_word' id='word_1_266' title='bbox 1023 1642 1063 1699; x_wconf 80' lang='lat' dir='ltr'><strong>H.</strong></span> <span class='ocrx_word' id='word_1_267' title='bbox 1023 1733 1063 1785; x_wconf 90' lang='lat' dir='ltr'><strong>N.</strong></span> <span class='ocrx_word' id='word_1_268' title='bbox 1007 1818 1060 2000; x_wconf 78' lang='lat' dir='ltr'>XXXV,</span> <span class='ocrx_word' id='word_1_269' title='bbox 1016 2033 1057 2090; x_wconf 83' lang='lat'><strong>10</strong></span> <span class='ocrx_word' id='word_1_270' title='bbox 1001 2118 1054 2239; x_wconf 77' lang='lat'>(36),</span> <span class='ocrx_word' id='word_1_271' title='bbox 1012 2263 1054 2345; x_wconf 80' lang='lat'><strong>71:</strong></span> <span class='ocrx_word' id='word_1_272' title='bbox 1010 2402 1051 2638; x_wconf 88' lang='lat' dir='ltr'><strong>laudantur</strong></span> <span class='ocrx_word' id='word_1_273' title='bbox 1008 2680 1046 2724; x_wconf 84' lang='lat' dir='ltr'><strong>et</strong></span> <span class='ocrx_word' id='word_1_274' title='bbox 1008 2750 1047 2925; x_wconf 87' lang='lat' dir='ltr'><strong>Aeneas</strong></span> <span class='ocrx_word' id='word_1_275' title='bbox 1006 2956 1049 3044; x_wconf 81' lang='lat' dir='ltr'><strong>Ga-</strong></span> 
     </span>
     <span class='ocr_line' id='line_1_39' title="bbox 924 1491 992 3042; textangle 270"><span class='ocrx_word' id='word_1_276' title='bbox 942 1491 992 1671; x_wconf 86' lang='lat' dir='ltr'><strong>storque</strong></span> <span class='ocrx_word' id='word_1_277' title='bbox 953 1712 980 1765; x_wconf 87' lang='lat' dir='ltr'><strong>ac</strong></span> <span class='ocrx_word' id='word_1_278' title='bbox 948 1804 991 1964; x_wconf 86' lang='lat' dir='ltr'><strong>Pollux</strong></span> <span class='ocrx_word' id='word_1_279' title='bbox 945 2015 987 2070; x_wconf 87' lang='lat' dir='ltr'><strong>in</strong></span> <span class='ocrx_word' id='word_1_280' title='bbox 942 2113 982 2304; x_wconf 86' lang='lat' dir='ltr'><strong>eadem</strong></span> <span class='ocrx_word' id='word_1_281' title='bbox 928 2346 982 2574; x_wconf 82' lang='lat' dir='ltr'><strong>tabula,</strong></span> <span class='ocrx_word' id='word_1_282' title='bbox 938 2617 980 2754; x_wconf 89' lang='lat' dir='ltr'><strong>item</strong></span> <span class='ocrx_word' id='word_1_283' title='bbox 924 2794 978 3042; x_wconf 81' lang='lat' dir='ltr'><strong>Telephus,</strong></span> 
     </span>
     <span class='ocr_line' id='line_1_40' title="bbox 864 1492 925 3043; textangle 270"><span class='ocrx_word' id='word_1_284' title='bbox 872 1492 925 1710; x_wconf 79' lang='lat' dir='ltr'><strong>Achilles,</strong></span> <span class='ocrx_word' id='word_1_285' title='bbox 864 1755 922 2090; x_wconf 79' lang='lat' dir='ltr'><strong>Agamemnon,</strong></span> <span class='ocrx_word' id='word_1_286' title='bbox 871 2132 913 2300; x_wconf 84' lang='lat' dir='ltr'><strong>Ulixes.</strong></span> <span class='ocrx_word' id='word_1_287' title='bbox 869 2374 911 2574; x_wconf 82' lang='lat' dir='ltr'><strong>Eandem</strong></span> <span class='ocrx_word' id='word_1_288' title='bbox 868 2618 909 2675; x_wconf 85' lang='lat' dir='ltr'><strong>ab</strong></span> <span class='ocrx_word' id='word_1_289' title='bbox 866 2715 907 2803; x_wconf 90' lang='lat' dir='ltr'><strong>hoc</strong></span> <span class='ocrx_word' id='word_1_290' title='bbox 866 2839 907 3043; x_wconf 78' lang='lat' dir='ltr'><strong>tabulam</strong></span> 
     </span>
     <span class='ocr_line' id='line_1_41' title="bbox 781 1492 855 3040; textangle 270"><span class='ocrx_word' id='word_1_291' title='bbox 813 1492 855 1664; x_wconf 87' lang='lat' dir='ltr'><strong>duobus</strong></span> <span class='ocrx_word' id='word_1_292' title='bbox 811 1694 852 1795; x_wconf 84' lang='lat' dir='ltr'><strong>aliis</strong></span> <span class='ocrx_word' id='word_1_293' title='bbox 808 1824 850 1933; x_wconf 88' lang='lat' dir='ltr'><strong>locis</strong></span> <span class='ocrx_word' id='word_1_294' title='bbox 805 1962 847 2049; x_wconf 91' lang='lat' dir='ltr'><strong>dici</strong></span> <span class='ocrx_word' id='word_1_295' title='bbox 791 2077 843 2231; x_wconf 82' lang='lat' dir='ltr'>(XXV,</span> <span class='ocrx_word' id='word_1_296' title='bbox 801 2262 843 2290; x_wconf 82' lang='lat'>5</span> <span class='ocrx_word' id='word_1_297' title='bbox 786 2312 843 2427; x_wconf 83' lang='lat'>(19),</span> <span class='ocrx_word' id='word_1_298' title='bbox 797 2449 842 2518; x_wconf 80' lang='lat'><strong>42.</strong></span> <span class='ocrx_word' id='word_1_299' title='bbox 797 2546 835 2590; x_wconf 85' lang='lat' dir='ltr'><strong>et</strong></span> <span class='ocrx_word' id='word_1_300' title='bbox 781 2611 838 2816; x_wconf 81' lang='lat' dir='ltr'>XXXIV,</span> <span class='ocrx_word' id='word_1_301' title='bbox 795 2843 838 2899; x_wconf 84' lang='lat'><strong>15</strong></span> <span class='ocrx_word' id='word_1_302' title='bbox 782 2925 839 3040; x_wconf 83' lang='lat'>(45),</span> 
     </span>
     <span class='ocr_line' id='line_1_42' title="bbox 722 1490 786 2183; textangle 270"><span class='ocrx_word' id='word_1_303' title='bbox 730 1490 786 1609; x_wconf 80' lang='lat'><strong>152.)</strong></span> <span class='ocrx_word' id='word_1_304' title='bbox 740 1641 783 1828; x_wconf 86' lang='lat' dir='ltr'><strong>coniecit</strong></span> <span class='ocrx_word' id='word_1_305' title='bbox 735 1857 779 2039; x_wconf 81' lang='lat' dir='ltr'><strong>Iahnius</strong></span> <span class='ocrx_word' id='word_1_306' title='bbox 722 2070 761 2112; x_wconf 90' lang='lat' dir='ltr'><strong>p.</strong></span> <span class='ocrx_word' id='word_1_307' title='bbox 734 2143 776 2183; x_wconf 83' lang='lat'><strong>9.</strong></span> 
     </span>
    </p>
   </div>
   <div class='ocr_carea' id='block_1_8' title="bbox 0 0 0 2646">
    <p class='ocr_par' dir='ltr' id='par_1_9' title="bbox 0 0 0 2646">
     <span class='ocr_line' id='line_1_43' title="bbox 0 0 0 2646; textangle 270"><span class='ocrx_word' id='word_1_308' title='bbox 0 0 0 2646; x_wconf 95' lang='lat' dir='ltr'><strong>                                           </strong></span> 
     </span>
    </p>
   </div>
   <div class='ocr_carea' id='block_1_9' title="bbox 1444 3332 3841 3336">
    <p class='ocr_par' dir='ltr' id='par_1_10' title="bbox 1444 3332 3841 3336">
     <span class='ocr_line' id='line_1_44' title="bbox 1444 3332 3841 3336; textangle 270"><span class='ocrx_word' id='word_1_309' title='bbox 1444 3332 3841 3336; x_wconf 95' lang='lat' dir='ltr'><strong> </strong></span> 
     </span>
    </p>
   </div>
   <div class='ocr_carea' id='block_1_10' title="bbox 948 3331 3841 3336">
    <p class='ocr_par' dir='ltr' id='par_1_11' title="bbox 948 3331 3841 3336">
     <span class='ocr_line' id='line_1_45' title="bbox 948 3331 3841 3336; textangle 270"><span class='ocrx_word' id='word_1_310' title='bbox 948 3331 3841 3336; x_wconf 95' lang='lat' dir='ltr'><strong> </strong></span> 
     </span>
    </p>
   </div>
   <div class='ocr_carea' id='block_1_11' title="bbox 0 0 745 3332">
    <p class='ocr_par' dir='ltr' id='par_1_12' title="bbox 0 0 745 3332">
     <span class='ocr_line' id='line_1_46' title="bbox 0 0 745 3332; textangle 270"><span class='ocrx_word' id='word_1_311' title='bbox 0 0 745 3332; x_wconf 95' lang='lat' dir='ltr'><strong> </strong></span> 
     </span>
    </p>
   </div>
  </div>
 </body>
</html>
