5010 3336
4382 1204 4500 2203 Α

3930 2162 3984 2201 4

3776 1350 3838 1601 σώζονται
3789 1645 3839 1700 δὲ
3777 1746 3841 1832 οξ.
3789 1901 3839 2101 Rectius
3791 2152 3837 2200 in
3780 2235 3839 2358 vita,
3776 2406 3823 2529 quae
3791 2565 3835 2642 est
3791 2674 3839 2724 ln
3788 2759 3838 2863 cod.
3788 2901 3839 3006 Me—

3614 1350 3685 1451 ςβ’,
3619 1489 3680 1699 σώζεται
3628 1733 3681 1789 δὲ
3614 1824 3684 1917 οη’,
3629 1963 3680 2167 τούτων
3630 2202 3681 2258 δὲ
3630 2291 3679 2567 νοθεύεται
3615 2600 3680 2742 τρία,
3614 2802 3679 3009 Τι’ννης,

3538 1338 3605 1726 Ῥαδάμανθυς,
3536 1764 3600 2069 Πειρίθους.
3550 2130 3598 2371 Detractis
3535 2405 3598 2552 igitur
3550 2585 3597 2660 his
3549 2698 3598 2853 tribus
3532 2892 3580 3006 spu-

3469 1344 3517 1431 riis
3456 1464 3517 1800 relinquuntur
3458 1834 3519 2030 LXXV,
3454 2067 3501 2209 quem
3470 2243 3502 2497 numerum
3470 2534 3517 2859 consentienti
3469 2885 3515 3006 scri-

3373 1344 3433 1540 ptorum
3390 1575 3437 1853 testimonio
3390 1888 3437 2164 confirmari
3392 2199 3438 2434 videmus.
3390 2504 3438 2691 Horum
3374 2735 3437 3006 dramatum

3310 1345 3343 1442 non
3296 1476 3358 1683 amplius
3312 1719 3353 1829 octo
3295 1867 3355 2075 satyrica
3302 2110 3357 2326 suerunt,
3312 2363 3354 2493 teste
3311 2519 3360 2711 'l‘homa
3295 2744 3358 3008 Magistro:

3215 1346 3281 1538 ἔγραψε
3216 1572 3284 1666 μὲν
3231 1701 3287 1800 οὖν
3215 1834 3281 2073 δράματα
3230 2110 3280 2207 δύο
3232 2242 3282 2328 καὶ
3215 2362 3283 2679 ἐνενήκοντα
3230 2722 3281 2785 τὰ
3220 2819 3279 3007 πάντα,

3150 1346 3203 1413 ἐν
3142 1460 3207 1558 οἷς
3136 1606 3207 1684 ἦν
3150 1734 3201 1906 ὀκτὼ
3135 1953 3198 2124 μόνα
3136 2174 3200 2550 Σατυρικά·
3133 2595 3199 2830 νενίκηκε
3148 2864 3199 2919 δὲ
3148 2954 3201 3010 ἐν

3068 1344 3115 1471 πᾶσι
3062 1504 3121 1708 τούτοις
3055 1745 3121 1971 δράμασι
3059 2014 3118 2164 νίκας
3055 2209 3121 2630 πέντε[καίδεκα].
3069 2699 3116 2796 Hic
3053 2831 3115 3008 satyri-

2989 1344 3022 1511 corum
2991 1548 3023 1779 numerus
2989 1816 3022 1927 cum
2978 1960 3037 2147 indice,
2974 2203 3021 2344 quem
2974 2384 3020 2530 supra
2975 2565 3036 2844 posuimus,
2989 2894 3021 3006 con-

2909 1342 2957 1490 venit.
2913 1560 2960 1778 Fuerunt
2909 1813 2952 1972 autem
2894 2011 2955 2216 satyrica
2910 2251 2955 2459 haecce:

2832 1377 2877 1421 1.
2822 1457 2883 1778 Αὐτόλυκος.
2830 2238 2875 2281 5.
2820 2321 2880 2574 Κύκλωψ.

2724 658 2761 705 ψ
2751 1375 2797 1420 2.
2738 1458 2801 1720 Βούσιρις.
2749 2236 2795 2280 6.
2734 2317 2800 2574 Σίσυφος.

2672 1376 2716 1421 3.
2659 1445 2722 1779 Εὐρυσθεύς,
2670 2237 2714 2280 7.
2654 2318 2719 2547 Σκίρων.

2591 1375 2637 1419 4.
2579 1461 2643 1719 Θερισταί.
2592 2236 2635 2280 8.
2580 2317 2638 2538 Συλεύς.

2498 1471 2559 1767 Autolycum
2513 1814 2561 1940 enim
2512 1988 2561 2194 alterum
2511 2243 2558 2445 eandem
2509 2483 2557 2697 fabulam
2495 2734 2554 2879 atque
2494 2913 2558 3004 Sy-

2432 1344 2478 1470 leum
2433 1506 2480 1659 fuisse
2432 1694 2481 1966 statuimus,

2341 1474 2401 1566 Qui
2354 1601 2399 1697 duo
2356 1734 2396 1784 ct.
2340 1818 2402 2077 nonaginta
2352 2111 2401 2324 dramata
2352 2359 2398 2417 ab
2335 2453 2399 2691 Euripide
2335 2739 2398 3006 composita

2274 1344 2306 1456 esse
2265 1487 2321 1808 tradiderunt,
2277 1846 2318 1924 ant
2274 1958 2323 2160 adiectis
2258 2198 2319 2373 spuriis
2256 2411 2319 2697 quibusdam
2271 2733 2318 2907 sabulis
2270 2944 2303 3004 ex

2194 1343 2243 1588 nominum
2182 1626 2243 1984 computatione
2196 2018 2237 2100 aut
2195 2134 2226 2194 ex
2194 2230 2240 2330 sola
2191 2366 2238 2643 coniectura
2191 2679 2221 2788 eum
2190 2833 2222 3003 nume-

2114 1343 2146 1452 rum
2117 1488 2163 1691 efficere
2102 1726 2160 2004 potuerunt.
2115 2074 2163 2195 Nam
2099 2244 2145 2387 quum
2096 2436 2142 2524 per
2097 2568 2157 2883 quadraginta
2110 2916 2142 3001 sex

2036 1342 2068 1492 annos
2038 1527 2085 1716 fabulas
2037 1751 2082 1809 ab
2021 1845 2084 2082 Euripide
2035 2119 2082 2285 doctas
2033 2321 2065 2430 esse
2030 2467 2074 2713 constaret
2018 2743 2079 2812 ²¹³),
2031 2850 2072 2898 et
2030 2933 2078 3002 al-

1945 704 1983 717 4
1958 1342 2004 1494 ternis
1959 1531 2005 1636 fere
1959 1670 2004 1803 annis
1943 1839 2004 2057 singulae
1938 2090 2002 2380 tetralogiae
1953 2415 2000 2463 in
1951 2499 1994 2746 certamen
1951 2781 1981 2807 a
1934 2843 1998 3002 poetis

1876 692 1905 716 μ,
1878 1343 1926 1529 deferri
1880 1564 1926 1736 solitae
1866 1771 1920 1952 essent7
1876 1988 1925 2122 illum
1874 2161 1922 2389 effectum
1872 2422 1921 2574 fuisse
1871 2600 1919 2873 fabularum
1872 2900 1918 2998 Eu—

1754 700 1814 715 4
1782 1341 1846 1514 ripidis
1800 1557 1831 1811 numerum
1799 1858 1846 2033 coniici
1781 2068 1840 2273 poterat.
1794 2344 1844 2529 Verum
1793 2563 1839 2832 modestius
1792 2865 1839 3001 initio

1703 1341 1768 1625 Euripidem
1704 1672 1751 1988 progressum
1717 2036 1749 2146 esse
1717 2192 1756 2240 et
1700 2286 1764 2581 longioribus
1713 2627 1760 2894 intervallis
1713 2929 1761 3001 fa-

1640 1338 1689 1478 bulas
1641 1514 1689 1740 docuisse
1640 1775 1672 1834 ex
1623 1870 1689 2141 fragmento
1622 2177 1684 2576 didascaliarum‚
1619 2622 1681 2752 quod
1632 2788 1680 2845 G.
1633 2883 1682 3001 Din-

1561 1340 1610 1526 dorfius
1561 1563 1593 1671 cum
1544 1708 1607 1849 vulgo
1545 1885 1603 2268 communicavit,
1540 2303 1602 2627 cognoscitur.
1555 2694 1601 2745 ln
1555 2779 1586 2837 eo
1555 2873 1600 2998 enim

1482 1341 1530 1404 de
1482 1426 1530 1677 Alcestide
1464 1708 1527 1891 scripta
1478 1925 1521 2034 sunt
1478 2067 1524 2215 haec:
1477 2250 1527 2307 τὸ
1476 2344 1527 2400 δὲ
1461 2437 1526 2610 δρᾶμα
1459 2644 1527 2867 ἐποιήθη
1463 2904 1524 2998 ig*-

1403 633 1444 703 ’Ψ
1388 1341 1454 1593 ἐδιδάχθη
1402 1630 1454 1711 ἐπὶ
1402 1746 1449 1783 Ι
1398 1787 1450 2053 Ἳλαυκίνου
1381 2088 1446 2342 ἄρχοντος
1396 2376 1449 2435 τὸ
1396 2470 1443 2521 A*
1387 2554 1447 2652 (ὄλ.
1394 2688 1450 2779 πε’.
1387 2815 1443 2998 Dina).

1325 1340 1371 1437 Pro
1317 1465 1375 1516 ,Ξ
1308 1532 1368 1867 reponendum
1319 1893 1352 2003 esse
1302 2034 1365 2223 siguum
1317 2243 1364 2504 Zconiicio
1302 2518 1367 2612 **).
1298 2650 1364 2998 Septendecim

1230 1339 1293 1487 igitur
1245 1518 1293 1706 fabulas
1228 1729 1274 1884 usque
1240 1908 1286 1969 ad
1236 1998 1287 2075 01.
1228 2104 1282 2185 85,
1226 2211 1282 2286 2.,
1222 2321 1269 2416 quo
1236 2450 1279 2558 acta
1236 2585 1279 2660 est
1219 2687 1282 2915 Alcestis,
1232 2950 1279 2998 in

1152 687 1165 704 s
1166 1340 1198 1535 scenam
1166 1578 1213 1637 ab
1146 1680 1212 1917 Euripide
1159 1962 1208 2145 delatas
1157 2195 1189 2306 esse
1147 2341 1205 2600 docemur,
1140 2650 1202 2779 quod
1152 2815 1202 2998 factum

1088 1341 1120 1452 esse
1087 1485 1135 1695 arbitror
1070 1729 1131 1827 sic,
1082 1862 1124 1916 ut
1081 1949 1128 2025 bis
1063 2060 1127 2257 singulis
1064 2290 1126 2481 fabuliS,
1076 2519 1123 2671 semel
1056 2710 1122 2903 trilogia
1074 2937 1105 2994 ac

1008 1340 1051 1419 ter
991 1450 1054 1725 tetralogiis
1005 1759 1051 1818 ab
1002 1855 1034 1915 eo
996 1950 1042 2238 certaretur.

892 1378 944 1420 *)
901 1451 943 1631 suidas:
888 1664 942 1922 ἐπεδείξατο
896 1953 939 2002 δὲ
885 2031 940 2164 ὅλους
882 2196 935 2433 ἐνιαυτοὺς
885 2463 934 2528 κς]
876 2557 929 2721 (scribe
875 2750 928 2860 μέ).

822 1357 875 1421 †*)
828 1450 874 1694 Levissima
828 1723 869 1836 haec
824 1866 866 2050 mutatio
823 2081 859 2146 est
810 2176 862 2383 omnium⁷
819 2415 860 2468 de
807 2500 860 2655 quibus
804 2685 860 2873 cogitari
806 2900 854 2994 pot-

762 1452 797 1531 est.
761 1573 801 1659 Alii
758 1683 797 1753 vel
758 1783 795 1809 F
757 1836 796 1907 vel
754 1929 794 1968 E
743 1988 794 2153 (potius
739 2175 791 2241 Ε)
739 2263 789 2534 maluerunt3
748 2566 789 2622 cf.
749 2652 789 2817 Welck.
736 2837 775 2876 p„
749 2898 790 2995 450.

3698 1348 3756 1488 aiot,
3694 1532 3757 1764 scriptum
3710 1813 3754 1890 est
3710 1933 3758 2029 sic:
3707 2076 3761 2140 τὰ
3709 2174 3759 2345 πάντα
3710 2380 3761 2428 δ’
3694 2464 3757 2531 ἠν
3710 2568 3761 2735 αὐτοῦ
3694 2771 3759 3007 δράματα
3694 3068 3698 3072 p

2995 3186 3063 3192 0²-
3074 3186 3124 3192 Q*-
3151 3187 3173 3192 --
3187 3187 3196 3191 -
3205 3182 3277 3193 ,φῖ-,ῃ
3292 3187 3342 3192 -η,
