<?xml version="1.0" encoding="UTF-8"?>
<!DOCTYPE html PUBLIC "-//W3C//DTD XHTML 1.0 Transitional//EN"
    "http://www.w3.org/TR/xhtml1/DTD/xhtml1-transitional.dtd">
<html xmlns="http://www.w3.org/1999/xhtml" xml:lang="en" lang="en">
 <head>
  <title>
</title>
<meta http-equiv="Content-Type" content="text/html;charset=utf-8" />
  <meta name='ocr-system' content='tesseract 3.04.00' />
  <meta name='ocr-capabilities' content='ocr_page ocr_carea ocr_par ocr_line ocrx_word'/>
</head>
<body>
  <div class='ocr_page' id='page_1' title='image "./euripidesrestitu00hartuoft_raw_0319.png"; bbox 0 0 5010 3336; ppageno 0'>
   <div class='ocr_carea' id='block_1_1' title="bbox 4 3336 3336 3336">
    <p class='ocr_par' dir='ltr' id='par_1_1' title="bbox 4 3336 3336 3336">
     <span class='ocr_line' id='line_1_1' title="bbox 4 3336 1067 3336; textangle 90"><span class='ocrx_word' id='word_1_1' title='bbox 4 3336 329 3336; x_wconf 95' lang='lat' dir='ltr'> </span> <span class='ocrx_word' id='word_1_2' title='bbox 4 3336 1067 3336; x_wconf 95' lang='lat' dir='ltr'> </span> 
     </span>
     <span class='ocr_line' id='line_1_2' title="bbox 4 3336 3336 3336; textangle 90"><span class='ocrx_word' id='word_1_3' title='bbox 4 3336 3336 3336; x_wconf 95' lang='lat' dir='ltr'>                                            </span> 
     </span>
    </p>
   </div>
   <div class='ocr_carea' id='block_1_2' title="bbox 1178 2154 1234 2269">
    <p class='ocr_par' dir='ltr' id='par_1_2' title="bbox 1178 2154 1234 2269">
     <span class='ocr_line' id='line_1_3' title="bbox 1178 2154 1234 2269; textangle 90"><span class='ocrx_word' id='word_1_4' title='bbox 1178 2154 1234 2269; x_wconf 81' lang='lat'>301</span> 
     </span>
    </p>
   </div>
   <div class='ocr_carea' id='block_1_3' title="bbox 1313 1390 1473 3313">
    <p class='ocr_par' dir='ltr' id='par_1_3' title="bbox 1313 1390 1473 3313">
     <span class='ocr_line' id='line_1_4' title="bbox 1313 1392 1402 3313; textangle 90"><span class='ocrx_word' id='word_1_5' title='bbox 1337 3290 1367 3313; x_wconf 67' lang='lat'>³²</span> <span class='ocrx_word' id='word_1_6' title='bbox 1334 2783 1402 3034; x_wconf 86' lang='lat' dir='ltr'>greditur,</span> <span class='ocrx_word' id='word_1_7' title='bbox 1331 2527 1396 2748; x_wconf 76' lang='lat' dir='ltr'>planum,</span> <span class='ocrx_word' id='word_1_8' title='bbox 1340 2239 1382 2492; x_wconf 78' lang='lat' dir='ltr'>erronem,</span> <span class='ocrx_word' id='word_1_9' title='bbox 1319 1904 1380 2208; x_wconf 82' lang='lat' dir='ltr'>vaniloquum</span> <span class='ocrx_word' id='word_1_10' title='bbox 1315 1641 1381 1870; x_wconf 82' lang='lat' dir='ltr'>appellat,</span> <span class='ocrx_word' id='word_1_11' title='bbox 1313 1392 1379 1609; x_wconf 80' lang='lat' dir='ltr'><strong>pugilum</strong></span> 
     </span>
     <span class='ocr_line' id='line_1_5' title="bbox 1391 1390 1473 3034; textangle 90"><span class='ocrx_word' id='word_1_12' title='bbox 1431 2898 1463 3034; x_wconf 89' lang='lat' dir='ltr'>more</span> <span class='ocrx_word' id='word_1_13' title='bbox 1414 2748 1460 2863; x_wconf 85' lang='lat' dir='ltr'>solis</span> <span class='ocrx_word' id='word_1_14' title='bbox 1408 2496 1473 2711; x_wconf 92' lang='lat' dir='ltr'>corporis</span> <span class='ocrx_word' id='word_1_15' title='bbox 1406 2272 1453 2451; x_wconf 78' lang='lat' dir='ltr'>viribus</span> <span class='ocrx_word' id='word_1_16' title='bbox 1398 2042 1447 2225; x_wconf 83' lang='lat' dir='ltr'><strong>alendis</strong></span> <span class='ocrx_word' id='word_1_17' title='bbox 1396 1687 1455 1991; x_wconf 81' lang='lat' dir='ltr'>studentem,</span> <span class='ocrx_word' id='word_1_18' title='bbox 1391 1390 1442 1643; x_wconf 78' lang='lat' dir='ltr'><strong>voracitati</strong></span> 
     </span>
    </p>
   </div>
   <div class='ocr_carea' id='block_1_4' title="bbox 1472 1383 2340 3333">
    <p class='ocr_par' dir='ltr' id='par_1_4' title="bbox 1472 1383 2340 3333">
     <span class='ocr_line' id='line_1_6' title="bbox 1472 1389 1555 3032; textangle 90"><span class='ocrx_word' id='word_1_19' title='bbox 1499 2890 1555 3032; x_wconf 86' lang='lat' dir='ltr'>atque</span> <span class='ocrx_word' id='word_1_20' title='bbox 1490 2641 1538 2854; x_wconf 79' lang='lat' dir='ltr'>desidiae</span> <span class='ocrx_word' id='word_1_21' title='bbox 1486 2363 1541 2606; x_wconf 74' lang='lat' dir='ltr'>deditum,</span> <span class='ocrx_word' id='word_1_22' title='bbox 1480 2065 1542 2314; x_wconf 87' lang='lat' dir='ltr'>hospitum</span> <span class='ocrx_word' id='word_1_23' title='bbox 1475 1723 1522 2015; x_wconf 79' lang='lat' dir='ltr'>liberalitate</span> <span class='ocrx_word' id='word_1_24' title='bbox 1473 1629 1521 1688; x_wconf 87' lang='lat' dir='ltr'>ad</span> <span class='ocrx_word' id='word_1_25' title='bbox 1472 1389 1535 1594; x_wconf 86' lang='lat' dir='ltr'>explen-</span> 
     </span>
     <span class='ocr_line' id='line_1_7' title="bbox 1555 1858 1620 3030; textangle 90"><span class='ocrx_word' id='word_1_26' title='bbox 1575 2917 1620 3030; x_wconf 89' lang='lat' dir='ltr'>dum</span> <span class='ocrx_word' id='word_1_27' title='bbox 1585 2687 1617 2879; x_wconf 83' lang='lat' dir='ltr'>avarum</span> <span class='ocrx_word' id='word_1_28' title='bbox 1572 2438 1614 2652; x_wconf 73' lang='lat' dir='ltr'>ventrem</span> <span class='ocrx_word' id='word_1_29' title='bbox 1558 2272 1607 2402; x_wconf 86' lang='lat' dir='ltr'>abuti</span> <span class='ocrx_word' id='word_1_30' title='bbox 1555 1954 1605 2237; x_wconf 75' lang='lat' dir='ltr'>criminatur</span> <span class='ocrx_word' id='word_1_31' title='bbox 1578 1858 1587 1922; x_wconf 74' lang='lat'>——</span> 
     </span>
     <span class='ocr_line' id='line_1_8' title="bbox 1618 1565 1742 3179; textangle 90"><span class='ocrx_word' id='word_1_32' title='bbox 1618 3174 1742 3179; x_wconf 54' lang='lat' dir='ltr'>l</span> <span class='ocrx_word' id='word_1_33' title='bbox 1647 2636 1709 2909; x_wconf 77' lang='grc' dir='ltr'><em>τάλλότρια</em></span> <span class='ocrx_word' id='word_1_34' title='bbox 1643 2379 1693 2604; x_wconf 81' lang='grc' dir='ltr'><em>δειπνεῖν</em></span> <span class='ocrx_word' id='word_1_35' title='bbox 1634 2255 1686 2348; x_wconf 89' lang='grc' dir='ltr'><em>τὸν</em></span> <span class='ocrx_word' id='word_1_36' title='bbox 1634 2056 1691 2224; x_wconf 79' lang='grc' dir='ltr'><em>καλῶς</em></span> <span class='ocrx_word' id='word_1_37' title='bbox 1628 1736 1692 2021; x_wconf 83' lang='grc' dir='ltr'><em>εὐδαίμονα</em></span> <span class='ocrx_word' id='word_1_38' title='bbox 1628 1664 1691 1713; x_wconf 89' lang='grc'>*)</span> <span class='ocrx_word' id='word_1_39' title='bbox 1657 1565 1666 1630; x_wconf 69' lang='lat'>—-</span> 
     </span>
     <span class='ocr_line' id='line_1_9' title="bbox 1710 1385 1792 3321; textangle 90"><span class='ocrx_word' id='word_1_40' title='bbox 1733 3287 1762 3321; x_wconf 52' lang='lat'>²*</span> <span class='ocrx_word' id='word_1_41' title='bbox 1744 2830 1792 3031; x_wconf 86' lang='lat' dir='ltr'>sperans</span> <span class='ocrx_word' id='word_1_42' title='bbox 1728 2659 1783 2794; x_wconf 68' lang='lat' dir='ltr'>fore,</span> <span class='ocrx_word' id='word_1_43' title='bbox 1730 2574 1771 2624; x_wconf 91' lang='lat' dir='ltr'>ut</span> <span class='ocrx_word' id='word_1_44' title='bbox 1716 2267 1769 2542; x_wconf 89' lang='lat' dir='ltr'>huiusmodi</span> <span class='ocrx_word' id='word_1_45' title='bbox 1712 1835 1762 2233; x_wconf 87' lang='lat' dir='ltr'>contumeliarum</span> <span class='ocrx_word' id='word_1_46' title='bbox 1710 1385 1769 1801; x_wconf 84' lang='lat' dir='ltr'>conviciorumque</span> 
     </span>
     <span class='ocr_line' id='line_1_10' title="bbox 1743 1386 1913 3305; textangle 90"><span class='ocrx_word' id='word_1_47' title='bbox 1818 3295 1842 3305; x_wconf 49' lang='grc' dir='ltr'><strong>ἲ</strong></span> <span class='ocrx_word' id='word_1_48' title='bbox 1743 3174 1913 3177; x_wconf 75' lang='grc' dir='ltr'>Ι</span> <span class='ocrx_word' id='word_1_49' title='bbox 1807 2774 1870 3032; x_wconf 82' lang='lat' dir='ltr'>impatiens</span> <span class='ocrx_word' id='word_1_50' title='bbox 1805 2606 1852 2738; x_wconf 90' lang='lat' dir='ltr'>abire</span> <span class='ocrx_word' id='word_1_51' title='bbox 1799 2398 1857 2561; x_wconf 86' lang='lat' dir='ltr'>malit,</span> <span class='ocrx_word' id='word_1_52' title='bbox 1811 2209 1858 2349; x_wconf 90' lang='lat' dir='ltr'>quam</span> <span class='ocrx_word' id='word_1_53' title='bbox 1791 1841 1855 2158; x_wconf 81' lang='lat' dir='ltr'>hospitalibus</span> <span class='ocrx_word' id='word_1_54' title='bbox 1787 1548 1837 1796; x_wconf 84' lang='lat' dir='ltr'>beneficiis</span> <span class='ocrx_word' id='word_1_55' title='bbox 1802 1386 1833 1494; x_wconf 91' lang='lat' dir='ltr'>cum</span> 
     </span>
     <span class='ocr_line' id='line_1_11' title="bbox 1866 1385 1986 3331; textangle 90"><span class='ocrx_word' id='word_1_56' title='bbox 1901 3294 1962 3331; x_wconf 25' lang='grc' dir='ltr'>Η*</span> <span class='ocrx_word' id='word_1_57' title='bbox 1920 3173 1986 3176; x_wconf 45' lang='lat' dir='ltr'>h</span> <span class='ocrx_word' id='word_1_58' title='bbox 1884 2654 1934 3030; x_wconf 78' lang='lat' dir='ltr'>matrisfamilias</span> <span class='ocrx_word' id='word_1_59' title='bbox 1878 2444 1927 2620; x_wconf 85' lang='lat' dir='ltr'>invidia</span> <span class='ocrx_word' id='word_1_60' title='bbox 1882 2266 1937 2408; x_wconf 89' lang='lat' dir='ltr'>atque</span> <span class='ocrx_word' id='word_1_61' title='bbox 1872 1987 1920 2232; x_wconf 85' lang='lat' dir='ltr'>iracundia</span> <span class='ocrx_word' id='word_1_62' title='bbox 1869 1854 1915 1964; x_wconf 89' lang='lat' dir='ltr'>frui.</span> <span class='ocrx_word' id='word_1_63' title='bbox 1868 1721 1915 1785; x_wconf 90' lang='lat' dir='ltr'>At</span> <span class='ocrx_word' id='word_1_64' title='bbox 1866 1455 1922 1695; x_wconf 80' lang='lat' dir='ltr'>Theseus,</span> <span class='ocrx_word' id='word_1_65' title='bbox 1869 1385 1911 1433; x_wconf 84' lang='lat' dir='ltr'>et</span> 
     </span>
     <span class='ocr_line' id='line_1_12' title="bbox 1943 1385 2033 3333; textangle 90"><span class='ocrx_word' id='word_1_66' title='bbox 1973 3284 2004 3333; x_wconf 52' lang='grc' dir='ltr'>Μ·</span> <span class='ocrx_word' id='word_1_67' title='bbox 1987 3173 2033 3176; x_wconf 57' lang='lat'>*5</span> <span class='ocrx_word' id='word_1_68' title='bbox 1972 2860 2013 3030; x_wconf 86' lang='lat' dir='ltr'>natura</span> <span class='ocrx_word' id='word_1_69' title='bbox 1977 2718 2010 2827; x_wconf 88' lang='lat' dir='ltr'>acer</span> <span class='ocrx_word' id='word_1_70' title='bbox 1961 2287 2021 2685; x_wconf 86' lang='lat' dir='ltr'>importunusque</span> <span class='ocrx_word' id='word_1_71' title='bbox 1959 2202 2001 2253; x_wconf 89' lang='lat' dir='ltr'>et</span> <span class='ocrx_word' id='word_1_72' title='bbox 1951 1970 1998 2168; x_wconf 87' lang='lat' dir='ltr'>meliore</span> <span class='ocrx_word' id='word_1_73' title='bbox 1948 1832 1995 1937; x_wconf 85' lang='lat' dir='ltr'>iure</span> <span class='ocrx_word' id='word_1_74' title='bbox 1962 1719 2005 1797; x_wconf 78' lang='lat' dir='ltr'>se,</span> <span class='ocrx_word' id='word_1_75' title='bbox 1961 1532 2006 1671; x_wconf 81' lang='lat' dir='ltr'>quam</span> <span class='ocrx_word' id='word_1_76' title='bbox 1943 1385 1990 1496; x_wconf 80' lang='lat' dir='ltr'>Me·</span> 
     </span>
     <span class='ocr_line' id='line_1_13' title="bbox 2022 1385 2100 3030; textangle 90"><span class='ocrx_word' id='word_1_77' title='bbox 2045 2873 2100 3030; x_wconf 85' lang='lat' dir='ltr'>deam,</span> <span class='ocrx_word' id='word_1_78' title='bbox 2041 2700 2090 2836; x_wconf 92' lang='lat' dir='ltr'>bonis</span> <span class='ocrx_word' id='word_1_79' title='bbox 2044 2615 2085 2666; x_wconf 89' lang='lat' dir='ltr'>et</span> <span class='ocrx_word' id='word_1_80' title='bbox 2034 2294 2100 2582; x_wconf 87' lang='lat' dir='ltr'>patrimonio</span> <span class='ocrx_word' id='word_1_81' title='bbox 2030 2107 2093 2258; x_wconf 80' lang='lat' dir='ltr'>Aegei</span> <span class='ocrx_word' id='word_1_82' title='bbox 2028 1976 2075 2073; x_wconf 86' lang='lat' dir='ltr'>frui</span> <span class='ocrx_word' id='word_1_83' title='bbox 2025 1645 2089 1942; x_wconf 78' lang='lat' dir='ltr'>intelligens,</span> <span class='ocrx_word' id='word_1_84' title='bbox 2022 1385 2087 1611; x_wconf 86' lang='lat' dir='ltr'>gravissi-</span> 
     </span>
     <span class='ocr_line' id='line_1_14' title="bbox 2104 1383 2194 3329; textangle 90"><span class='ocrx_word' id='word_1_85' title='bbox 2145 3285 2176 3329; x_wconf 52' lang='grc' dir='ltr'>,νυ-</span> <span class='ocrx_word' id='word_1_86' title='bbox 2185 3172 2194 3174; x_wconf 24' lang='lat' dir='ltr'>y</span> <span class='ocrx_word' id='word_1_87' title='bbox 2124 2938 2172 3030; x_wconf 89' lang='lat' dir='ltr'>mis</span> <span class='ocrx_word' id='word_1_88' title='bbox 2118 2532 2178 2904; x_wconf 88' lang='lat' dir='ltr'>iustissimisque</span> <span class='ocrx_word' id='word_1_89' title='bbox 2111 2226 2178 2498; x_wconf 82' lang='lat' dir='ltr'>opprobriis</span> <span class='ocrx_word' id='word_1_90' title='bbox 2108 1939 2157 2191; x_wconf 90' lang='lat' dir='ltr'>mulierem</span> <span class='ocrx_word' id='word_1_91' title='bbox 2105 1751 2153 1907; x_wconf 83' lang='lat' dir='ltr'>virilia</span> <span class='ocrx_word' id='word_1_92' title='bbox 2104 1383 2166 1721; x_wconf 81' lang='lat' dir='ltr'>sibiarrogan-</span> 
     </span>
     <span class='ocr_line' id='line_1_15' title="bbox 2197 2590 2262 3333; textangle 90"><span class='ocrx_word' id='word_1_93' title='bbox 2221 3292 2256 3333; x_wconf 61' lang='lat' dir='ltr'>(fr</span> <span class='ocrx_word' id='word_1_94' title='bbox 2208 2929 2251 3030; x_wconf 88' lang='lat' dir='ltr'>tem</span> <span class='ocrx_word' id='word_1_95' title='bbox 2197 2590 2262 2895; x_wconf 87' lang='lat' dir='ltr'>comprimit:</span> 
     </span>
     <span class='ocr_line' id='line_1_16' title="bbox 2260 1622 2340 3174; textangle 90"><span class='ocrx_word' id='word_1_96' title='bbox 2281 3172 2288 3174; x_wconf 82' lang='lat'>&#39;</span> <span class='ocrx_word' id='word_1_97' title='bbox 2275 2748 2328 2905; x_wconf 75' lang='grc' dir='ltr'><em>ἔνδον</em></span> <span class='ocrx_word' id='word_1_98' title='bbox 2273 2445 2340 2716; x_wconf 76' lang='grc' dir='ltr'><em>γυναικῶν</em></span> <span class='ocrx_word' id='word_1_99' title='bbox 2267 2327 2323 2414; x_wconf 78' lang='grc' dir='ltr'>καὶ</span> <span class='ocrx_word' id='word_1_100' title='bbox 2270 2173 2333 2295; x_wconf 85' lang='grc' dir='ltr'><em>παρ’</em></span> <span class='ocrx_word' id='word_1_101' title='bbox 2263 1914 2322 2134; x_wconf 79' lang='grc' dir='ltr'><strong><em>οἰκέταις</em></strong></span> <span class='ocrx_word' id='word_1_102' title='bbox 2260 1727 2325 1881; x_wconf 79' lang='grc' dir='ltr'><em>λόγος</em></span> <span class='ocrx_word' id='word_1_103' title='bbox 2261 1622 2324 1700; x_wconf 70' lang='lat'>²²²³¹²)</span> 
     </span>
    </p>
   </div>
   <div class='ocr_carea' id='block_1_5' title="bbox 2371 1862 2395 2901">
    <p class='ocr_par' dir='ltr' id='par_1_5' title="bbox 2371 1862 2395 2901">
     <span class='ocr_line' id='line_1_17' title="bbox 2371 1862 2395 2901; textangle 90"><span class='ocrx_word' id='word_1_104' title='bbox 2371 1862 2395 2901; x_wconf 59' lang='lat' dir='ltr'>—n—-—-..-.-.--—-</span> 
     </span>
    </p>
   </div>
   <div class='ocr_carea' id='block_1_6' title="bbox 2422 1727 2498 2898">
    <p class='ocr_par' dir='ltr' id='par_1_6' title="bbox 2422 1727 2498 2898">
     <span class='ocr_line' id='line_1_18' title="bbox 2422 1727 2498 2898; textangle 90"><span class='ocrx_word' id='word_1_105' title='bbox 2436 2713 2487 2898; x_wconf 82' lang='grc' dir='ltr'><em>δειλῶν</em></span> <span class='ocrx_word' id='word_1_106' title='bbox 2436 2436 2498 2682; x_wconf 77' lang='grc' dir='ltr'><em>γυναῖκες</em></span> <span class='ocrx_word' id='word_1_107' title='bbox 2428 2137 2480 2403; x_wconf 81' lang='grc' dir='ltr'><em>δεσποτῶν</em></span> <span class='ocrx_word' id='word_1_108' title='bbox 2422 1727 2489 2103; x_wconf 74' lang='grc' dir='ltr'><em>θρασύστομοι.</em></span> 
     </span>
    </p>
   </div>
   <div class='ocr_carea' id='block_1_7' title="bbox 2531 1866 2569 3305">
    <p class='ocr_par' dir='ltr' id='par_1_7' title="bbox 2531 1866 2569 3305">
     <span class='ocr_line' id='line_1_19' title="bbox 2531 1866 2569 3305; textangle 90"><span class='ocrx_word' id='word_1_109' title='bbox 2540 3294 2569 3305; x_wconf 68' lang='lat' dir='ltr'>[l</span> <span class='ocrx_word' id='word_1_110' title='bbox 2541 2832 2554 2896; x_wconf 67' lang='lat' dir='ltr'>——o</span> <span class='ocrx_word' id='word_1_111' title='bbox 2540 2638 2551 2703; x_wconf 79' lang='grc' dir='ltr'>-ιι</span> <span class='ocrx_word' id='word_1_112' title='bbox 2538 2443 2549 2509; x_wconf 69' lang='grc' dir='ltr'>-ι</span> <span class='ocrx_word' id='word_1_113' title='bbox 2537 2249 2547 2315; x_wconf 67' lang='lat'>„—-</span> <span class='ocrx_word' id='word_1_114' title='bbox 2534 2056 2541 2121; x_wconf 71' lang='lat'>--</span> <span class='ocrx_word' id='word_1_115' title='bbox 2531 1866 2539 1926; x_wconf 82' lang='lat'><strong>—</strong></span> 
     </span>
    </p>
   </div>
   <div class='ocr_carea' id='block_1_8' title="bbox 2578 787 3932 3329">
    <p class='ocr_par' dir='ltr' id='par_1_8' title="bbox 2578 787 3932 3329">
     <span class='ocr_line' id='line_1_20' title="bbox 2578 1725 2659 2895; textangle 90"><span class='ocrx_word' id='word_1_116' title='bbox 2594 2851 2644 2895; x_wconf 80' lang='grc' dir='ltr'><em>εἰ</em></span> <span class='ocrx_word' id='word_1_117' title='bbox 2593 2750 2659 2819; x_wconf 84' lang='grc' dir='ltr'>μὴ</span> <span class='ocrx_word' id='word_1_118' title='bbox 2589 2482 2652 2715; x_wconf 75' lang='grc' dir='ltr'><em>καθέξεις</em></span> <span class='ocrx_word' id='word_1_119' title='bbox 2590 2194 2654 2449; x_wconf 79' lang='grc' dir='ltr'><em>γλῶσσαν,</em></span> <span class='ocrx_word' id='word_1_120' title='bbox 2584 2020 2634 2158; x_wconf 74' lang='grc' dir='ltr'><em>ἔσται</em></span> <span class='ocrx_word' id='word_1_121' title='bbox 2594 1905 2632 1986; x_wconf 91' lang='grc' dir='ltr'>σοι</span> <span class='ocrx_word' id='word_1_122' title='bbox 2578 1725 2632 1875; x_wconf 80' lang='grc' dir='ltr'><em>κακά.</em></span> 
     </span>
     <span class='ocr_line' id='line_1_21' title="bbox 2656 1378 2738 3026; textangle 90"><span class='ocrx_word' id='word_1_123' title='bbox 2677 2919 2726 3026; x_wconf 86' lang='lat' dir='ltr'>Hac</span> <span class='ocrx_word' id='word_1_124' title='bbox 2676 2702 2723 2884; x_wconf 90' lang='lat' dir='ltr'>ratione</span> <span class='ocrx_word' id='word_1_125' title='bbox 2674 2517 2738 2669; x_wconf 86' lang='lat' dir='ltr'>probe</span> <span class='ocrx_word' id='word_1_126' title='bbox 2672 2204 2733 2481; x_wconf 81' lang='lat' dir='ltr'>castigatam</span> <span class='ocrx_word' id='word_1_127' title='bbox 2666 1930 2726 2169; x_wconf 85' lang='lat' dir='ltr'>relinquit,</span> <span class='ocrx_word' id='word_1_128' title='bbox 2663 1727 2710 1895; x_wconf 90' lang='lat' dir='ltr'>nolens</span> <span class='ocrx_word' id='word_1_129' title='bbox 2656 1512 2705 1691; x_wconf 86' lang='lat' dir='ltr'>diutius</span> <span class='ocrx_word' id='word_1_130' title='bbox 2670 1378 2702 1486; x_wconf 91' lang='lat' dir='ltr'>cum</span> 
     </span>
     <span class='ocr_line' id='line_1_22' title="bbox 2736 1374 2805 3025; textangle 90"><span class='ocrx_word' id='word_1_131' title='bbox 2756 2844 2805 3025; x_wconf 85' lang='lat' dir='ltr'>femina</span> <span class='ocrx_word' id='word_1_132' title='bbox 2754 2563 2801 2799; x_wconf 88' lang='lat' dir='ltr'>altercari.</span> <span class='ocrx_word' id='word_1_133' title='bbox 2750 2370 2797 2495; x_wconf 87' lang='lat' dir='ltr'>Tum</span> <span class='ocrx_word' id='word_1_134' title='bbox 2763 2210 2794 2322; x_wconf 85' lang='lat' dir='ltr'>vero</span> <span class='ocrx_word' id='word_1_135' title='bbox 2745 1951 2804 2153; x_wconf 80' lang='lat' dir='ltr'>Medea,</span> <span class='ocrx_word' id='word_1_136' title='bbox 2746 1853 2789 1901; x_wconf 86' lang='lat' dir='ltr'>et</span> <span class='ocrx_word' id='word_1_137' title='bbox 2737 1596 2788 1820; x_wconf 86' lang='lat' dir='ltr'>utilitatis</span> <span class='ocrx_word' id='word_1_138' title='bbox 2736 1374 2782 1563; x_wconf 86' lang='lat' dir='ltr'>ratione</span> 
     </span>
     <span class='ocr_line' id='line_1_23' title="bbox 2813 1373 2887 3023; textangle 90"><span class='ocrx_word' id='word_1_139' title='bbox 2841 2974 2884 3023; x_wconf 85' lang='lat' dir='ltr'>et</span> <span class='ocrx_word' id='word_1_140' title='bbox 2832 2698 2881 2942; x_wconf 87' lang='lat' dir='ltr'>iracundia</span> <span class='ocrx_word' id='word_1_141' title='bbox 2832 2448 2886 2663; x_wconf 88' lang='lat' dir='ltr'>iubente,</span> <span class='ocrx_word' id='word_1_142' title='bbox 2828 2184 2875 2411; x_wconf 91' lang='lat' dir='ltr'>continuo</span> <span class='ocrx_word' id='word_1_143' title='bbox 2822 1912 2887 2150; x_wconf 84' lang='lat' dir='ltr'>perdendi</span> <span class='ocrx_word' id='word_1_144' title='bbox 2820 1784 2867 1886; x_wconf 88' lang='lat' dir='ltr'>eius</span> <span class='ocrx_word' id='word_1_145' title='bbox 2815 1505 2865 1756; x_wconf 89' lang='lat' dir='ltr'>consilinm</span> <span class='ocrx_word' id='word_1_146' title='bbox 2813 1373 2863 1479; x_wconf 87' lang='lat' dir='ltr'>init.</span> 
     </span>
     <span class='ocr_line' id='line_1_24' title="bbox 2896 1373 2973 3024; textangle 90"><span class='ocrx_word' id='word_1_147' title='bbox 2914 2793 2962 3024; x_wconf 89' lang='lat' dir='ltr'>Ostendit</span> <span class='ocrx_word' id='word_1_148' title='bbox 2912 2602 2973 2748; x_wconf 85' lang='lat' dir='ltr'>igitur</span> <span class='ocrx_word' id='word_1_149' title='bbox 2911 2395 2971 2557; x_wconf 88' lang='lat' dir='ltr'>Aegeo</span> <span class='ocrx_word' id='word_1_150' title='bbox 2906 2162 2969 2347; x_wconf 89' lang='lat' dir='ltr'>(paullo</span> <span class='ocrx_word' id='word_1_151' title='bbox 2908 2001 2966 2115; x_wconf 89' lang='lat' dir='ltr'>post</span> <span class='ocrx_word' id='word_1_152' title='bbox 2901 1706 2948 1955; x_wconf 88' lang='lat' dir='ltr'>Theseum</span> <span class='ocrx_word' id='word_1_153' title='bbox 2896 1612 2941 1660; x_wconf 92' lang='lat' dir='ltr'>in</span> <span class='ocrx_word' id='word_1_154' title='bbox 2907 1373 2939 1566; x_wconf 87' lang='lat' dir='ltr'>scenam</span> 
     </span>
     <span class='ocr_line' id='line_1_25' title="bbox 2974 1370 3058 3171; textangle 90"><span class='ocrx_word' id='word_1_155' title='bbox 2985 3168 3045 3171; x_wconf 64' lang='grc' dir='ltr'>ἶ</span> <span class='ocrx_word' id='word_1_156' title='bbox 2992 2719 3058 3023; x_wconf 81' lang='lat' dir='ltr'>prodeunti),</span> <span class='ocrx_word' id='word_1_157' title='bbox 2995 2504 3052 2682; x_wconf 88' lang='lat' dir='ltr'>quanto</span> <span class='ocrx_word' id='word_1_158' title='bbox 3004 2362 3036 2467; x_wconf 90' lang='lat' dir='ltr'>cum</span> <span class='ocrx_word' id='word_1_159' title='bbox 2983 2105 3049 2325; x_wconf 87' lang='lat' dir='ltr'>periculo</span> <span class='ocrx_word' id='word_1_160' title='bbox 2984 1849 3028 2070; x_wconf 81' lang='lat' dir='ltr'>iuvenem</span> <span class='ocrx_word' id='word_1_161' title='bbox 2993 1718 3024 1811; x_wconf 91' lang='lat' dir='ltr'>non</span> <span class='ocrx_word' id='word_1_162' title='bbox 2974 1526 3021 1685; x_wconf 89' lang='lat' dir='ltr'>minus</span> <span class='ocrx_word' id='word_1_163' title='bbox 2986 1370 3031 1489; x_wconf 82' lang='lat' dir='ltr'>ege-</span> 
     </span>
     <span class='ocr_line' id='line_1_26' title="bbox 3052 1368 3135 3306; textangle 90"><span class='ocrx_word' id='word_1_164' title='bbox 3111 3299 3117 3306; x_wconf 89' lang='lat'>·</span> <span class='ocrx_word' id='word_1_165' title='bbox 3087 3168 3115 3170; x_wconf 61' lang='grc' dir='ltr'><em>Ξ</em></span> <span class='ocrx_word' id='word_1_166' title='bbox 3089 2912 3122 3025; x_wconf 90' lang='lat' dir='ltr'>num</span> <span class='ocrx_word' id='word_1_167' title='bbox 3087 2720 3135 2860; x_wconf 88' lang='lat' dir='ltr'>quam</span> <span class='ocrx_word' id='word_1_168' title='bbox 3075 2421 3117 2670; x_wconf 78' lang='lat' dir='ltr'>strenuum</span> <span class='ocrx_word' id='word_1_169' title='bbox 3072 2337 3114 2385; x_wconf 88' lang='lat' dir='ltr'>et</span> <span class='ocrx_word' id='word_1_170' title='bbox 3070 2100 3129 2305; x_wconf 85' lang='lat' dir='ltr'>propter</span> <span class='ocrx_word' id='word_1_171' title='bbox 3062 1946 3108 2070; x_wconf 89' lang='lat' dir='ltr'>hanc</span> <span class='ocrx_word' id='word_1_172' title='bbox 3073 1809 3105 1912; x_wconf 85' lang='lat' dir='ltr'>rem</span> <span class='ocrx_word' id='word_1_173' title='bbox 3055 1714 3103 1773; x_wconf 90' lang='lat' dir='ltr'>ad</span> <span class='ocrx_word' id='word_1_174' title='bbox 3052 1490 3116 1677; x_wconf 89' lang='lat' dir='ltr'>quidvis</span> <span class='ocrx_word' id='word_1_175' title='bbox 3066 1368 3096 1454; x_wconf 86' lang='lat' dir='ltr'>au-</span> 
     </span>
     <span class='ocr_line' id='line_1_27' title="bbox 3132 1369 3213 3326; textangle 90"><span class='ocrx_word' id='word_1_176' title='bbox 3179 3299 3209 3326; x_wconf 40' lang='lat' dir='ltr'>v&#39;a,</span> <span class='ocrx_word' id='word_1_177' title='bbox 3153 2811 3202 3023; x_wconf 85' lang='lat' dir='ltr'>dendum</span> <span class='ocrx_word' id='word_1_178' title='bbox 3165 2556 3213 2759; x_wconf 88' lang='lat' dir='ltr'>pronum</span> <span class='ocrx_word' id='word_1_179' title='bbox 3149 2464 3195 2511; x_wconf 92' lang='lat' dir='ltr'>in</span> <span class='ocrx_word' id='word_1_180' title='bbox 3146 2233 3192 2428; x_wconf 90' lang='lat' dir='ltr'>domum</span> <span class='ocrx_word' id='word_1_181' title='bbox 3142 1855 3201 2197; x_wconf 85' lang='lat' dir='ltr'>civitatemque</span> <span class='ocrx_word' id='word_1_182' title='bbox 3132 1533 3197 1802; x_wconf 83' lang='lat' dir='ltr'>receperit,</span> <span class='ocrx_word' id='word_1_183' title='bbox 3144 1369 3177 1479; x_wconf 91' lang='lat' dir='ltr'>cum</span> 
     </span>
     <span class='ocr_line' id='line_1_28' title="bbox 3209 830 3295 3329; textangle 90"><span class='ocrx_word' id='word_1_184' title='bbox 3253 3292 3291 3329; x_wconf 53' lang='grc' dir='ltr'>χ...</span> <span class='ocrx_word' id='word_1_185' title='bbox 3227 3174 3288 3180; x_wconf 53' lang='lat' dir='ltr'>,J</span> <span class='ocrx_word' id='word_1_186' title='bbox 3234 2915 3295 3021; x_wconf 88' lang='lat' dir='ltr'>ipse</span> <span class='ocrx_word' id='word_1_187' title='bbox 3232 2818 3278 2880; x_wconf 86' lang='lat' dir='ltr'>sit</span> <span class='ocrx_word' id='word_1_188' title='bbox 3232 2532 3275 2783; x_wconf 86' lang='lat' dir='ltr'>senectute</span> <span class='ocrx_word' id='word_1_189' title='bbox 3225 2206 3289 2497; x_wconf 82' lang='lat' dir='ltr'>provectior,</span> <span class='ocrx_word' id='word_1_190' title='bbox 3221 2003 3268 2169; x_wconf 83' lang='lat' dir='ltr'>civitas</span> <span class='ocrx_word' id='word_1_191' title='bbox 3222 1806 3264 1965; x_wconf 88' lang='lat' dir='ltr'>autem</span> <span class='ocrx_word' id='word_1_192' title='bbox 3211 1493 3261 1782; x_wconf 84' lang='lat' dir='ltr'>factionibus</span> <span class='ocrx_word' id='word_1_193' title='bbox 3209 1368 3255 1468; x_wconf 89' lang='lat' dir='ltr'>dis·</span> <span class='ocrx_word' id='word_1_194' title='bbox 3222 830 3253 834; x_wconf 65' lang='grc' dir='ltr'><em>ι</em></span> 
     </span>
     <span class='ocr_line' id='line_1_29' title="bbox 3264 830 3367 3021; textangle 90"><span class='ocrx_word' id='word_1_195' title='bbox 3312 2772 3365 3021; x_wconf 84' lang='lat' dir='ltr'>trahatur,</span> <span class='ocrx_word' id='word_1_196' title='bbox 3313 2691 3354 2740; x_wconf 89' lang='lat' dir='ltr'>et</span> <span class='ocrx_word' id='word_1_197' title='bbox 3322 2460 3367 2657; x_wconf 84' lang='lat' dir='ltr'>regnum</span> <span class='ocrx_word' id='word_1_198' title='bbox 3310 2200 3365 2422; x_wconf 88' lang='lat' dir='ltr'>tanquam</span> <span class='ocrx_word' id='word_1_199' title='bbox 3298 1985 3362 2165; x_wconf 87' lang='lat' dir='ltr'>praeda</span> <span class='ocrx_word' id='word_1_200' title='bbox 3295 1649 3359 1951; x_wconf 86' lang='lat' dir='ltr'>propositum</span> <span class='ocrx_word' id='word_1_201' title='bbox 3291 1547 3336 1611; x_wconf 84' lang='lat' dir='ltr'>sit</span> <span class='ocrx_word' id='word_1_202' title='bbox 3288 1368 3335 1517; x_wconf 84' lang='lat' dir='ltr'>auda-</span> <span class='ocrx_word' id='word_1_203' title='bbox 3264 830 3343 834; x_wconf 37' lang='grc' dir='ltr'>ζ</span> 
     </span>
     <span class='ocr_line' id='line_1_30' title="bbox 3349 829 3447 3018; textangle 90"><span class='ocrx_word' id='word_1_204' title='bbox 3390 2820 3438 3018; x_wconf 88' lang='lat' dir='ltr'>cissimo</span> <span class='ocrx_word' id='word_1_205' title='bbox 3387 2586 3447 2784; x_wconf 82' lang='lat' dir='ltr'>cuique3</span> <span class='ocrx_word' id='word_1_206' title='bbox 3383 2484 3430 2546; x_wconf 80' lang='lat' dir='ltr'>cf.</span> <span class='ocrx_word' id='word_1_207' title='bbox 3381 2201 3427 2445; x_wconf 85' lang='lat' dir='ltr'>Plutarch.</span> <span class='ocrx_word' id='word_1_208' title='bbox 3395 2132 3425 2171; x_wconf 91' lang='lat' dir='ltr'>c.</span> <span class='ocrx_word' id='word_1_209' title='bbox 3381 2022 3423 2106; x_wconf 76' lang='lat'>12:</span> <span class='ocrx_word' id='word_1_210' title='bbox 3377 1890 3423 1986; x_wconf 78' lang='grc' dir='ltr'>τοῦ</span> <span class='ocrx_word' id='word_1_211' title='bbox 3370 1773 3435 1866; x_wconf 76' lang='grc' dir='ltr'><em>μὲν</em></span> <span class='ocrx_word' id='word_1_212' title='bbox 3366 1548 3433 1747; x_wconf 75' lang='grc' dir='ltr'><em>Αἰγέως</em></span> <span class='ocrx_word' id='word_1_213' title='bbox 3365 1367 3429 1525; x_wconf 78' lang='grc' dir='ltr'><em>οέγνο-</em></span> <span class='ocrx_word' id='word_1_214' title='bbox 3349 829 3446 834; x_wconf 51' lang='grc' dir='ltr'>ἰ</span> 
     </span>
     <span class='ocr_line' id='line_1_31' title="bbox 3444 1366 3526 3016; textangle 90"><span class='ocrx_word' id='word_1_215' title='bbox 3470 2809 3526 3016; x_wconf 71' lang='grc' dir='ltr'><em>οῦντος,</em></span> <span class='ocrx_word' id='word_1_216' title='bbox 3465 2574 3521 2771; x_wconf 81' lang='grc' dir='ltr'><em>ὄντος</em></span> <span class='ocrx_word' id='word_1_217' title='bbox 3460 2473 3510 2538; x_wconf 80' lang='grc' dir='ltr'>δὲ</span> <span class='ocrx_word' id='word_1_218' title='bbox 3456 1976 3520 2446; x_wconf 77' lang='grc' dir='ltr'><em>πρεσβυτέρου</em></span> <span class='ocrx_word' id='word_1_219' title='bbox 3450 1843 3502 1949; x_wconf 86' lang='grc' dir='ltr'>καὶ</span> <span class='ocrx_word' id='word_1_220' title='bbox 3444 1366 3513 1815; x_wconf 77' lang='grc' dir='ltr'><em>φοβουμένου</em></span> 
     </span>
     <span class='ocr_line' id='line_1_32' title="bbox 3501 787 3792 3018; textangle 90"><span class='ocrx_word' id='word_1_221' title='bbox 3547 2804 3598 3018; x_wconf 77' lang='grc' dir='ltr'><em>πάντα</em></span> <span class='ocrx_word' id='word_1_222' title='bbox 3541 2660 3593 2768; x_wconf 79' lang='grc' dir='ltr'>διὰ</span> <span class='ocrx_word' id='word_1_223' title='bbox 3540 2510 3606 2625; x_wconf 78' lang='grc' dir='ltr'><em>τὴν</em></span> <span class='ocrx_word' id='word_1_224' title='bbox 3540 2218 3597 2475; x_wconf 77' lang='grc' dir='ltr'><em>στάσιν,</em></span> <span class='ocrx_word' id='word_1_225' title='bbox 3535 1986 3585 2181; x_wconf 76' lang='grc' dir='ltr'><em>ἔπεισεν</em></span> <span class='ocrx_word' id='word_1_226' title='bbox 3530 1800 3582 1959; x_wconf 88' lang='grc' dir='ltr'><em>αὐτὸν</em></span> <span class='ocrx_word' id='word_1_227' title='bbox 3528 1698 3587 1765; x_wconf 82' lang='grc' dir='ltr'>ὡς</span> <span class='ocrx_word' id='word_1_228' title='bbox 3525 1516 3588 1665; x_wconf 79' lang='grc' dir='ltr'><em>ξένον</em></span> <span class='ocrx_word' id='word_1_229' title='bbox 3521 1363 3574 1489; x_wconf 77' lang='grc' dir='ltr'><em>ἓστι-</em></span> <span class='ocrx_word' id='word_1_230' title='bbox 3501 827 3792 835; x_wconf 61' lang='grc' dir='ltr'>ἱ</span> <span class='ocrx_word' id='word_1_231' title='bbox 3552 787 3554 789; x_wconf 27' lang='grc' dir='ltr'>ψ</span> 
     </span>
     <span class='ocr_line' id='line_1_33' title="bbox 3795 826 3932 832; textangle 90"><span class='ocrx_word' id='word_1_232' title='bbox 3795 826 3932 832; x_wconf 72' lang='grc' dir='ltr'>ἶ</span> 
     </span>
    </p>
   </div>
   <div class='ocr_carea' id='block_1_9' title="bbox 1322 3332 3727 3336">
    <p class='ocr_par' dir='ltr' id='par_1_9' title="bbox 1322 3332 3727 3336">
     <span class='ocr_line' id='line_1_34' title="bbox 1322 3332 3727 3336; textangle 90"><span class='ocrx_word' id='word_1_233' title='bbox 1322 3332 3727 3336; x_wconf 95' lang='lat' dir='ltr'> </span> 
     </span>
    </p>
   </div>
   <div class='ocr_carea' id='block_1_10' title="bbox 3604 1356 4087 3017">
    <p class='ocr_par' dir='ltr' id='par_1_10' title="bbox 3604 1364 3767 3017">
     <span class='ocr_line' id='line_1_35' title="bbox 3604 1364 3689 3016; textangle 90"><span class='ocrx_word' id='word_1_234' title='bbox 3629 2876 3678 3016; x_wconf 84' lang='grc' dir='ltr'><em>ὥντα</em></span> <span class='ocrx_word' id='word_1_235' title='bbox 3622 2531 3689 2828; x_wconf 76' lang='grc' dir='ltr'><em>φαρμάκοις</em></span> <span class='ocrx_word' id='word_1_236' title='bbox 3620 2267 3670 2485; x_wconf 71' lang='grc' dir='ltr'><em>ἀνελεῖν.</em></span> <span class='ocrx_word' id='word_1_237' title='bbox 3618 2050 3665 2186; x_wconf 82' lang='lat' dir='ltr'>Haec</span> <span class='ocrx_word' id='word_1_238' title='bbox 3614 1782 3662 2001; x_wconf 87' lang='lat' dir='ltr'>serviunt</span> <span class='ocrx_word' id='word_1_239' title='bbox 3604 1364 3672 1739; x_wconf 83' lang='lat' dir='ltr'>interpretandis</span> 
     </span>
     <span class='ocr_line' id='line_1_36' title="bbox 3703 2370 3767 3017; textangle 90"><span class='ocrx_word' id='word_1_240' title='bbox 3709 2878 3757 3017; x_wconf 87' lang='lat' dir='ltr'>hisce</span> <span class='ocrx_word' id='word_1_241' title='bbox 3704 2594 3767 2843; x_wconf 82' lang='lat' dir='ltr'>Euripidis</span> <span class='ocrx_word' id='word_1_242' title='bbox 3703 2370 3750 2556; x_wconf 80' lang='lat' dir='ltr'>verbis:</span> 
     </span>
    </p>

    <p class='ocr_par' dir='ltr' id='par_1_11' title="bbox 3768 1780 3848 2885">
     <span class='ocr_line' id='line_1_37' title="bbox 3768 1780 3848 2885; textangle 90"><span class='ocrx_word' id='word_1_243' title='bbox 3781 2750 3848 2885; x_wconf 76' lang='grc' dir='ltr'><em>ἀνὴρ</em></span> <span class='ocrx_word' id='word_1_244' title='bbox 3782 2616 3846 2714; x_wconf 77' lang='grc' dir='ltr'>γὰρ</span> <span class='ocrx_word' id='word_1_245' title='bbox 3781 2447 3840 2580; x_wconf 79' lang='grc' dir='ltr'><em>ὅςτις</em></span> <span class='ocrx_word' id='word_1_246' title='bbox 3776 2135 3844 2412; x_wconf 80' lang='grc' dir='ltr'><em>χρημάτων</em></span> <span class='ocrx_word' id='word_1_247' title='bbox 3771 2008 3837 2101; x_wconf 79' lang='grc' dir='ltr'><em>μὲν</em></span> <span class='ocrx_word' id='word_1_248' title='bbox 3768 1780 3835 1971; x_wconf 77' lang='grc' dir='ltr'><em>ἐνδεής,</em></span> 
     </span>
    </p>

    <p class='ocr_par' dir='ltr' id='par_1_12' title="bbox 3850 1747 3927 2881">
     <span class='ocr_line' id='line_1_38' title="bbox 3850 1747 3927 2881; textangle 90"><span class='ocrx_word' id='word_1_249' title='bbox 3863 2691 3927 2881; x_wconf 83' lang='grc' dir='ltr'><em>δρᾶσαι</em></span> <span class='ocrx_word' id='word_1_250' title='bbox 3860 2599 3912 2653; x_wconf 83' lang='grc' dir='ltr'>δὲ</span> <span class='ocrx_word' id='word_1_251' title='bbox 3859 2434 3926 2563; x_wconf 82' lang='grc' dir='ltr'><em>χειρὶ</em></span> <span class='ocrx_word' id='word_1_252' title='bbox 3857 2160 3915 2399; x_wconf 83' lang='grc' dir='ltr'><em>δυνατός,</em></span> <span class='ocrx_word' id='word_1_253' title='bbox 3854 2028 3904 2123; x_wconf 80' lang='grc' dir='ltr'>οὐκ</span> <span class='ocrx_word' id='word_1_254' title='bbox 3850 1747 3912 1992; x_wconf 74' lang='grc' dir='ltr'><em>ἀνέξεται,</em></span> 
     </span>
    </p>

    <p class='ocr_par' dir='ltr' id='par_1_13' title="bbox 3924 1356 4087 3013">
     <span class='ocr_line' id='line_1_39' title="bbox 3924 1482 4006 2887; textangle 90"><span class='ocrx_word' id='word_1_255' title='bbox 3942 2824 3993 2887; x_wconf 79' lang='grc' dir='ltr'>τὰ</span> <span class='ocrx_word' id='word_1_256' title='bbox 3944 2684 3992 2791; x_wconf 83' lang='grc' dir='ltr'><em>τῶν</em></span> <span class='ocrx_word' id='word_1_257' title='bbox 3943 2604 3993 2649; x_wconf 84' lang='grc' dir='ltr'>δ’</span> <span class='ocrx_word' id='word_1_258' title='bbox 3939 2344 4006 2569; x_wconf 79' lang='grc' dir='ltr'><em>ἐχόντων</em></span> <span class='ocrx_word' id='word_1_259' title='bbox 3937 2084 4003 2310; x_wconf 78' lang='grc' dir='ltr'><em>χρήμαθ’</em></span> <span class='ocrx_word' id='word_1_260' title='bbox 3932 1803 3996 2046; x_wconf 73' lang='grc' dir='ltr'><em>ἁρπάζειν</em></span> <span class='ocrx_word' id='word_1_261' title='bbox 3924 1482 3992 1768; x_wconf 88' lang='grc' dir='ltr'><em>φιλεῖ)</em></span> 
     </span>
     <span class='ocr_line' id='line_1_40' title="bbox 4003 1356 4087 3013; textangle 90"><span class='ocrx_word' id='word_1_262' title='bbox 4023 2920 4072 3013; x_wconf 82' lang='lat' dir='ltr'>His</span> <span class='ocrx_word' id='word_1_263' title='bbox 4024 2742 4086 2887; x_wconf 87' lang='lat' dir='ltr'>igitur</span> <span class='ocrx_word' id='word_1_264' title='bbox 4022 2412 4087 2709; x_wconf 84' lang='lat' dir='ltr'>argumentis</span> <span class='ocrx_word' id='word_1_265' title='bbox 4021 2253 4079 2383; x_wconf 84' lang='lat' dir='ltr'>seni,</span> <span class='ocrx_word' id='word_1_266' title='bbox 4034 2164 4066 2218; x_wconf 88' lang='lat' dir='ltr'>se</span> <span class='ocrx_word' id='word_1_267' title='bbox 4015 1833 4073 2131; x_wconf 82' lang='lat' dir='ltr'>desolatum,</span> <span class='ocrx_word' id='word_1_268' title='bbox 4009 1618 4059 1786; x_wconf 88' lang='lat' dir='ltr'>liberis</span> <span class='ocrx_word' id='word_1_269' title='bbox 4003 1356 4070 1583; x_wconf 82' lang='lat' dir='ltr'>legitimis</span> 
     </span>
    </p>
   </div>
   <div class='ocr_carea' id='block_1_11' title="bbox 4185 774 4381 3007">
    <p class='ocr_par' dir='ltr' id='par_1_14' title="bbox 4185 774 4381 3007">
     <span class='ocr_line' id='line_1_41' title="bbox 4185 808 4244 2945; textangle 90"><span class='ocrx_word' id='word_1_270' title='bbox 4189 2897 4242 2945; x_wconf 78' lang='grc'>*)</span> <span class='ocrx_word' id='word_1_271' title='bbox 4190 2687 4244 2868; x_wconf 79' lang='lat' dir='ltr'>Fragm.</span> <span class='ocrx_word' id='word_1_272' title='bbox 4189 2572 4229 2656; x_wconf 88' lang='lat' dir='ltr'>inc.</span> <span class='ocrx_word' id='word_1_273' title='bbox 4185 2448 4226 2547; x_wconf 79' lang='lat'><strong>222.</strong></span> <span class='ocrx_word' id='word_1_274' title='bbox 4202 808 4205 809; x_wconf 75' lang='grc'>,</span> 
     </span>
     <span class='ocr_line' id='line_1_42' title="bbox 4237 777 4314 2970; textangle 90"><span class='ocrx_word' id='word_1_275' title='bbox 4259 2899 4312 2970; x_wconf 80' lang='lat'>**)</span> <span class='ocrx_word' id='word_1_276' title='bbox 4259 2689 4313 2871; x_wconf 81' lang='lat' dir='ltr'>Fragm.</span> <span class='ocrx_word' id='word_1_277' title='bbox 4258 2576 4299 2659; x_wconf 84' lang='lat' dir='ltr'>inc.</span> <span class='ocrx_word' id='word_1_278' title='bbox 4255 2445 4297 2544; x_wconf 81' lang='lat'>219.</span> <span class='ocrx_word' id='word_1_279' title='bbox 4239 853 4286 856; x_wconf 64' lang='lat' dir='ltr'>j</span> <span class='ocrx_word' id='word_1_280' title='bbox 4237 814 4314 818; x_wconf 67' lang='grc' dir='ltr'>Ι</span> <span class='ocrx_word' id='word_1_281' title='bbox 4259 777 4289 782; x_wconf 72' lang='lat'><em>1</em></span> 
     </span>
     <span class='ocr_line' id='line_1_43' title="bbox 4295 774 4381 3007; textangle 90"><span class='ocrx_word' id='word_1_282' title='bbox 4328 2894 4381 3007; x_wconf 48' lang='lat' dir='ltr'>mur)</span> <span class='ocrx_word' id='word_1_283' title='bbox 4329 2597 4372 2865; x_wconf 81' lang='lat' dir='ltr'>Matthiaeus</span> <span class='ocrx_word' id='word_1_284' title='bbox 4325 2405 4381 2568; x_wconf 81' lang='lat' dir='ltr'>fragm.</span> <span class='ocrx_word' id='word_1_285' title='bbox 4323 2222 4377 2374; x_wconf 85' lang='lat' dir='ltr'>Eurip.</span> <span class='ocrx_word' id='word_1_286' title='bbox 4336 2149 4376 2190; x_wconf 90' lang='lat' dir='ltr'>p.</span> <span class='ocrx_word' id='word_1_287' title='bbox 4318 2021 4363 2117; x_wconf 83' lang='lat'><strong>359.</strong></span> <span class='ocrx_word' id='word_1_288' title='bbox 4323 1944 4362 1987; x_wconf 83' lang='lat' dir='ltr'>et</span> <span class='ocrx_word' id='word_1_289' title='bbox 4333 1873 4373 1917; x_wconf 82' lang='lat' dir='ltr'>p.</span> <span class='ocrx_word' id='word_1_290' title='bbox 4317 1803 4359 1846; x_wconf 74' lang='grc'>7.</span> <span class='ocrx_word' id='word_1_291' title='bbox 4295 774 4342 784; x_wconf 70' lang='grc' dir='ltr'><strong><em>ἶ</em></strong></span> 
     </span>
    </p>
   </div>
  </div>
 </body>
</html>
