<?xml version="1.0" encoding="UTF-8"?>
<!DOCTYPE html PUBLIC "-//W3C//DTD XHTML 1.0 Transitional//EN"
    "http://www.w3.org/TR/xhtml1/DTD/xhtml1-transitional.dtd">
<html xmlns="http://www.w3.org/1999/xhtml" xml:lang="en" lang="en">
 <head>
  <title>
</title>
<meta http-equiv="Content-Type" content="text/html;charset=utf-8" />
  <meta name='ocr-system' content='tesseract 3.04.00' />
  <meta name='ocr-capabilities' content='ocr_page ocr_carea ocr_par ocr_line ocrx_word'/>
</head>
<body>
  <div class='ocr_page' id='page_1' title='image "./euripidesrestitu00hartuoft_raw_0503.png"; bbox 0 0 5010 3336; ppageno 0'>
   <div class='ocr_carea' id='block_1_1' title="bbox 1166 3329 4347 3336">
    <p class='ocr_par' dir='ltr' id='par_1_1' title="bbox 1166 3329 4347 3336">
     <span class='ocr_line' id='line_1_1' title="bbox 1166 3329 4347 3336; textangle 90"><span class='ocrx_word' id='word_1_1' title='bbox 1166 3329 4347 3336; x_wconf 95' lang='lat' dir='ltr'><strong> </strong></span> 
     </span>
    </p>
   </div>
   <div class='ocr_carea' id='block_1_2' title="bbox 2831 3148 3982 3162">
    <p class='ocr_par' dir='ltr' id='par_1_2' title="bbox 2831 3148 3982 3162">
     <span class='ocr_line' id='line_1_2' title="bbox 2831 3148 3982 3162; baseline 0.003 -7"><span class='ocrx_word' id='word_1_2' title='bbox 2831 3148 3982 3162; x_wconf 56' lang='lat' dir='ltr'><strong>m</strong></span> 
     </span>
    </p>
   </div>
   <div class='ocr_carea' id='block_1_3' title="bbox 4 3336 3336 3336">
    <p class='ocr_par' dir='ltr' id='par_1_3' title="bbox 4 3336 3336 3336">
     <span class='ocr_line' id='line_1_3' title="bbox 4 3336 3336 3336; textangle 90"><span class='ocrx_word' id='word_1_3' title='bbox 4 3336 3336 3336; x_wconf 95' lang='lat' dir='ltr'><strong>   </strong></span> <span class='ocrx_word' id='word_1_4' title='bbox 4 3336 1086 3336; x_wconf 95' lang='lat' dir='ltr'><strong> </strong></span> 
     </span>
     <span class='ocr_line' id='line_1_4' title="bbox 4 3336 3336 3336; textangle 90"><span class='ocrx_word' id='word_1_5' title='bbox 4 3336 3336 3336; x_wconf 95' lang='lat' dir='ltr'><strong>                                           </strong></span> 
     </span>
    </p>
   </div>
   <div class='ocr_carea' id='block_1_4' title="bbox 1024 2130 1081 2250">
    <p class='ocr_par' dir='ltr' id='par_1_4' title="bbox 1024 2130 1081 2250">
     <span class='ocr_line' id='line_1_5' title="bbox 1024 2130 1081 2250; textangle 90"><span class='ocrx_word' id='word_1_6' title='bbox 1024 2130 1081 2250; x_wconf 69' lang='lat'><strong>485</strong></span> 
     </span>
    </p>
   </div>
   <div class='ocr_carea' id='block_1_5' title="bbox 1160 1317 3771 3029">
    <p class='ocr_par' dir='ltr' id='par_1_5' title="bbox 1160 1351 1709 3029">
     <span class='ocr_line' id='line_1_6' title="bbox 1160 1357 1251 3029; textangle 90"><span class='ocrx_word' id='word_1_7' title='bbox 1186 2748 1251 3029; x_wconf 82' lang='lat' dir='ltr'><strong>decrepitae</strong></span> <span class='ocrx_word' id='word_1_8' title='bbox 1182 2525 1244 2713; x_wconf 90' lang='lat' dir='ltr'><strong>signum</strong></span> <span class='ocrx_word' id='word_1_9' title='bbox 1172 2025 1225 2475; x_wconf 83' lang='lat' dir='ltr'><strong>manifestissimum</strong></span> <span class='ocrx_word' id='word_1_10' title='bbox 1169 1898 1214 1975; x_wconf 90' lang='lat' dir='ltr'><strong>est</strong></span> <span class='ocrx_word' id='word_1_11' title='bbox 1165 1629 1212 1852; x_wconf 88' lang='lat' dir='ltr'><strong>laborare</strong></span> <span class='ocrx_word' id='word_1_12' title='bbox 1160 1357 1223 1585; x_wconf 78' lang='lat' dir='ltr'><strong>aliquem,</strong></span> 
     </span>
     <span class='ocr_line' id='line_1_7' title="bbox 1240 1357 1330 3029; textangle 90"><span class='ocrx_word' id='word_1_13' title='bbox 1269 2987 1315 3029; x_wconf 86' lang='lat' dir='ltr'><strong>si</strong></span> <span class='ocrx_word' id='word_1_14' title='bbox 1282 2850 1330 2938; x_wconf 88' lang='lat' dir='ltr'><strong>per</strong></span> <span class='ocrx_word' id='word_1_15' title='bbox 1263 2650 1310 2798; x_wconf 86' lang='lat' dir='ltr'><strong>ardua</strong></span> <span class='ocrx_word' id='word_1_16' title='bbox 1260 2497 1306 2603; x_wconf 86' lang='lat' dir='ltr'><strong>loca</strong></span> <span class='ocrx_word' id='word_1_17' title='bbox 1260 2399 1302 2447; x_wconf 90' lang='lat' dir='ltr'><strong>et</strong></span> <span class='ocrx_word' id='word_1_18' title='bbox 1250 2068 1312 2353; x_wconf 86' lang='lat' dir='ltr'><strong>confragosa</strong></span> <span class='ocrx_word' id='word_1_19' title='bbox 1247 1794 1294 2018; x_wconf 86' lang='lat' dir='ltr'><strong>enitatur.</strong></span> <span class='ocrx_word' id='word_1_20' title='bbox 1242 1662 1289 1727; x_wconf 89' lang='lat' dir='ltr'><strong>Et</strong></span> <span class='ocrx_word' id='word_1_21' title='bbox 1241 1519 1287 1613; x_wconf 90' lang='lat' dir='ltr'><strong>iam</strong></span> <span class='ocrx_word' id='word_1_22' title='bbox 1240 1357 1286 1483; x_wconf 88' lang='lat' dir='ltr'><strong>Ere-</strong></span> 
     </span>
     <span class='ocr_line' id='line_1_8' title="bbox 1320 1354 1395 3027; textangle 90"><span class='ocrx_word' id='word_1_23' title='bbox 1347 2794 1395 3027; x_wconf 87' lang='lat' dir='ltr'><strong>chtheum</strong></span> <span class='ocrx_word' id='word_1_24' title='bbox 1342 2699 1387 2757; x_wconf 90' lang='lat' dir='ltr'><strong>ab</strong></span> <span class='ocrx_word' id='word_1_25' title='bbox 1354 2603 1386 2661; x_wconf 91' lang='lat' dir='ltr'><strong>eo</strong></span> <span class='ocrx_word' id='word_1_26' title='bbox 1338 2308 1384 2567; x_wconf 83' lang='lat' dir='ltr'><strong>educatum</strong></span> <span class='ocrx_word' id='word_1_27' title='bbox 1344 2162 1375 2272; x_wconf 88' lang='lat' dir='ltr'><strong>esse</strong></span> <span class='ocrx_word' id='word_1_28' title='bbox 1326 1987 1373 2123; x_wconf 84' lang='lat' dir='ltr'><strong>finxit</strong></span> <span class='ocrx_word' id='word_1_29' title='bbox 1324 1810 1381 1952; x_wconf 79' lang='lat' dir='ltr'><strong>iden,</strong></span> <span class='ocrx_word' id='word_1_30' title='bbox 1336 1702 1367 1763; x_wconf 86' lang='lat' dir='ltr'><strong>ne</strong></span> <span class='ocrx_word' id='word_1_31' title='bbox 1320 1354 1366 1647; x_wconf 86' lang='lat' dir='ltr'><strong>miraremur</strong></span> 
     </span>
     <span class='ocr_line' id='line_1_9' title="bbox 1398 1354 1479 3029; textangle 90"><span class='ocrx_word' id='word_1_32' title='bbox 1428 2899 1475 3029; x_wconf 91' lang='lat' dir='ltr'><strong>hunc</strong></span> <span class='ocrx_word' id='word_1_33' title='bbox 1436 2641 1477 2863; x_wconf 82' lang='lat' dir='ltr'><strong>servum,</strong></span> <span class='ocrx_word' id='word_1_34' title='bbox 1416 2454 1479 2590; x_wconf 82' lang='lat' dir='ltr'><strong>quasi</strong></span> <span class='ocrx_word' id='word_1_35' title='bbox 1411 2054 1459 2419; x_wconf 87' lang='lat' dir='ltr'><strong>monumentum</strong></span> <span class='ocrx_word' id='word_1_36' title='bbox 1403 1794 1449 2005; x_wconf 81' lang='lat' dir='ltr'><strong>familiae</strong></span> <span class='ocrx_word' id='word_1_37' title='bbox 1398 1354 1459 1758; x_wconf 79' lang='lat' dir='ltr'><strong>antiquissimum,</strong></span> 
     </span>
     <span class='ocr_line' id='line_1_10' title="bbox 1476 1354 1566 3026; textangle 90"><span class='ocrx_word' id='word_1_38' title='bbox 1504 2943 1566 3026; x_wconf 89' lang='lat' dir='ltr'><strong>qui</strong></span> <span class='ocrx_word' id='word_1_39' title='bbox 1501 2757 1565 2910; x_wconf 83' lang='lat' dir='ltr'><strong>patris</strong></span> <span class='ocrx_word' id='word_1_40' title='bbox 1514 2665 1544 2720; x_wconf 86' lang='lat' dir='ltr'><strong>ac</strong></span> <span class='ocrx_word' id='word_1_41' title='bbox 1494 2452 1559 2615; x_wconf 73' lang='lat' dir='ltr'><strong>proavi</strong></span> <span class='ocrx_word' id='word_1_42' title='bbox 1501 2146 1553 2401; x_wconf 80' lang='lat' dir='ltr'><strong>personam</strong></span> <span class='ocrx_word' id='word_1_43' title='bbox 1484 2000 1530 2093; x_wconf 89' lang='lat' dir='ltr'><strong>sibi</strong></span> <span class='ocrx_word' id='word_1_44' title='bbox 1497 1815 1543 1959; x_wconf 85' lang='lat' dir='ltr'><strong>agere</strong></span> <span class='ocrx_word' id='word_1_45' title='bbox 1480 1665 1541 1773; x_wconf 83' lang='lat' dir='ltr'><strong>ipse</strong></span> <span class='ocrx_word' id='word_1_46' title='bbox 1476 1354 1535 1621; x_wconf 85' lang='lat' dir='ltr'><strong>videretur,</strong></span> 
     </span>
     <span class='ocr_line' id='line_1_11' title="bbox 1554 1351 1629 3025; textangle 90"><span class='ocrx_word' id='word_1_47' title='bbox 1581 2786 1629 3025; x_wconf 86' lang='lat' dir='ltr'><strong>acerrima</strong></span> <span class='ocrx_word' id='word_1_48' title='bbox 1574 2492 1625 2738; x_wconf 86' lang='lat' dir='ltr'><strong>iracundia</strong></span> <span class='ocrx_word' id='word_1_49' title='bbox 1564 2130 1622 2447; x_wconf 87' lang='lat' dir='ltr'><strong>inflammari,</strong></span> <span class='ocrx_word' id='word_1_50' title='bbox 1561 1788 1621 2079; x_wconf 85' lang='lat' dir='ltr'><strong>simulatque</strong></span> <span class='ocrx_word' id='word_1_51' title='bbox 1558 1681 1604 1742; x_wconf 89' lang='lat' dir='ltr'><strong>de</strong></span> <span class='ocrx_word' id='word_1_52' title='bbox 1554 1351 1604 1645; x_wconf 88' lang='lat' dir='ltr'><strong>contumelia</strong></span> 
     </span>
     <span class='ocr_line' id='line_1_12' title="bbox 1642 1940 1709 3022; textangle 90"><span class='ocrx_word' id='word_1_53' title='bbox 1660 2796 1709 3022; x_wconf 87' lang='lat' dir='ltr'><strong>dominae</strong></span> <span class='ocrx_word' id='word_1_54' title='bbox 1658 2699 1705 2757; x_wconf 87' lang='lat' dir='ltr'><strong>ab</strong></span> <span class='ocrx_word' id='word_1_55' title='bbox 1653 2466 1702 2661; x_wconf 86' lang='lat' dir='ltr'><strong>advenis</strong></span> <span class='ocrx_word' id='word_1_56' title='bbox 1649 2299 1696 2431; x_wconf 83' lang='lat' dir='ltr'><strong>illata</strong></span> <span class='ocrx_word' id='word_1_57' title='bbox 1642 1940 1706 2265; x_wconf 80' lang='lat' dir='ltr'><strong>cognovisset.</strong></span> 
     </span>
    </p>

    <p class='ocr_par' dir='ltr' id='par_1_6' title="bbox 1712 1317 3771 3020">
     <span class='ocr_line' id='line_1_13' title="bbox 1712 1351 1796 2881; textangle 90"><span class='ocrx_word' id='word_1_58' title='bbox 1739 2630 1786 2881; x_wconf 76' lang='lat' dir='ltr'><strong>Reversae</strong></span> <span class='ocrx_word' id='word_1_59' title='bbox 1733 2455 1796 2598; x_wconf 85' lang='lat' dir='ltr'><strong>igitur</strong></span> <span class='ocrx_word' id='word_1_60' title='bbox 1727 2204 1774 2418; x_wconf 82' lang='lat' dir='ltr'><strong>Creusae</strong></span> <span class='ocrx_word' id='word_1_61' title='bbox 1738 2096 1782 2167; x_wconf 88' lang='lat' dir='ltr'><strong>ea,</strong></span> <span class='ocrx_word' id='word_1_62' title='bbox 1735 1937 1784 2059; x_wconf 80' lang='lat' dir='ltr'><strong>quae</strong></span> <span class='ocrx_word' id='word_1_63' title='bbox 1721 1796 1764 1903; x_wconf 85' lang='lat' dir='ltr'><strong>acta</strong></span> <span class='ocrx_word' id='word_1_64' title='bbox 1719 1639 1773 1767; x_wconf 87' lang='lat' dir='ltr'><strong>suut,</strong></span> <span class='ocrx_word' id='word_1_65' title='bbox 1730 1573 1760 1601; x_wconf 86' lang='lat' dir='ltr'><strong>a</strong></span> <span class='ocrx_word' id='word_1_66' title='bbox 1712 1351 1760 1550; x_wconf 84' lang='lat' dir='ltr'><strong>famulis</strong></span> 
     </span>
     <span class='ocr_line' id='line_1_14' title="bbox 1790 1350 1873 3020; textangle 90"><span class='ocrx_word' id='word_1_67' title='bbox 1840 2962 1873 3020; x_wconf 86' lang='lat' dir='ltr'><strong>ea</strong></span> <span class='ocrx_word' id='word_1_68' title='bbox 1820 2745 1869 2933; x_wconf 86' lang='lat' dir='ltr'><strong>ratione</strong></span> <span class='ocrx_word' id='word_1_69' title='bbox 1814 2414 1867 2710; x_wconf 88' lang='lat' dir='ltr'><strong>indicantur,</strong></span> <span class='ocrx_word' id='word_1_70' title='bbox 1820 2237 1867 2361; x_wconf 88' lang='lat' dir='ltr'><strong>quae</strong></span> <span class='ocrx_word' id='word_1_71' title='bbox 1802 2142 1848 2202; x_wconf 91' lang='lat' dir='ltr'><strong>ad</strong></span> <span class='ocrx_word' id='word_1_72' title='bbox 1797 1794 1847 2105; x_wconf 82' lang='lat' dir='ltr'><strong>excitandum</strong></span> <span class='ocrx_word' id='word_1_73' title='bbox 1794 1539 1841 1757; x_wconf 89' lang='lat' dir='ltr'><strong>dolorem</strong></span> <span class='ocrx_word' id='word_1_74' title='bbox 1790 1350 1853 1503; x_wconf 85' lang='lat' dir='ltr'><strong>aptis·-</strong></span> 
     </span>
     <span class='ocr_line' id='line_1_15' title="bbox 1872 1348 1953 3019; textangle 90"><span class='ocrx_word' id='word_1_75' title='bbox 1905 2898 1951 3019; x_wconf 86' lang='lat' dir='ltr'><strong>sima</strong></span> <span class='ocrx_word' id='word_1_76' title='bbox 1901 2716 1947 2863; x_wconf 89' lang='lat' dir='ltr'><strong>esset.</strong></span> <span class='ocrx_word' id='word_1_77' title='bbox 1887 2376 1953 2648; x_wconf 83' lang='lat' dir='ltr'><strong>Impatienti</strong></span> <span class='ocrx_word' id='word_1_78' title='bbox 1882 2157 1931 2339; x_wconf 91' lang='lat' dir='ltr'><strong>doloris</strong></span> <span class='ocrx_word' id='word_1_79' title='bbox 1881 1974 1927 2109; x_wconf 84' lang='lat' dir='ltr'><strong>faces</strong></span> <span class='ocrx_word' id='word_1_80' title='bbox 1878 1729 1937 1930; x_wconf 81' lang='lat' dir='ltr'><strong>insuper</strong></span> <span class='ocrx_word' id='word_1_81' title='bbox 1890 1668 1920 1694; x_wconf 91' lang='lat' dir='ltr'><strong>a</strong></span> <span class='ocrx_word' id='word_1_82' title='bbox 1872 1348 1935 1634; x_wconf 90' lang='lat' dir='ltr'><strong>paedagogo</strong></span> 
     </span>
     <span class='ocr_line' id='line_1_16' title="bbox 1950 1347 2033 3018; textangle 90"><span class='ocrx_word' id='word_1_83' title='bbox 1980 2685 2031 3018; x_wconf 85' lang='lat' dir='ltr'><strong>admoventur,</strong></span> <span class='ocrx_word' id='word_1_84' title='bbox 1971 2566 2033 2647; x_wconf 89' lang='lat' dir='ltr'><strong>qui</strong></span> <span class='ocrx_word' id='word_1_85' title='bbox 1966 2408 2015 2531; x_wconf 88' lang='lat' dir='ltr'><strong>nihil</strong></span> <span class='ocrx_word' id='word_1_86' title='bbox 1965 2200 2011 2374; x_wconf 86' lang='lat' dir='ltr'><strong>horum</strong></span> <span class='ocrx_word' id='word_1_87' title='bbox 1966 1976 2008 2165; x_wconf 89' lang='lat' dir='ltr'><strong>temere</strong></span> <span class='ocrx_word' id='word_1_88' title='bbox 1955 1848 2003 1926; x_wconf 72' lang='lat' dir='ltr'><strong>vel</strong></span> <span class='ocrx_word' id='word_1_89' title='bbox 1954 1623 2002 1826; x_wconf 81' lang='lat' dir='ltr'><strong>fortuito</strong></span> <span class='ocrx_word' id='word_1_90' title='bbox 1950 1347 2007 1603; x_wconf 89' lang='lat' dir='ltr'><strong>accidisse,</strong></span> 
     </span>
     <span class='ocr_line' id='line_1_17' title="bbox 2030 1346 2109 3017; textangle 90"><span class='ocrx_word' id='word_1_91' title='bbox 2060 2930 2109 3017; x_wconf 87' lang='lat' dir='ltr'><strong>sed</strong></span> <span class='ocrx_word' id='word_1_92' title='bbox 2056 2734 2105 2894; x_wconf 87' lang='lat' dir='ltr'><strong>omnia</strong></span> <span class='ocrx_word' id='word_1_93' title='bbox 2055 2537 2097 2699; x_wconf 88' lang='lat' dir='ltr'><strong>astute</strong></span> <span class='ocrx_word' id='word_1_94' title='bbox 2047 2443 2094 2501; x_wconf 89' lang='lat' dir='ltr'><strong>ab</strong></span> <span class='ocrx_word' id='word_1_95' title='bbox 2043 2181 2100 2405; x_wconf 72' lang='lat' dir='ltr'><strong>advenis,</strong></span> <span class='ocrx_word' id='word_1_96' title='bbox 2044 2078 2086 2134; x_wconf 91' lang='lat' dir='ltr'><strong>ut</strong></span> <span class='ocrx_word' id='word_1_97' title='bbox 2039 1906 2085 2032; x_wconf 84' lang='lat' dir='ltr'><strong>bona</strong></span> <span class='ocrx_word' id='word_1_98' title='bbox 2035 1705 2081 1859; x_wconf 83' lang='lat' dir='ltr'><strong>aliena</strong></span> <span class='ocrx_word' id='word_1_99' title='bbox 2030 1346 2093 1661; x_wconf 75' lang='lat' dir='ltr'><strong>occuparent,</strong></span> 
     </span>
     <span class='ocr_line' id='line_1_18' title="bbox 2111 1342 2192 3016; textangle 90"><span class='ocrx_word' id='word_1_100' title='bbox 2143 2828 2188 3016; x_wconf 85' lang='lat' dir='ltr'><strong>structa</strong></span> <span class='ocrx_word' id='word_1_101' title='bbox 2132 2661 2180 2792; x_wconf 86' lang='lat' dir='ltr'><strong>etin</strong></span> <span class='ocrx_word' id='word_1_102' title='bbox 2126 2341 2192 2614; x_wconf 86' lang='lat' dir='ltr'><strong>perniciem</strong></span> <span class='ocrx_word' id='word_1_103' title='bbox 2121 2134 2185 2289; x_wconf 90' lang='lat' dir='ltr'><strong>gentis</strong></span> <span class='ocrx_word' id='word_1_104' title='bbox 2115 1829 2167 2099; x_wconf 84' lang='lat' dir='ltr'><strong>Erechthei</strong></span> <span class='ocrx_word' id='word_1_105' title='bbox 2111 1504 2175 1779; x_wconf 87' lang='lat' dir='ltr'><strong>composita</strong></span> <span class='ocrx_word' id='word_1_106' title='bbox 2121 1342 2155 1456; x_wconf 91' lang='lat' dir='ltr'><strong>esse</strong></span> 
     </span>
     <span class='ocr_line' id='line_1_19' title="bbox 2192 1342 2283 3019; textangle 90"><span class='ocrx_word' id='word_1_107' title='bbox 2216 2738 2283 3019; x_wconf 83' lang='lat' dir='ltr'><strong>persuadet.</strong></span> <span class='ocrx_word' id='word_1_108' title='bbox 2209 2490 2256 2671; x_wconf 85' lang='lat' dir='ltr'><strong>Filium</strong></span> <span class='ocrx_word' id='word_1_109' title='bbox 2203 2274 2251 2455; x_wconf 72' lang='lat' dir='ltr'><strong>furtivo</strong></span> <span class='ocrx_word' id='word_1_110' title='bbox 2198 1967 2247 2225; x_wconf 87' lang='lat' dir='ltr'><strong>concubitu</strong></span> <span class='ocrx_word' id='word_1_111' title='bbox 2210 1857 2242 1918; x_wconf 88' lang='lat' dir='ltr'><strong>ex</strong></span> <span class='ocrx_word' id='word_1_112' title='bbox 2208 1676 2240 1812; x_wconf 72' lang='lat' dir='ltr'><strong>serva</strong></span> <span class='ocrx_word' id='word_1_113' title='bbox 2192 1342 2251 1629; x_wconf 87' lang='lat' dir='ltr'><strong>susceptum</strong></span> 
     </span>
     <span class='ocr_line' id='line_1_20' title="bbox 2266 1342 2346 3013; textangle 90"><span class='ocrx_word' id='word_1_114' title='bbox 2303 2963 2346 3013; x_wconf 92' lang='lat' dir='ltr'><strong>et</strong></span> <span class='ocrx_word' id='word_1_115' title='bbox 2296 2795 2342 2917; x_wconf 88' lang='lat' dir='ltr'><strong>clam</strong></span> <span class='ocrx_word' id='word_1_116' title='bbox 2290 2487 2337 2745; x_wconf 88' lang='lat' dir='ltr'><strong>educatum</strong></span> <span class='ocrx_word' id='word_1_117' title='bbox 2299 2293 2341 2437; x_wconf 78' lang='lat' dir='ltr'><strong>esse3</strong></span> <span class='ocrx_word' id='word_1_118' title='bbox 2296 2129 2327 2239; x_wconf 90' lang='lat' dir='ltr'><strong>eum</strong></span> <span class='ocrx_word' id='word_1_119' title='bbox 2278 1986 2324 2080; x_wconf 89' lang='lat' dir='ltr'><strong>iam</strong></span> <span class='ocrx_word' id='word_1_120' title='bbox 2275 1716 2321 1935; x_wconf 86' lang='lat' dir='ltr'><strong>adultum</strong></span> <span class='ocrx_word' id='word_1_121' title='bbox 2288 1642 2318 1670; x_wconf 88' lang='lat' dir='ltr'><strong>a</strong></span> <span class='ocrx_word' id='word_1_122' title='bbox 2269 1500 2315 1594; x_wconf 91' lang='lat' dir='ltr'><strong>deo</strong></span> <span class='ocrx_word' id='word_1_123' title='bbox 2266 1342 2328 1450; x_wconf 89' lang='lat' dir='ltr'><strong>ipso</strong></span> 
     </span>
     <span class='ocr_line' id='line_1_21' title="bbox 2348 1339 2432 3016; textangle 90"><span class='ocrx_word' id='word_1_124' title='bbox 2376 2780 2424 3016; x_wconf 84' lang='lat' dir='ltr'><strong>traditum</strong></span> <span class='ocrx_word' id='word_1_125' title='bbox 2369 2611 2432 2745; x_wconf 83' lang='lat' dir='ltr'><strong>fingi,</strong></span> <span class='ocrx_word' id='word_1_126' title='bbox 2368 2374 2426 2575; x_wconf 88' lang='lat' dir='ltr'><strong>eiusque</strong></span> <span class='ocrx_word' id='word_1_127' title='bbox 2361 2267 2408 2339; x_wconf 86' lang='lat' dir='ltr'><strong>rei</strong></span> <span class='ocrx_word' id='word_1_128' title='bbox 2373 2061 2407 2230; x_wconf 83' lang='lat' dir='ltr'><strong>caussa</strong></span> <span class='ocrx_word' id='word_1_129' title='bbox 2356 1902 2403 2028; x_wconf 83' lang='lat' dir='ltr'><strong>falso</strong></span> <span class='ocrx_word' id='word_1_130' title='bbox 2355 1612 2417 1868; x_wconf 84' lang='lat' dir='ltr'><strong>praetextu</strong></span> <span class='ocrx_word' id='word_1_131' title='bbox 2348 1339 2395 1576; x_wconf 86' lang='lat' dir='ltr'><strong>Creusam</strong></span> 
     </span>
     <span class='ocr_line' id='line_1_22' title="bbox 2424 1338 2502 3011; textangle 90"><span class='ocrx_word' id='word_1_132' title='bbox 2456 2949 2502 3011; x_wconf 85' lang='lat' dir='ltr'><strong>ad</strong></span> <span class='ocrx_word' id='word_1_133' title='bbox 2451 2668 2500 2919; x_wconf 88' lang='lat' dir='ltr'><strong>oraculum</strong></span> <span class='ocrx_word' id='word_1_134' title='bbox 2448 2434 2492 2631; x_wconf 83' lang='lat' dir='ltr'><strong>ductam</strong></span> <span class='ocrx_word' id='word_1_135' title='bbox 2458 2271 2497 2397; x_wconf 86' lang='lat' dir='ltr'><strong>esse,</strong></span> <span class='ocrx_word' id='word_1_136' title='bbox 2454 2140 2499 2233; x_wconf 89' lang='lat' dir='ltr'><strong>quo</strong></span> <span class='ocrx_word' id='word_1_137' title='bbox 2434 1807 2483 2110; x_wconf 85' lang='lat' dir='ltr'><strong>commodius</strong></span> <span class='ocrx_word' id='word_1_138' title='bbox 2433 1717 2479 1779; x_wconf 87' lang='lat' dir='ltr'><strong>ad</strong></span> <span class='ocrx_word' id='word_1_139' title='bbox 2444 1517 2476 1687; x_wconf 74' lang='lat' dir='ltr'><strong>servae</strong></span> <span class='ocrx_word' id='word_1_140' title='bbox 2424 1338 2471 1496; x_wconf 90' lang='lat' dir='ltr'><strong>filium</strong></span> 
     </span>
     <span class='ocr_line' id='line_1_23' title="bbox 2508 1338 2595 3010; textangle 90"><span class='ocrx_word' id='word_1_141' title='bbox 2548 2806 2595 3010; x_wconf 87' lang='lat' dir='ltr'><strong>regnum</strong></span> <span class='ocrx_word' id='word_1_142' title='bbox 2526 2420 2579 2770; x_wconf 79' lang='lat' dir='ltr'><strong>transferatur3</strong></span> <span class='ocrx_word' id='word_1_143' title='bbox 2518 2166 2564 2369; x_wconf 86' lang='lat' dir='ltr'><strong>insidias</strong></span> <span class='ocrx_word' id='word_1_144' title='bbox 2514 1981 2572 2129; x_wconf 87' lang='lat' dir='ltr'><strong>strui,</strong></span> <span class='ocrx_word' id='word_1_145' title='bbox 2513 1848 2558 1931; x_wconf 92' lang='lat' dir='ltr'><strong>ubi</strong></span> <span class='ocrx_word' id='word_1_146' title='bbox 2508 1514 2572 1815; x_wconf 79' lang='lat' dir='ltr'><strong>ingenuitate</strong></span> <span class='ocrx_word' id='word_1_147' title='bbox 2508 1338 2550 1480; x_wconf 77' lang='lat' dir='ltr'><strong>uten—</strong></span> 
     </span>
     <span class='ocr_line' id='line_1_24' title="bbox 2583 1336 2663 3008; textangle 90"><span class='ocrx_word' id='word_1_148' title='bbox 2614 2891 2661 3008; x_wconf 88' lang='lat' dir='ltr'><strong>dum</strong></span> <span class='ocrx_word' id='word_1_149' title='bbox 2608 2686 2656 2854; x_wconf 87' lang='lat' dir='ltr'><strong>fuerit.</strong></span> <span class='ocrx_word' id='word_1_150' title='bbox 2602 2474 2663 2603; x_wconf 77' lang='lat' dir='ltr'><strong>Quin</strong></span> <span class='ocrx_word' id='word_1_151' title='bbox 2600 2283 2646 2429; x_wconf 82' lang='lat' dir='ltr'><strong>etiam</strong></span> <span class='ocrx_word' id='word_1_152' title='bbox 2594 2025 2641 2231; x_wconf 83' lang='lat' dir='ltr'><strong>salutem</strong></span> <span class='ocrx_word' id='word_1_153' title='bbox 2591 1759 2638 1974; x_wconf 85' lang='lat' dir='ltr'><strong>Creusae</strong></span> <span class='ocrx_word' id='word_1_154' title='bbox 2588 1650 2635 1698; x_wconf 89' lang='lat' dir='ltr'><strong>in</strong></span> <span class='ocrx_word' id='word_1_155' title='bbox 2583 1336 2632 1602; x_wconf 87' lang='lat' dir='ltr'><strong>discrimen</strong></span> 
     </span>
     <span class='ocr_line' id='line_1_25' title="bbox 2663 1335 2740 3007; textangle 90"><span class='ocrx_word' id='word_1_156' title='bbox 2690 2803 2740 3007; x_wconf 82' lang='lat' dir='ltr'><strong>adduci:</strong></span> <span class='ocrx_word' id='word_1_157' title='bbox 2685 2560 2733 2752; x_wconf 89' lang='lat' dir='ltr'><strong>duobus</strong></span> <span class='ocrx_word' id='word_1_158' title='bbox 2681 2395 2728 2523; x_wconf 88' lang='lat' dir='ltr'><strong>enim</strong></span> <span class='ocrx_word' id='word_1_159' title='bbox 2675 2120 2723 2346; x_wconf 84' lang='lat' dir='ltr'><strong>hostibus</strong></span> <span class='ocrx_word' id='word_1_160' title='bbox 2672 1983 2718 2070; x_wconf 91' lang='lat' dir='ltr'><strong>sub</strong></span> <span class='ocrx_word' id='word_1_161' title='bbox 2686 1850 2717 1948; x_wconf 89' lang='lat' dir='ltr'><strong>uno</strong></span> <span class='ocrx_word' id='word_1_162' title='bbox 2672 1681 2715 1815; x_wconf 90' lang='lat' dir='ltr'><strong>tecto</strong></span> <span class='ocrx_word' id='word_1_163' title='bbox 2663 1335 2726 1645; x_wconf 80' lang='lat' dir='ltr'><strong>degentibus,</strong></span> 
     </span>
     <span class='ocr_line' id='line_1_26' title="bbox 2744 1332 2826 3007; textangle 90"><span class='ocrx_word' id='word_1_164' title='bbox 2771 2715 2818 3007; x_wconf 85' lang='lat' dir='ltr'><strong>alterutrum</strong></span> <span class='ocrx_word' id='word_1_165' title='bbox 2763 2515 2826 2678; x_wconf 87' lang='lat' dir='ltr'><strong>perire</strong></span> <span class='ocrx_word' id='word_1_166' title='bbox 2772 2275 2805 2481; x_wconf 88' lang='lat' dir='ltr'><strong>necesse</strong></span> <span class='ocrx_word' id='word_1_167' title='bbox 2770 2114 2801 2238; x_wconf 90' lang='lat' dir='ltr'><strong>esse.</strong></span> <span class='ocrx_word' id='word_1_168' title='bbox 2751 1911 2813 2045; x_wconf 86' lang='lat' dir='ltr'><strong>Ergo</strong></span> <span class='ocrx_word' id='word_1_169' title='bbox 2744 1482 2811 1866; x_wconf 87' lang='lat' dir='ltr'><strong>praevertendos</strong></span> <span class='ocrx_word' id='word_1_170' title='bbox 2755 1332 2788 1445; x_wconf 90' lang='lat' dir='ltr'><strong>esse</strong></span> 
     </span>
     <span class='ocr_line' id='line_1_27' title="bbox 2820 1332 2907 3006; textangle 90"><span class='ocrx_word' id='word_1_171' title='bbox 2852 2816 2906 3006; x_wconf 88' lang='lat' dir='ltr'><strong>hostes,</strong></span> <span class='ocrx_word' id='word_1_172' title='bbox 2859 2618 2907 2780; x_wconf 91' lang='lat' dir='ltr'><strong>neque</strong></span> <span class='ocrx_word' id='word_1_173' title='bbox 2856 2513 2897 2583; x_wconf 88' lang='lat' dir='ltr'><strong>se,</strong></span> <span class='ocrx_word' id='word_1_174' title='bbox 2839 2360 2885 2476; x_wconf 92' lang='lat' dir='ltr'><strong>dum</strong></span> <span class='ocrx_word' id='word_1_175' title='bbox 2838 2130 2897 2323; x_wconf 88' lang='lat' dir='ltr'><strong>gratum</strong></span> <span class='ocrx_word' id='word_1_176' title='bbox 2846 2039 2877 2092; x_wconf 93' lang='lat' dir='ltr'><strong>se</strong></span> <span class='ocrx_word' id='word_1_177' title='bbox 2833 1784 2893 2005; x_wconf 85' lang='lat' dir='ltr'><strong>praestet</strong></span> <span class='ocrx_word' id='word_1_178' title='bbox 2823 1521 2878 1749; x_wconf 79' lang='lat' dir='ltr'><strong>dominiS,</strong></span> <span class='ocrx_word' id='word_1_179' title='bbox 2820 1332 2868 1485; x_wconf 89' lang='lat' dir='ltr'><strong>ullum</strong></span> 
     </span>
     <span class='ocr_line' id='line_1_28' title="bbox 2901 1332 2994 3009; textangle 90"><span class='ocrx_word' id='word_1_180' title='bbox 2926 2732 2994 3009; x_wconf 88' lang='lat' dir='ltr'><strong>periculum</strong></span> <span class='ocrx_word' id='word_1_181' title='bbox 2923 2341 2970 2699; x_wconf 86' lang='lat' dir='ltr'><strong>recusaturum.</strong></span> <span class='ocrx_word' id='word_1_182' title='bbox 2913 2150 2959 2274; x_wconf 90' lang='lat' dir='ltr'><strong>Item</strong></span> <span class='ocrx_word' id='word_1_183' title='bbox 2910 1898 2957 2114; x_wconf 86' lang='lat' dir='ltr'><strong>famulae</strong></span> <span class='ocrx_word' id='word_1_184' title='bbox 2922 1798 2953 1853; x_wconf 90' lang='lat' dir='ltr'><strong>se</strong></span> <span class='ocrx_word' id='word_1_185' title='bbox 2904 1691 2950 1751; x_wconf 91' lang='lat' dir='ltr'><strong>ad</strong></span> <span class='ocrx_word' id='word_1_186' title='bbox 2901 1458 2965 1647; x_wconf 88' lang='lat' dir='ltr'><strong>quidvis</strong></span> <span class='ocrx_word' id='word_1_187' title='bbox 2912 1332 2962 1423; x_wconf 88' lang='lat' dir='ltr'><strong>pro</strong></span> 
     </span>
     <span class='ocr_line' id='line_1_29' title="bbox 2982 1329 3067 3005; textangle 90"><span class='ocrx_word' id='word_1_188' title='bbox 3007 2807 3055 3005; x_wconf 84' lang='lat' dir='ltr'><strong>domina</strong></span> <span class='ocrx_word' id='word_1_189' title='bbox 3000 2476 3067 2759; x_wconf 85' lang='lat' dir='ltr'><strong>patiendum</strong></span> <span class='ocrx_word' id='word_1_190' title='bbox 2998 2224 3057 2419; x_wconf 83' lang='lat' dir='ltr'><strong>paratas</strong></span> <span class='ocrx_word' id='word_1_191' title='bbox 3006 2058 3039 2169; x_wconf 89' lang='grc'><strong>6556</strong></span> <span class='ocrx_word' id='word_1_192' title='bbox 2986 1715 3035 1997; x_wconf 85' lang='lat' dir='ltr'><strong>ostendunt.</strong></span> <span class='ocrx_word' id='word_1_193' title='bbox 2982 1504 3030 1637; x_wconf 89' lang='lat' dir='ltr'><strong>Tum</strong></span> <span class='ocrx_word' id='word_1_194' title='bbox 2992 1329 3026 1446; x_wconf 84' lang='lat' dir='ltr'><strong>vero</strong></span> 
     </span>
     <span class='ocr_line' id='line_1_30' title="bbox 3060 1328 3142 2999; textangle 90"><span class='ocrx_word' id='word_1_195' title='bbox 3086 2783 3138 2999; x_wconf 85' lang='lat' dir='ltr'><strong>Creusa,</strong></span> <span class='ocrx_word' id='word_1_196' title='bbox 3096 2590 3142 2734; x_wconf 87' lang='lat' dir='ltr'><strong>quum</strong></span> <span class='ocrx_word' id='word_1_197' title='bbox 3076 2470 3123 2553; x_wconf 89' lang='lat' dir='ltr'><strong>diu</strong></span> <span class='ocrx_word' id='word_1_198' title='bbox 3089 2264 3120 2435; x_wconf 71' lang='lat' dir='ltr'><strong>vocem</strong></span> <span class='ocrx_word' id='word_1_199' title='bbox 3071 2088 3116 2227; x_wconf 90' lang='lat' dir='ltr'><strong>dolor</strong></span> <span class='ocrx_word' id='word_1_200' title='bbox 3066 1671 3132 2055; x_wconf 73' lang='lat' dir='ltr'><strong>praeclusisset,</strong></span> <span class='ocrx_word' id='word_1_201' title='bbox 3061 1574 3107 1623; x_wconf 88' lang='lat' dir='ltr'><strong>in</strong></span> <span class='ocrx_word' id='word_1_202' title='bbox 3060 1328 3106 1537; x_wconf 87' lang='lat' dir='ltr'><strong>lamenta</strong></span> 
     </span>
     <span class='ocr_line' id='line_1_31' title="bbox 3140 1325 3225 3000; textangle 90"><span class='ocrx_word' id='word_1_203' title='bbox 3163 2771 3225 3000; x_wconf 86' lang='lat' dir='ltr'><strong>erumpit,</strong></span> <span class='ocrx_word' id='word_1_204' title='bbox 3160 2513 3218 2737; x_wconf 89' lang='lat' dir='ltr'><strong>victoque</strong></span> <span class='ocrx_word' id='word_1_205' title='bbox 3152 2290 3217 2477; x_wconf 86' lang='lat' dir='ltr'><strong>pudore</strong></span> <span class='ocrx_word' id='word_1_206' title='bbox 3148 2034 3196 2256; x_wconf 85' lang='lat' dir='ltr'><strong>iniuriam</strong></span> <span class='ocrx_word' id='word_1_207' title='bbox 3147 1856 3208 1998; x_wconf 85' lang='lat' dir='ltr'><strong>longe</strong></span> <span class='ocrx_word' id='word_1_208' title='bbox 3140 1458 3206 1820; x_wconf 78' lang='lat' dir='ltr'><strong>gravissimam,</strong></span> <span class='ocrx_word' id='word_1_209' title='bbox 3151 1325 3198 1420; x_wconf 86' lang='lat' dir='ltr'><strong>qua.</strong></span> 
     </span>
     <span class='ocr_line' id='line_1_32' title="bbox 3218 1326 3303 2999; textangle 90"><span class='ocrx_word' id='word_1_210' title='bbox 3263 2971 3292 2999; x_wconf 83' lang='lat' dir='ltr'><strong>a</strong></span> <span class='ocrx_word' id='word_1_211' title='bbox 3243 2842 3289 2935; x_wconf 90' lang='lat' dir='ltr'><strong>deo</strong></span> <span class='ocrx_word' id='word_1_212' title='bbox 3242 2696 3303 2805; x_wconf 88' lang='lat' dir='ltr'><strong>ipso</strong></span> <span class='ocrx_word' id='word_1_213' title='bbox 3236 2485 3283 2659; x_wconf 83' lang='lat' dir='ltr'><strong>affecta</strong></span> <span class='ocrx_word' id='word_1_214' title='bbox 3238 2340 3289 2447; x_wconf 78' lang='lat' dir='ltr'><strong>est,</strong></span> <span class='ocrx_word' id='word_1_215' title='bbox 3230 2170 3276 2292; x_wconf 90' lang='lat' dir='ltr'><strong>flens</strong></span> <span class='ocrx_word' id='word_1_216' title='bbox 3232 2071 3274 2120; x_wconf 90' lang='lat' dir='ltr'><strong>et</strong></span> <span class='ocrx_word' id='word_1_217' title='bbox 3226 1822 3272 2025; x_wconf 86' lang='lat' dir='ltr'><strong>deorum</strong></span> <span class='ocrx_word' id='word_1_218' title='bbox 3220 1622 3267 1773; x_wconf 87' lang='lat' dir='ltr'><strong>fidem</strong></span> <span class='ocrx_word' id='word_1_219' title='bbox 3218 1326 3281 1590; x_wconf 82' lang='lat' dir='ltr'><strong>implorans</strong></span> 
     </span>
     <span class='ocr_line' id='line_1_33' title="bbox 3292 1325 3388 2999; textangle 90"><span class='ocrx_word' id='word_1_220' title='bbox 3322 2809 3388 2999; x_wconf 84' lang='lat' dir='ltr'><strong>aperit,</strong></span> <span class='ocrx_word' id='word_1_221' title='bbox 3316 2573 3366 2759; x_wconf 85' lang='lat' dir='ltr'><strong>cantico</strong></span> <span class='ocrx_word' id='word_1_222' title='bbox 3319 2364 3369 2537; x_wconf 83' lang='lat' dir='ltr'><strong>utens,</strong></span> <span class='ocrx_word' id='word_1_223' title='bbox 3309 2269 3355 2319; x_wconf 93' lang='lat' dir='ltr'><strong>id</strong></span> <span class='ocrx_word' id='word_1_224' title='bbox 3307 2093 3369 2220; x_wconf 91' lang='lat' dir='ltr'><strong>quod</strong></span> <span class='ocrx_word' id='word_1_225' title='bbox 3305 1898 3353 2045; x_wconf 88' lang='lat' dir='ltr'><strong>animi</strong></span> <span class='ocrx_word' id='word_1_226' title='bbox 3303 1758 3350 1864; x_wconf 89' lang='lat' dir='ltr'><strong>eius</strong></span> <span class='ocrx_word' id='word_1_227' title='bbox 3297 1559 3347 1722; x_wconf 84' lang='lat' dir='ltr'><strong>ardori</strong></span> <span class='ocrx_word' id='word_1_228' title='bbox 3292 1325 3359 1523; x_wconf 87' lang='lat' dir='ltr'><strong>egregie</strong></span> 
     </span>
     <span class='ocr_line' id='line_1_34' title="bbox 3372 1324 3452 2996; textangle 90"><span class='ocrx_word' id='word_1_229' title='bbox 3399 2754 3452 2996; x_wconf 85' lang='lat' dir='ltr'><strong>convenit.</strong></span> <span class='ocrx_word' id='word_1_230' title='bbox 3396 2545 3443 2684; x_wconf 85' lang='lat' dir='ltr'><strong>Haec</strong></span> <span class='ocrx_word' id='word_1_231' title='bbox 3392 2310 3437 2509; x_wconf 86' lang='lat' dir='ltr'><strong>audiens</strong></span> <span class='ocrx_word' id='word_1_232' title='bbox 3402 2125 3434 2275; x_wconf 83' lang='lat' dir='ltr'><strong>senex</strong></span> <span class='ocrx_word' id='word_1_233' title='bbox 3402 1971 3449 2091; x_wconf 86' lang='lat' dir='ltr'><strong>prae</strong></span> <span class='ocrx_word' id='word_1_234' title='bbox 3380 1601 3430 1922; x_wconf 83' lang='lat' dir='ltr'><strong>admiratione</strong></span> <span class='ocrx_word' id='word_1_235' title='bbox 3377 1509 3422 1558; x_wconf 88' lang='lat' dir='ltr'><strong>in</strong></span> <span class='ocrx_word' id='word_1_236' title='bbox 3372 1324 3421 1462; x_wconf 78' lang='lat' dir='ltr'><strong>vultu</strong></span> 
     </span>
     <span class='ocr_line' id='line_1_35' title="bbox 3451 1324 3531 2996; textangle 90"><span class='ocrx_word' id='word_1_237' title='bbox 3480 2775 3531 2996; x_wconf 84' lang='lat' dir='ltr'><strong>mulieris</strong></span> <span class='ocrx_word' id='word_1_238' title='bbox 3475 2570 3524 2738; x_wconf 87' lang='lat' dir='ltr'><strong>oculos</strong></span> <span class='ocrx_word' id='word_1_239' title='bbox 3470 2339 3531 2533; x_wconf 75' lang='lat' dir='ltr'><strong>defigit3</strong></span> <span class='ocrx_word' id='word_1_240' title='bbox 3473 2198 3514 2302; x_wconf 86' lang='lat' dir='ltr'><strong>tum</strong></span> <span class='ocrx_word' id='word_1_241' title='bbox 3480 2056 3513 2163; x_wconf 90' lang='lat' dir='ltr'><strong>rem</strong></span> <span class='ocrx_word' id='word_1_242' title='bbox 3479 1828 3510 2020; x_wconf 89' lang='lat' dir='ltr'><strong>omnem</strong></span> <span class='ocrx_word' id='word_1_243' title='bbox 3458 1523 3507 1797; x_wconf 83' lang='lat' dir='ltr'><strong>accuratius</strong></span> <span class='ocrx_word' id='word_1_244' title='bbox 3451 1324 3515 1495; x_wconf 82' lang='lat' dir='ltr'><strong>exqui-</strong></span> 
     </span>
     <span class='ocr_line' id='line_1_36' title="bbox 3544 1321 3621 2994; textangle 90"><span class='ocrx_word' id='word_1_245' title='bbox 3562 2914 3617 2994; x_wconf 83' lang='lat' dir='ltr'><strong>rit,</strong></span> <span class='ocrx_word' id='word_1_246' title='bbox 3574 2780 3621 2876; x_wconf 87' lang='lat' dir='ltr'><strong>quo</strong></span> <span class='ocrx_word' id='word_1_247' title='bbox 3557 2637 3603 2745; x_wconf 89' lang='lat' dir='ltr'><strong>loco</strong></span> <span class='ocrx_word' id='word_1_248' title='bbox 3549 2404 3613 2601; x_wconf 90' lang='lat' dir='ltr'><strong>singulis</strong></span> <span class='ocrx_word' id='word_1_249' title='bbox 3546 2149 3594 2369; x_wconf 56' lang='lat' dir='ltr'><strong>versibus</strong></span> <span class='ocrx_word' id='word_1_250' title='bbox 3544 1820 3602 2113; x_wconf 87' lang='lat' dir='ltr'><strong>interrogata</strong></span> <span class='ocrx_word' id='word_1_251' title='bbox 3550 1442 3599 1776; x_wconf 85' lang='lat' dir='ltr'><strong>responsaque</strong></span> <span class='ocrx_word' id='word_1_252' title='bbox 3545 1321 3579 1406; x_wconf 85' lang='lat' dir='ltr'><strong>ex-</strong></span> 
     </span>
     <span class='ocr_line' id='line_1_37' title="bbox 3612 1317 3705 2992; textangle 90"><span class='ocrx_word' id='word_1_253' title='bbox 3641 2720 3705 2992; x_wconf 76' lang='lat' dir='ltr'><strong>plicantur,</strong></span> <span class='ocrx_word' id='word_1_254' title='bbox 3648 2549 3695 2671; x_wconf 88' lang='lat' dir='ltr'><strong>quae</strong></span> <span class='ocrx_word' id='word_1_255' title='bbox 3626 2282 3689 2512; x_wconf 90' lang='lat' dir='ltr'><strong>colloquii</strong></span> <span class='ocrx_word' id='word_1_256' title='bbox 3625 2090 3671 2249; x_wconf 84' lang='lat' dir='ltr'><strong>forma</strong></span> <span class='ocrx_word' id='word_1_257' title='bbox 3620 1725 3683 2043; x_wconf 89' lang='lat' dir='ltr'><strong>cupiditatem</strong></span> <span class='ocrx_word' id='word_1_258' title='bbox 3615 1405 3663 1677; x_wconf 84' lang='lat' dir='ltr'><strong>animorum</strong></span> <span class='ocrx_word' id='word_1_259' title='bbox 3612 1317 3656 1368; x_wconf 84' lang='lat' dir='ltr'><strong>et</strong></span> 
     </span>
     <span class='ocr_line' id='line_1_38' title="bbox 3687 1322 3771 2995; textangle 90"><span class='ocrx_word' id='word_1_260' title='bbox 3715 2572 3767 2995; x_wconf 83' lang='lat' dir='ltr'><strong>vehementiorem</strong></span> <span class='ocrx_word' id='word_1_261' title='bbox 3710 2286 3771 2524; x_wconf 88' lang='lat' dir='ltr'><strong>impetum</strong></span> <span class='ocrx_word' id='word_1_262' title='bbox 3703 2021 3750 2237; x_wconf 90' lang='lat' dir='ltr'><strong>declarat</strong></span> <span class='ocrx_word' id='word_1_263' title='bbox 3699 1895 3761 1974; x_wconf 76' lang='lat'><strong>³¹²),</strong></span> <span class='ocrx_word' id='word_1_264' title='bbox 3698 1574 3758 1848; x_wconf 89' lang='lat' dir='ltr'><strong>eodemque</strong></span> <span class='ocrx_word' id='word_1_265' title='bbox 3687 1322 3739 1526; x_wconf 82' lang='lat' dir='ltr'><strong>diverbii</strong></span> 
     </span>
    </p>
   </div>
   <div class='ocr_carea' id='block_1_6' title="bbox 3808 2829 3817 2989">
    <p class='ocr_par' dir='ltr' id='par_1_7' title="bbox 3808 2829 3817 2989">
     <span class='ocr_line' id='line_1_39' title="bbox 3808 2829 3817 2989; textangle 90"><span class='ocrx_word' id='word_1_266' title='bbox 3808 2829 3817 2989; x_wconf 95' lang='lat' dir='ltr'><strong> </strong></span> 
     </span>
    </p>
   </div>
   <div class='ocr_carea' id='block_1_7' title="bbox 3817 1311 4240 2934">
    <p class='ocr_par' dir='ltr' id='par_1_8' title="bbox 3817 1311 4240 2934">
     <span class='ocr_line' id='line_1_40' title="bbox 3817 1316 3895 2934; textangle 90"><span class='ocrx_word' id='word_1_267' title='bbox 3843 2889 3895 2934; x_wconf 54' lang='grc' dir='ltr'><strong>ἧς)</strong></span> <span class='ocrx_word' id='word_1_268' title='bbox 3838 2683 3894 2859; x_wconf 81' lang='lat' dir='ltr'><strong>Insigne</strong></span> <span class='ocrx_word' id='word_1_269' title='bbox 3835 2547 3876 2653; x_wconf 90' lang='lat' dir='ltr'><strong>huic</strong></span> <span class='ocrx_word' id='word_1_270' title='bbox 3828 2171 3885 2515; x_wconf 72' lang='lat' dir='ltr'><strong>stichomythiac</strong></span> <span class='ocrx_word' id='word_1_271' title='bbox 3828 2030 3870 2142; x_wconf 82' lang='lat' dir='ltr'><strong>inest</strong></span> <span class='ocrx_word' id='word_1_272' title='bbox 3824 1740 3877 2006; x_wconf 80' lang='lat' dir='ltr'><strong>exemplum,</strong></span> <span class='ocrx_word' id='word_1_273' title='bbox 3836 1653 3862 1705; x_wconf 82' lang='lat' dir='ltr'><strong>ex</strong></span> <span class='ocrx_word' id='word_1_274' title='bbox 3834 1536 3875 1622; x_wconf 92' lang='lat' dir='ltr'><strong>quo</strong></span> <span class='ocrx_word' id='word_1_275' title='bbox 3817 1316 3871 1506; x_wconf 72' lang='lat' dir='ltr'><strong>colliga-</strong></span> 
     </span>
     <span class='ocr_line' id='line_1_41' title="bbox 3890 1317 3960 2847; textangle 90"><span class='ocrx_word' id='word_1_276' title='bbox 3913 2766 3959 2847; x_wconf 88' lang='lat' dir='ltr'><strong>tur,</strong></span> <span class='ocrx_word' id='word_1_277' title='bbox 3910 2566 3960 2730; x_wconf 79' lang='lat' dir='ltr'><strong>quanta</strong></span> <span class='ocrx_word' id='word_1_278' title='bbox 3902 2320 3957 2539; x_wconf 81' lang='lat' dir='ltr'><strong>religione</strong></span> <span class='ocrx_word' id='word_1_279' title='bbox 3900 2167 3941 2289; x_wconf 83' lang='lat' dir='ltr'><strong>illam</strong></span> <span class='ocrx_word' id='word_1_280' title='bbox 3896 1829 3939 2130; x_wconf 76' lang='lat' dir='ltr'><strong>diverbiorum</strong></span> <span class='ocrx_word' id='word_1_281' title='bbox 3893 1614 3934 1806; x_wconf 84' lang='lat' dir='ltr'><strong>formam</strong></span> <span class='ocrx_word' id='word_1_282' title='bbox 3890 1451 3931 1590; x_wconf 87' lang='lat' dir='ltr'><strong>semel</strong></span> <span class='ocrx_word' id='word_1_283' title='bbox 3900 1317 3927 1417; x_wconf 27' lang='lat' dir='ltr'><strong>coefi</strong></span> 
     </span>
     <span class='ocr_line' id='line_1_42' title="bbox 3956 1314 4033 2850; textangle 90"><span class='ocrx_word' id='word_1_284' title='bbox 3983 2728 4033 2850; x_wconf 81' lang='lat' dir='ltr'><strong>ptam</strong></span> <span class='ocrx_word' id='word_1_285' title='bbox 3989 2519 4017 2698; x_wconf 83' lang='lat' dir='ltr'><strong>servare</strong></span> <span class='ocrx_word' id='word_1_286' title='bbox 3977 2331 4028 2487; x_wconf 84' lang='lat' dir='ltr'><strong>poetae</strong></span> <span class='ocrx_word' id='word_1_287' title='bbox 3969 2182 4010 2300; x_wconf 79' lang='lat' dir='ltr'><strong>soliti</strong></span> <span class='ocrx_word' id='word_1_288' title='bbox 3968 2058 4009 2153; x_wconf 89' lang='lat' dir='ltr'><strong>sint.</strong></span> <span class='ocrx_word' id='word_1_289' title='bbox 3965 1882 4006 1997; x_wconf 79' lang='lat' dir='ltr'><strong>Nam</strong></span> <span class='ocrx_word' id='word_1_290' title='bbox 3964 1646 4005 1839; x_wconf 87' lang='lat' dir='ltr'><strong>Creusae</strong></span> <span class='ocrx_word' id='word_1_291' title='bbox 3959 1479 4001 1607; x_wconf 82' lang='lat' dir='ltr'><strong>dictis</strong></span> <span class='ocrx_word' id='word_1_292' title='bbox 3956 1314 3996 1439; x_wconf 76' lang='lat' dir='ltr'><strong>hisce</strong></span> 
     </span>
     <span class='ocr_line' id='line_1_43' title="bbox 4028 1315 4101 2847; textangle 90"><span class='ocrx_word' id='word_1_293' title='bbox 4047 2678 4089 2847; x_wconf 80' lang='lat' dir='ltr'><strong>verbis:</strong></span> <span class='ocrx_word' id='word_1_294' title='bbox 4060 2573 4101 2637; x_wconf 72' lang='lat' dir='ltr'><strong>„o</strong></span> <span class='ocrx_word' id='word_1_295' title='bbox 4044 2496 4085 2542; x_wconf 85' lang='lat' dir='ltr'><strong>si</strong></span> <span class='ocrx_word' id='word_1_296' title='bbox 4043 2214 4085 2467; x_wconf 78' lang='lat' dir='ltr'><strong>vidisses</strong></span> <span class='ocrx_word' id='word_1_297' title='bbox 4038 1896 4078 2173; x_wconf 83' lang='lat' dir='ltr'><strong>infantem</strong></span> <span class='ocrx_word' id='word_1_298' title='bbox 4045 1676 4075 1869; x_wconf 83' lang='lat' dir='ltr'><strong>manus</strong></span> <span class='ocrx_word' id='word_1_299' title='bbox 4031 1582 4072 1646; x_wconf 80' lang='lat' dir='ltr'><strong>ad</strong></span> <span class='ocrx_word' id='word_1_300' title='bbox 4042 1458 4069 1541; x_wconf 84' lang='lat' dir='ltr'><strong>me</strong></span> <span class='ocrx_word' id='word_1_301' title='bbox 4028 1315 4066 1426; x_wconf 83' lang='lat' dir='ltr'><strong>ten—</strong></span> 
     </span>
     <span class='ocr_line' id='line_1_44' title="bbox 4094 1314 4167 2845; textangle 90"><span class='ocrx_word' id='word_1_302' title='bbox 4116 2574 4167 2845; x_wconf 74' lang='lat' dir='ltr'><strong>dentem,&#39;&#39;</strong></span> <span class='ocrx_word' id='word_1_303' title='bbox 4114 2396 4156 2544; x_wconf 83' lang='lat' dir='ltr'><strong>statim</strong></span> <span class='ocrx_word' id='word_1_304' title='bbox 4110 2104 4167 2379; x_wconf 75' lang='lat' dir='ltr'><strong>pergendum</strong></span> <span class='ocrx_word' id='word_1_305' title='bbox 4106 2004 4149 2089; x_wconf 78' lang='lat' dir='ltr'><strong>fuit</strong></span> <span class='ocrx_word' id='word_1_306' title='bbox 4120 1905 4155 1975; x_wconf 88' lang='grc'><strong>60,</strong></span> <span class='ocrx_word' id='word_1_307' title='bbox 4118 1790 4158 1873; x_wconf 88' lang='lat' dir='ltr'><strong>quo</strong></span> <span class='ocrx_word' id='word_1_308' title='bbox 4102 1537 4145 1772; x_wconf 82' lang='lat' dir='ltr'><strong>tendebat:</strong></span> <span class='ocrx_word' id='word_1_309' title='bbox 4094 1314 4152 1504; x_wconf 76' lang='lat' dir='ltr'><strong>„quasi</strong></span> 
     </span>
     <span class='ocr_line' id='line_1_45' title="bbox 4167 1311 4240 2844; textangle 90"><span class='ocrx_word' id='word_1_310' title='bbox 4185 2417 4240 2844; x_wconf 81' lang='lat' dir='ltr'><strong>significantem</strong></span> <span class='ocrx_word' id='word_1_311' title='bbox 4196 2312 4223 2369; x_wconf 78' lang='lat' dir='ltr'><strong>se</strong></span> <span class='ocrx_word' id='word_1_312' title='bbox 4179 2078 4223 2273; x_wconf 85' lang='lat' dir='ltr'><strong>redire</strong></span> <span class='ocrx_word' id='word_1_313' title='bbox 4188 1812 4230 2026; x_wconf 77' lang='lat' dir='ltr'><strong>cupere</strong></span> <span class='ocrx_word' id='word_1_314' title='bbox 4184 1671 4225 1759; x_wconf 80' lang='grc'><strong>60,</strong></span> <span class='ocrx_word' id='word_1_315' title='bbox 4167 1527 4211 1621; x_wconf 86' lang='lat' dir='ltr'><strong>ubi</strong></span> <span class='ocrx_word' id='word_1_316' title='bbox 4167 1311 4207 1480; x_wconf 79' lang='lat' dir='ltr'><strong>antea</strong></span> 
     </span>
    </p>
   </div>
  </div>
 </body>
</html>
