5010 3336
964 2168 1039 2289 '13

1136 2677 1199 3023 δραμάτων
1132 2424 1183 2643 ποιεῖν
1127 2136 1177 2391 εἴωθεν.
1125 2004 1172 2097 Illc
1125 1787 1186 1979 quidem
1126 1630 1171 1759 certe
1126 1390 1184 1606 aperte

1217 2791 1266 3023 nullam
1210 2404 1275 2743 Euripidis
1204 1878 1268 2356 tragoediarum
1203 1660 1249 1830 iusto
1216 1390 1263 1614 prooe-

1296 2906 1342 3025 mio
1294 2560 1341 2858 caruisse
1288 2293 1334 2514 affirmat.
1284 1994 1331 2222 Caussam
1281 1820 1328 1959 huius
1280 1639 1326 1785 moris
1280 1387 1343 1605 proponit

1373 2761 1420 3021 scholiasta
1371 2676 1417 2734 ad
1369 2463 1416 2651 initium
1365 2167 1411 2436 Troadum:
1359 1984 1417 2130 ὅλος
1356 1848 1407 1949 ἐπὶ
1361 1701 1405 1817 τοῦ
1357 1387 1420 1668 θεάτρου

1442 2254 1459 2278 (N

1451 2992 1501 3021 ὁ
1446 2541 1513 2947 Εὐριπίδης·
1443 2330 1506 2493 πρὸς
1462 2254 1491 2280 0
1440 1936 1505 2208 ἀφορῶν
1429 1736 1495 1890 τοὺς
1436 1451 1499 1701 λόγους
1435 1387 1485 1414 ὁ

1528 2666 1579 3019 Ποσειδῶν
1526 2444 1574 2633 ποιεῖ
1520 2233 1585 2415 παρὼν
1516 2144 1569 2199 ἐν
1524 2048 1584 2111 τῇ
1514 1754 1566 2015 ὑποθέσει.
1517 1582 1563 1687 Νο11
1516 1386 1578 1549 legen-

1612 2870 1669 3023 tibus,
1609 2735 1656 2821 sed
1605 2358 1669 2690 spectantibus
1601 2053 1664 2309 scripsisse
1600 1945 1646 2009 ait
1596 1594 1661 1901 Euripidem:
1595 1384 1657 1545 itaque

1689 2872 1737 3021 semel
1692 2779 1734 2827 et
1684 2475 1748 2733 perspicue
1687 2379 1729 2428 et
1682 2161 1745 2332 plene,
1693 2023 1725 2117 11011
1678 1821 1726 1975 obiter
1681 1724 1723 1775 et
1676 1476 1723 1680 obscure
1679 1382 1719 1430 ct

1767 2892 1815 3021 aliud
1764 2672 1829 2858 agendo
1764 2572 1809 2633 de
1776 2376 1810 2538 rerum
1775 2214 1806 2341 nexu
1757 2005 1804 2180 docere
1755 1754 1803 1978 voluisse.
1753 1548 1813 1701 Quam
1768 1384 1798 1521 caus*

1862 2920 1894 3021 sam
1860 2740 1906 2883 quum
1842 2656 1888 2705 in
1841 2402 1889 2621 omnibus
1838 2193 1886 2366 fabulis
1834 1811 1898 2156 componendis
1832 1572 1879 1774 eandem
1830 1380 1877 1533 fuisse

1928 2767 1989 3021 appareat,
1920 2481 1985 2727 prooemia
1932 2244 1965 2446 necesse
1920 2135 1963 2211 est
1914 1884 1961 2099 omnibus
1910 1580 1978 1848 praemissg
1909 1382 1956 1550 fuisse,

2004 2849 2066 3021 Neque
2017 2745 2048 2803 ex
2001 2493 2062 2700 quinque
2002 2397 2045 2446 et
1994 2049 2057 2351 septuaginta
1991 1800 2051 2005 sabulis,
2004 1544 2051 1744 quarum
2003 1380 2051 1489 pars

2086 2830 2130 3019 servata
2084 2681 2138 2782 est,
2083 2418 2135 2635 ceterae,
2074 2242 2137 2366 quali
2076 1954 2120 2195 structura
2069 1701 2127 1910 fuerint,
2066 1482 2130 1655 partim
2082 1378 2112 1438 ex

2159 2669 2208 3020 narrationibus
2154 2175 2219 2654 mythographorum,
2149 1968 2215 2146 partim
2164 1877 2195 1937 ex
2147 1580 2210 1861 fragmentis
2159 1377 2209 1553 cognoa

2240 2947 2287 3019 sci
2238 2726 2301 2904 possit,
2236 2531 2283 2676 ullam
2234 2306 2290 2489 inveni,
2246 2116 2292 2255 quam
2228 1825 2291 2073 prooemio
2226 1566 2272 1778 caruisse
2224 1376 2270 1521 certis

2334 2954 2366 3016 ex
2317 2735 2364 2922 indiciis
2312 2380 2362 2701 demonstrari
2310 2188 2372 2356 possit.
2308 2030 2354 2127 Aut
2306 1859 2367 2004 igitur
2303 1554 2366 1839 Euripidem
2301 1374 2348 1525 Rhesi

2400 2769 2444 3016 auctorem
2409 2624 2441 2734 esse
2389 2295 2451 2590 negandum,
2392 2172 2434 2253 aut
2384 1886 2449 2135 prooemIO
2384 1727 2430 1852 hanc
2381 1483 2429 1693 fabulam
2380 1376 2428 1449 in-

2478 2783 2522 3015 structam
2471 2594 2517 2747 fuisse
2467 2198 2515 2560 concedendum
2465 2058 2513 2163 erit.

2550 2788 2599 2886 Sed
2561 2496 2612 2730 ponamus
2561 2344 2592 2450 eam
2546 2196 2590 2298 sine
2541 1899 2605 2150 prooemio
2541 1754 2587 1852 sive
2539 1653 2585 1711 ab
2538 1371 2601 1606 Euripide

2633 2910 2679 3013 sive
2630 2818 2676 2875 ab
2628 2691 2675 2782 alio
2630 2513 2689 2654 poeta
2624 2249 2686 2479 scriptam
2637 2076 2669 2213 esse:
2624 1818 2683 2041 potestne
2618 1643 2665 1787 etiam
2617 1513 2663 1617 sine
2631 1383 2680 1486 pro-

2710 2866 2773 3014 logo?
2705 2586 2769 2831 Stupidius
2705 2432 2751 2557 enim
2702 2284 2749 2403 nihil
2702 2161 2748 2254 dici
2704 1960 2764 2137 potest,
2714 1782 2761 1922 quam
2697 1605 2758 1747 quod,
2711 1542 2742 1569 a
2696 1370 2742 1519 choro

2789 2763 2852 3015 prologum
2784 2647 2847 2738 agi,
2784 2404 2846 2612 scriptor
2781 2174 2844 2370 quidam
2778 1872 2843 2141 argumenti
2775 1566 2823 1837 affirmavit.
2774 1379 2821 1496 Con-

2868 2933 2915 3014 fer
2866 2716 2913 2901 initium
2863 2427 2910 2684 Persarum
2859 2163 2921 2392 Aeschyli
2863 2070 2905 2117 et
2856 1718 2920 2026 Supplicum,
2859 1615 2902 1665 et
2853 1370 2911 1571 videbis,

2946 2895 3009 3011 quid
2943 2650 2999 2862 intersit,
2947 2449 2989 2611 utrum
2940 2265 2987 2413 solam
2938 1996 3001 2231 parodum
2936 1768 2993 1959 chorus,
2951 1672 2982 1732 an
2934 1509 2981 1639 idem
2947 1371 2995 1484 pro-

3025 2848 3087 3010 logum
3028 2691 3085 2813 agat.
3020 2477 3081 2620 Quod
3024 2282 3066 2443 autem
3015 1980 3079 2249 Aeschylus
3015 1799 3071 1947 fecit,
3013 1605 3073 1763 idem,
3012 1368 3059 1565 mutatis

3104 2914 3151 3010 iam
3101 2522 3163 2882 imminutisqne
3098 2351 3146 2487 chori
3096 2092 3161 2327 partibuS,
3111 2030 3141 2056 a
3109 1749 3157 2007 quoquam,
3092 1634 3154 1713 qui
3090 1366 3154 1608 posterior

3186 2875 3229 3008 esset
3196 2750 3228 2843 non
3180 2559 3226 2714 solum
3176 2263 3239 2525 Aeschylo,
3174 2139 3222 2227 sed
3174 1960 3222 2105 etiam
3171 1680 3236 1924 Sophocle
3176 1503 3233 1647 atque
3170 1370 3217 1470 Eu-

3258 2825 3322 3007 ripide,
3257 2607 3303 2791 sactum
3271 2463 3302 2572 esse
3271 2317 3301 2429 num
3253 2045 3301 2280 credibile
3253 1898 3299 2010 est‘?
3251 1781 3298 1854 An
3249 1498 3313 1747 glandibus
3249 1367 3295 1457 ho-

3338 2852 3385 3007 mines
3336 2689 3383 2818 vesci
3335 2403 3393 2655 maluisse,
3333 2168 3380 2369 inventis
3330 1854 3387 2134 frumentis,
3328 1558 3391 1821 putamus?
3326 1365 3375 1511 Euri—

3416 2844 3480 3007 pidem
3430 2666 3472 2810 vero,
3414 2548 3476 2629 qui
3418 2386 3459 2514 totus
3415 2247 3458 2349 erat
3411 2169 3457 2215 in
3410 1944 3456 2135 theatro
3403 1766 3469 1907 (ὅλος
3402 1652 3453 1731 ἐπὶ
3406 1522 3453 1617 τοῦ
3402 1366 3452 1489 &soi-

3496 2828 3559 3006 τρου),
3494 2698 3556 2778 qui
3492 2332 3555 2664 perspicuitati
3505 2136 3537 2297 16111111
3488 1993 3551 2101 plus
3487 1816 3535 1959 etiam
3501 1642 3548 1781 quam
3484 1365 3531 1606 concinni-

3575 2915 3623 3006 tati
3573 2630 3631 2883 tribuebat,
3571 2513 3634 2594 qui
3586 2386 3618 2480 non
3570 2173 3616 2356 minore
3567 1899 3630 2147 diligentia
3581 1747 3628 1870 quae
3569 1584 3613 1722 extra
3576 1364 3610 1557 scenam

3653 2925 3715 3004 agi
3651 2655 3715 2895 fingebat,
3665 2479 3712 2620 quam
3664 2322 3711 2443 quae
3647 2027 3710 2287 spectanda
3645 1723 3705 1994 exhibebat,
3642 1363 3706 1690 persequeba-

3736 2908 3792 3006 tur,
3731 2791 3794 2871 qui
3730 2604 3777 2767 doceri
3729 2338 3775 2583 theatrum
3731 2254 3775 2303 et
3726 2165 3773 2226 de
3724 1898 3789 2139 prioribus
3730 1822 3771 1872 et
3724 1736 3770 1797 de
3721 1363 3786 1711 posterioribus

3812 2858 3860 3004 rebus
3809 2706 3856 2824 tanti
3807 2449 3866 2673 faciebat,
3813 2346 3863 2413 ut,
3805 2038 3867 2309 ubicunque
3820 1914 3851 2007 non
3808 1718 3866 1885 posset
3816 1606 3863 1693 per
3800 1362 3847 1582 homines

3889 2876 3948 3003 fieri,
3888 2725 3935 2842 deos
3887 2645 3933 2693 in
3902 2419 3932 2610 scenam
3886 2115 3943 2385 advocaret,
3883 1999 3946 2078 qui
3883 1861 3929 1972 huic
3882 1742 3944 1835 ipsi
3880 1526 3926 1718 fabulae
3879 1362 3925 1502 huius

3968 2928 4014 3002 rei
3982 2723 4014 2893 caussa
3965 2517 4012 2690 Musae
3979 2230 4026 2486 personam
3963 1953 4020 2195 adhibuit,
3961 1823 4022 1903 qui
3958 1601 4006 1779 nullam
3971 1362 4018 1567 unquam

4061 2746 4108 3000 personam
4045 2664 4091 2712 in
4059 2450 4091 2640 scenam
4043 2183 4107 2425 produxit,
4042 2034 4105 2147 quin
4042 1951 4089 2011 de
4038 1730 4087 1923 nomine
4037 1551 4098 1708 deque
4048 1362 4082 1528 caussa

4123 2765 4172 2997 adventus
4127 2432 4185 2729 spectatores
4126 2261 4170 2397 antea
4124 2006 4169 2227 accurate
4120 1757 4177 1973 doceret,
4117 1666 4163 1723 ab
4116 1532 4163 1626 hoc
4114 1358 4175 1503 igitur
