5010 3336
2793 3264 2828 3331 :itur-

3551 3162 3679 3175 ..gmflw
3639 3162 3641 3164 ·
3683 3168 3746 3175 ,ηρ

1121 2156 1177 2275 415

1280 2854 1336 3038 horret,
1275 2600 1323 2819 dolorem
1287 2400 1319 2565 secum
1266 2022 1322 2363 communicet,
1278 1894 1310 1988 non
1261 1727 1309 1861 audit
1275 1541 1323 1696 neque
1259 1390 1306 1507 allo-

1358 2953 1421 3034 qui
1357 2682 1418 2917 dignatur.
1351 2394 1399 2614 Tandem
1363 2220 1403 2360 vero,
1361 2092 1392 2183 non
1342 1851 1405 2057 amplius
1342 1652 1388 1817 ferens
1339 1388 1387 1616 dissimu-

1438 2805 1484 3035 lationem
1437 2718 1480 2768 et
1430 2346 1478 2683 confidentiam
1427 2175 1482 2311 eius,
1423 2044 1485 2123 qui
1438 1944 1467 1996 se
1420 1611 1467 1897 certissimis
1418 1387 1465 1576 indiciis

1516 2762 1563 3031 convictum
1510 2318 1567 2723 constrictumque
1503 2138 1550 2289 teneri
1502 1908 1563 2109 ignoret,
1499 1815 1545 1871 ad
1498 1384 1561 1789 prosternendum

1610 2935 1642 3029 uno
1594 2715 1653 2901 impetu
1590 2491 1635 2682 hostem
1583 2148 1633 2455 temerarium
1585 1917 1625 2127 armatus
1578 1713 1638 1879 surgit.
1577 1383 1637 1644 Magnifico

1673 2881 1719 3030 utitur
1669 2622 1716 2845 exordio:
1667 2466 1728 2571 quis
1663 2249 1710 2418 modus
1661 2122 1707 2212 erit
1658 1846 1705 2074 audaciae
1662 1750 1702 1800 ct
1656 1383 1715 1716 confidentiae,

1752 2987 1797 3028 si
1749 2700 1812 2943 posterior
1760 2439 1808 2655 quaeque
1746 2263 1787 2394 aetas
1740 2048 1802 2213 priore
1738 1919 1783 2011 erit
1735 1615 1782 1867 vitiosior?
1733 1380 1780 1549 Altero

1831 2912 1877 3029 orbe
1844 2755 1890 2877 opus
1828 2608 1881 2718 erit,
1840 2480 1886 2572 quo
1821 2334 1868 2445 mali
1836 2274 1865 2301 a
1820 2104 1865 2240 bonis
1820 1769 1878 2069 separentur,
1830 1673 1861 1732 ne
1814 1498 1876 1640 plane
1828 1379 1858 1464 exa

1909 2758 1969 3027 stinguatur
1905 2472 1968 2705 probitas.
1898 2114 1962 2388 Propositio
1896 1967 1959 2071 ipsa
1911 1863 1941 1919 ea
1898 1712 1951 1814 est,
1908 1538 1954 1660 quae
1908 1379 1954 1493 per-

1988 2846 2034 3025 cellere
1986 2658 2047 2815 possit
1980 2270 2029 2624 adversarium:
1975 1982 2024 2235 intuemini
1975 1901 2020 1946 in
1974 1721 2032 1865 hunc,
1972 1586 2033 1683 qui,
1987 1491 2018 1550 ex
1986 1378 2017 1457 me

2071 2857 2123 3026 natus„
2079 2644 2110 2804 meum
2060 2352 2106 2610 thalamum
2058 2146 2120 2315 polluit
2056 1952 2115 2097 idque
2052 1660 2099 1917 manifesto
2067 1599 2097 1624 a
2054 1375 2096 1566 mortua

2143 2701 2193 3025 convincitur!
2140 2494 2187 2630 Haec
2139 2308 2186 2469 firmat
2135 1990 2197 2282 gravissimis
2132 1654 2195 1966 arguinentiS‚
2144 1375 2192 1619 quaecun-

2239 2931 2285 3025 que
2225 2702 2270 2896 obstare
2220 2420 2275 2672 videntur,
2215 2071 2263 2385 removendo:
2213 1883 2273 2007 Quin
2211 1623 2268 1848 obverte,
2207 1372 2269 1587 quando-

2303 2829 2364 3025 quidem
2300 2744 2347 2794 in
2304 2398 2361 2708 conspectum
2296 2199 2342 2362 venire
2292 1875 2350 2163 sustinuisti,
2289 1710 2353 1837 patri
2304 1621 2335 1674 os
2287 1372 2334 1587 vultum-

2398 2928 2444 3022 que
2375 2733 2427 2895 tuum!
2378 2586 2425 2663 Tu
2392 2370 2423 2555 morum
2375 2091 2421 2347 sanctitate
2378 2024 2420 2073 et
2372 1802 2418 2004 deorum
2367 1538 2415 1781 consortio
2366 1371 2429 1518 glori-

2461 2885 2509 3021 aris‘?
2459 2656 2506 2839 scilicet
2456 2345 2504 2613 severitatis
2458 2054 2516 2309 praetextu
2452 1910 2498 2020 vitia
2450 1686 2497 1877 facilius
2454 1590 2495 1641 te
2446 1369 2494 1554 celatu-

2556 2912 2588 3021 rum
2554 2766 2585 2876 esse
2552 2546 2599 2731 speras.
2535 2381 2583 2477 Sed
2535 2236 2579 2330 iam
2533 1956 2579 2198 convictus
2545 1866 2576 1918 es
2530 1732 2586 1832 ita,
2530 1624 2573 1676 ut
2527 1368 2573 1589 oratione

2619 2888 2667 3018 nulla
2622 2804 2664 2854 et
2631 2708 2663 2769 ne
2614 2365 2662 2675 iureiurando
2612 2139 2675 2330 quidem
2610 1892 2673 2090 purgari
2609 1682 2672 1858 possis,
2606 1538 2653 1611 An
2610 1452 2652 1503 te
2607 1367 2650 1419 ut

2698 2787 2761 3017 perderet
2696 2600 2758 2753 ipsam
2696 2470 2741 2563 vita
2710 2384 2740 2437 se
2692 2124 2755 2358 spoliasse
2690 1940 2735 2096 dicis?
2688 1777 2749 1905 quod
2686 1489 2734 1751 absurdum
2687 1368 2730 1461 est.

2778 2919 2826 3017 Aut
2776 2633 2839 2887 proniores
2775 2538 2820 2598 ad
2773 2250 2819 2494 libidinem
2770 1985 2817 2213 mulieres
2783 1799 2830 1938 quam
2766 1623 2812 1753 viros
2779 1478 2811 1587 esse
2778 1365 2810 1443 ar-

2856 2872 2920 3017 guis?
2854 2683 2901 2805 Sunt
2853 2313 2900 2650 adolescentes
2865 2184 2897 2279 non
2850 1993 2895 2149 minus
2847 1577 2908 1962 intemperantes
2848 1497 2889 1547 et
2857 1362 2889 1465 ma-

2937 2943 3000 3017 gis
2933 2663 2982 2908 temerarii
2948 2487 2996 2627 quam
2930 2202 2987 2441 feminae3
2927 1943 2989 2152 denique
2940 1768 2972 1899 mors
2924 1621 2971 1723 eius
2922 1362 2969 1585 omnibus

3013 2718 3079 3015 argumentis
3012 2508 3076 2672 potior
3015 2373 3058 2461 est.
3008 2029 3056 2294 Subiicitur
3004 1729 3069 1975 peroratio
3000 1361 3064 1673 gravissima:

3096 2835 3142 3015 frustra
3093 2674 3141 2799 Sinis
3097 2580 3139 2628 et
3091 2373 3138 2545 Sciron
3104 2247 3136 2326 me
3086 1954 3135 2201 sceleratis
3099 1722 3147 1918 gravem
3097 1576 3129 1686 esse
3084 1359 3128 1543 testen-

3179 2915 3233 3013 tur,
3173 2786 3220 2879 nisi
3173 2612 3233 2754 digno
3170 2343 3232 2577 supplicio
3173 2257 3214 2307 te
3182 2031 3228 2223 quoque
3164 1761 3211 1997 affecere.

3251 2774 3298 2883 Filii
3250 2576 3297 2728 oratio
3248 2199 3295 2528 moderatione
3244 1889 3306 2151 conspicua
3247 1755 3290 1846 est.
3239 1555 3287 1687 Dicit
3243 1358 3286 1522 autem

3332 2889 3379 3011 haec
3330 2721 3377 2854 fere:
3328 2459 3388 2683 Quamvis
3327 2362 3372 2423 sit
3325 2107 3388 2327 speciosa
3338 1890 3377 2077 caussa,
3326 1676 3377 1855 tamen,
3319 1599 3365 1640 si
3318 1357 3381 1580 explore-

3417 2902 3469 3009 tur,
3410 2671 3456 2867 minime
3408 2435 3453 2637 honesta
3421 2288 3451 2398 esse
3403 2024 3466 2254 arguitur.
3402 1850 3462 1953 Ego
3405 1644 3445 1803 autem
3397 1355 3444 1607 certamini

3490 2851 3553 3007 palam
3487 2534 3536 2814 sustinendo
3487 2344 3548 2499 impar
3499 2205 3529 2309 sum
3516 2172 3536 2183 ‚
3481 1834 3529 2133 domesticae
3484 1615 3524 1799 tantum
3477 1355 3539 1581 philoso-

3569 2800 3631 3007 phorum
3567 2532 3614 2762 orationis
3566 2284 3628 2497 peritus,
3578 2109 3623 2230 quae
3561 1822 3607 2075 veritatem
3558 1642 3619 1789 magis
3572 1463 3618 1605 quam
3555 1353 3603 1428 fu-

3664 2896 3695 3005 cum
3648 2639 3709 2859 sequitur
3645 2538 3709 2604 *).
3644 2328 3704 2468 Quod
3642 2081 3705 2294 speciem
3639 1826 3696 2044 honesti,
3653 1694 3684 1789 11011
3637 1353 3683 1659 honestatem

3729 2849 3791 3005 ipsam
3742 2734 3773 2812 me
3725 2536 3773 2699 colere
3723 2315 3785 2501 arguis,
3720 2014 3768 2279 innocentia
3719 1855 3765 1979 vitae
3733 1684 3764 1822 meae
3715 1353 3763 1647 contrarium

3854 2898 3907 2948 ἢκ)
3852 2799 3894 2866 Cf.
3852 2675 3893 2765 Cic.
3852 2525 3892 2644 Orat.
3848 2425 3901 2494 19,
3845 2327 3890 2396 64.
3845 2144 3887 2294 Mollis
3849 2049 3887 2113 est
3844 1906 3885 2020 enim
3843 1737 3883 1876 oratio
3842 1352 3895 1716 philosophorum

3926 2819 3963 2861 et
3921 2530 3972 2791 umbratilis,
3934 2421 3959 2500 nec
3916 2177 3959 2398 sententiis
3930 2066 3956 2147 nec
3914 1894 3956 2043 verbis
3914 1669 3954 1879 instructa
3910 1352 3965 1653 popularibus,

4006 2783 4033 2863 nec
3991 2608 4032 2756 vincta
3988 2376 4038 2581 numeris,
3988 2272 4028 2346 sed
3988 2098 4026 2240 soluta
3984 1883 4025 2076 liberius.
3982 1706 4024 1826 Nihil
3983 1518 4023 1678 iratum
3981 1350 4029 1502 habet,

4062 2751 4102 2860 nihil
4060 2502 4111 2723 invidum,
4058 2350 4098 2461 nihil
4062 2164 4107 2309 atrox,
4054 2017 4095 2127 nihil
4053 1761 4104 1989 mirabile,
4052 1608 4092 1720 nihil
4054 1353 4091 1567 astutum:

4135 2676 4183 2854 easta,
4128 2303 4177 2646 verecunda,
4125 2109 4180 2271 virgo
4125 1738 4176 2077 incorrupta
4122 1350 4174 1708 quodammo—

4201 2778 4240 2857 do.
4202 2597 4241 2720 Idem
4200 2515 4239 2568 de
4202 2377 4239 2484 orat.
4198 2316 4247 2348 1,
4194 2213 4245 2287 54,
4195 2087 4235 2183 233.
4196 1825 4236 2029 Socrates
4194 1565 4233 1797 damnatus
4193 1473 4230 1537 est
4190 1350 4230 1445 11111-

4271 2766 4311 2857 lam
4270 2603 4311 2736 aliam
4270 2518 4310 2573 ob
4280 2272 4318 2485 caussam,
4264 2161 4307 2244 nisi
4268 1963 4319 2139 propter
4263 1765 4306 1935 dicendi
4260 1455 4303 1738 inscientiam.
