5010 3336
1668 3320 1674 3333 ,.
1652 3252 1680 3302 ιῃ.

1067 2092 1121 2213 4⁰7

1225 2730 1274 2971 interdum
1220 2533 1267 2679 etiam
1214 2180 1262 2486 simulatione
1210 2092 1256 2137 ei
1208 1988 1255 2045 ad
1202 1734 1267 1941 tegenda
1200 1590 1247 1699 vitia
1214 1434 1260 1556 opus
1199 1321 1246 1398 sit.

1301 2684 1366 2971 Disputandi
1296 2337 1346 2649 subtilitatem
1288 1970 1350 2300 exemplorum
1283 1636 1331 1923 auctoritate
1278 1316 1336 1590 confirmat,

1384 2706 1431 2968 ostendens
1392 2514 1438 2671 neque
1373 2296 1435 2478 primae
1383 2106 1428 2261 neque
1365 1982 1411 2070 soli
1361 1711 1409 1961 Phaedrae
1360 1592 1406 1687 hoc
1357 1316 1415 1570 accidisse,

1469 2913 1511 2967 ut
1461 2657 1508 2864 invictae
1455 2433 1502 2609 amoris
1446 2141 1513 2387 potentiae
1443 1787 1491 2094 succumbat:
1439 1594 1485 1724 idem
1436 1409 1483 1533 enim
1438 1313 1482 1362 et

1554 2751 1589 2966 summos
1538 2596 1583 2715 deos
1540 2511 1580 2559 et
1526 2096 1593 2477 sapientissimos
1521 1844 1569 2065 homines
1532 1641 1580 1809 passos
1531 1496 1562 1605 esse
1518 1412 1561 1461 et
1528 1312 1576 1395 pa-

1622 2788 1668 2965 tienter
1616 2557 1671 2755 tulisse,
1610 2351 1659 2522 callide
1608 2097 1666 2317 tegentes
1615 1938 1662 2061 quae
1598 1748 1645 1903 minus
1596 1435 1642 1716 viderentur
1592 1309 1639 1401 de-

1714 2830 1748 2962 cora.
1692 2491 1757 2762 Superbiae
1702 2318 1743 2456 esse,
1682 2157 1730 2281 velle
1694 1936 1727 2121 morum
1674 1627 1736 1901 integritate
1674 1462 1734 1593 ipsos
1671 1308 1717 1427 deos

1791 2706 1841 2957 superare,
1778 2625 1820 2673 et
1762 2158 1831 2591 acquiescendum,
1760 2083 1807 2123 si
1758 1973 1806 2049 cui
1756 1799 1820 1938 plura
1753 1640 1800 1765 bona
1767 1464 1813 1605 quam
1749 1306 1796 1430 mala

1859 2848 1907 2958 sint.

1932 2744 1981 2827 Sic
1927 2488 1978 2709 utilitatis
1923 2217 1972 2455 rationem
1918 2002 1977 2180 nutrix,
1914 1695 1963 1965 honestatis
1910 1506 1975 1674 regina
1907 1302 1956 1472 defen-

2015 2869 2062 2956 dit.
2010 2662 2058 2800 Hanc
2006 2355 2071 2627 speciosam
2000 2126 2063 2321 quidem
2011 1979 2043 2089 esse
1998 1773 2042 1944 censet
2006 1605 2046 1741 anus,
1989 1481 2036 1569 sed
1986 1300 2035 1447 relin-

2092 2686 2156 2956 quendam,
2086 2556 2133 2638 ubi
2083 2381 2131 2510 salus
2084 2150 2142 2346 agatur:
2076 1922 2138 2100 quippe
2073 1730 2119 1878 vitam
2069 1445 2134 1683 potiorem
2081 1296 2112 1408 esse

2187 2811 2235 2953 quam
2169 2626 2215 2775 decus
2171 2455 2226 2599 atque
2162 2107 2208 2432 honestatem.
2155 1860 2201 2038 Contra
2150 1705 2200 1838 utilia
2148 1527 2196 1686 dulcia
2145 1296 2208 1493 quidem

2250 2768 2307 2953 auditu,
2245 2644 2294 2732 sed
2243 2464 2305 2626 turpia
2239 2294 2287 2429 factu
2252 2148 2284 2258 esse
2234 1992 2282 2114 dicit
2232 1780 2293 1958 regina,
2235 1695 2275 1744 et
2226 1403 2290 1667 perniciem
2222 1294 2269 1368 af-

2330 2817 2377 2953 ferre
2332 2679 2374 2783 tum
2322 2368 2371 2643 civitatibus
2323 2216 2365 2322 tum
2314 1926 2363 2167 domibus,
2308 1530 2370 1857 Quamobrem
2301 1290 2365 1481 respuit

2406 2748 2457 2951 consilia
2402 2481 2457 2715 nutricis,
2404 2378 2445 2428 et
2396 2104 2445 2343 consentit
2407 1951 2440 2059 cum
2406 1858 2437 1915 ea
2390 1633 2436 1825 chorus,
2383 1394 2444 1565 Neque
2387 1290 2427 1360 ta-

2503 2838 2535 2949 men
2483 2613 2532 2803 desistit
2480 2401 2533 2580 nutrix,
2476 2277 2524 2363 sed
2474 2077 2535 2256 aliquid
2469 1852 2518 2057 remedii
2484 1765 2514 1819 se
2466 1434 2513 1738 inventuram
2475 1287 2507 1398 esse

2565 2643 2630 2948 promittenS,
2575 2514 2622 2608 quo
2557 2308 2604 2483 malum
2556 2077 2612 2278 levetur,
2552 1991 2597 2042 in
2550 1762 2595 1955 domum
2546 1612 2591 1725 abit.

2641 2688 2689 2815 Tum
2640 2474 2686 2651 chorus
2634 2182 2698 2437 Cupidinis
2630 1887 2694 2146 potentiam
2624 1572 2689 1852 praedicat,
2636 1392 2683 1535 quem
2619 1286 2665 1358 di-

2725 2878 2773 2943 cit
2737 2743 2770 2853 esse
2718 2588 2766 2717 Iovis
2716 2414 2762 2565 filium
2714 2072 2775 2383 dignumque,
2709 1953 2769 2033 qui
2720 1829 2753 1926 non
2703 1642 2750 1803 minus
2716 1469 2763 1610 quam
2696 1283 2760 1449 Iuppi-

2809 2865 2851 2943 ter
2806 2781 2849 2831 et
2797 2573 2861 2748 Apollo
2794 2397 2841 2525 ludis
2798 2207 2853 2350 atque
2786 1903 2835 2159 sacrificiis
2784 1797 2830 1855 ab
2783 1523 2830 1749 universa
2776 1280 2825 1487 Graecia

2881 2740 2930 2940 colatur.
2875 2515 2923 2667 Cuius
2887 2282 2935 2481 operum
2867 2031 2929 2252 exempla
2866 1909 2912 2004 duo
2861 1544 2918 1879 ostenduntur,
2854 1278 2904 1509 Oechalia

2964 2738 3025 2939 propter
2955 2577 3002 2703 Ioles
2967 2326 2999 2540 amorem
2949 2233 2995 2290 ab
2944 1980 2994 2197 Hercule
2945 1716 2998 1946 cremata,
2943 1632 2986 1681 et
2935 1402 2986 1598 Semele
2932 1277 2980 1375 ful—

3040 2809 3089 2940 mine
3052 2654 3084 2764 cum
3032 2405 3080 2606 aedibus
3028 2052 3088 2358 conflagrata.
3022 1874 3069 1984 Hoc
3034 1634 3068 1828 carmen
3020 1550 3064 1598 et
3014 1359 3062 1517 verbis
3016 1273 3058 1322 et

3119 2791 3167 2937 rebus
3110 2290 3177 2758 praestantissimum
3110 2165 3153 2253 est.

3193 2610 3242 2805 Interim
3190 2417 3237 2575 nutrix
3188 2258 3233 2384 intus
3199 2124 3241 2210 ea,
3196 1951 3243 2074 quae
3177 1644 3242 1916 praedixit,
3172 1272 3222 1609 infelicissime

3273 2696 3340 2932 perfecit:
3268 2459 3331 2647 aperuit
3264 2292 3311 2419 enim
3261 1984 3324 2256 Hippolyto
3256 1694 3304 1950 Phaedrae
3269 1427 3300 1659 amorem.
3249 1271 3295 1359 Sa—

3356 2864 3404 2930 tis
3354 2514 3416 2829 prospectum
3351 2428 3391 2475 et
3343 2235 3389 2390 famae
3345 2149 3387 2199 et
3337 1986 3384 2129 saluti
3336 1734 3383 1959 dominae
3332 1601 3379 1709 fore
3329 1270 3393 1571 opinabatur,

3436 2854 3492 2927 si,
3436 2555 3491 2811 antequam
3441 2413 3472 2518 rem
3418 2081 3469 2377 adolescenti
3415 1744 3479 2047 aperuisset,
3412 1426 3458 1697 iuramento
3423 1268 3454 1378 eum

3511 2750 3562 2926 callide
3508 2415 3568 2704 occupasset
3498 1938 3557 2372 obstrinxissetque
3492 1662 3555 1904 promisso
3506 1544 3547 1626 se,
3485 1266 3549 1497 quidquid

3592 2808 3641 2927 fidei
3604 2658 3637 2774 suae
3583 2304 3633 2615 commissum
3578 2112 3631 2269 foret,
3588 1899 3620 2072 arcano
3571 1593 3619 1863 celaturum
3582 1443 3614 1556 esse
3565 1264 3612 1408 silen-

3673 2841 3721 2925 tio.
3668 2613 3723 2770 Tum,
3662 2435 3726 2564 quod
3676 2271 3707 2378 eum
3668 1947 3721 2233 generosum
3666 1793 3698 1902 esse
3649 1536 3705 1746 sciebat,
3644 1261 3708 1486 sperabat

3767 2812 3799 2921 eum
3753 2724 3795 2775 et
3762 2572 3793 2691 suae
3739 2224 3790 2536 sollicitudini
3742 2140 3783 2187 et
3732 1870 3780 2121 Phaedrae
3727 1576 3776 1835 calamitati
3726 1449 3772 1542 hoc
3723 1263 3770 1412 dona-

3835 2723 3884 2920 turum,
3832 2619 3871 2671 ut
3823 2526 3869 2574 in
3822 2340 3867 2480 huius
3815 2064 3863 2303 sanandae
3811 1779 3858 2028 conatibus
3825 1690 3855 1743 se
3806 1389 3853 1656 adiuvaret.
3802 1258 3847 1321 At

3908 2614 3963 2915 adolescens,
3901 2287 3960 2578 simulatque
3910 2149 3942 2251 rem
3890 1760 3954 2114 pronuntiatam
3885 1531 3933 1723 auribus
3880 1258 3946 1497 percepit,

3987 2756 4035 2915 verbis
3984 2599 4045 2720 ipsis
3996 2429 4027 2563 suam
3978 2132 4041 2394 puritatem
3969 1860 4032 2098 inquinari
3972 1637 4029 1827 putans,
3964 1446 4012 1601 statim
3962 1256 4021 1409 impa-

4065 2620 4114 2911 tientissime
4058 2315 4107 2595 exclamavit
4068 2121 4115 2280 neque
4052 1999 4097 2095 iam
4048 1747 4109 1962 reliquae
4045 1596 4091 1723 illius
4037 1254 4103 1561 explicationi

4160 2768 4194 2909 aures
4142 2498 4206 2734 praebere
4135 2217 4191 2462 sustinuit,
4130 2094 4179 2182 sed
4145 2032 4176 2060 e
4127 1853 4175 1999 domo
4142 1779 4175 1833 se
4123 1501 4188 1758 proripuit,
4119 1250 4167 1463 clamans
