5010 3336
3987 2140 4025 2200 VI

3813 1317 3884 1517 genter
3837 1570 3895 1935 examinanda
3822 1989 3886 2176 erunt,
3836 2259 3889 2399 ratio
3835 2448 3891 2714 habenda
3831 2756 3889 3006 locorum

3704 1318 3769 1774 temporumque,
3708 1846 3780 2043 quibus
3724 2094 3777 2193 illa
3722 2244 3776 2722 accommodanda
3701 2780 3774 3004 fuerint,

3599 1315 3664 1624 hominum,
3595 1658 3667 1987 quibuscum
3613 2013 3665 2212 vixerit
3608 2237 3662 2633 communitate
3591 2657 3661 2853 iurum,
3606 2882 3640 3005 mo-

3499 1316 3533 1436 rum
3484 1508 3553 2001 institutorumque
3483 2051 3553 2409 coniunctUS,
3495 2486 3548 2694 saeculi
3476 2742 3549 3003 denique,

3386 1314 3440 1467 cuius
3388 1500 3440 1612 vim
3369 1647 3435 2012 naturamque
3387 2049 3441 2120 ad
3383 2163 3438 2623 conformandam
3380 2658 3436 2807 illius
3380 2847 3414 3004 men-

3274 1313 3321 1430 tem
3254 1481 3328 1788 plurimum
3273 1834 3327 2074 valuisse
3273 2121 3307 2348 necesse
3273 2403 3325 2486 sit.
3270 2589 3323 2678 Ad
3268 2722 3302 2809 res
3247 2852 3302 3015 vern,-

3142 1313 3195 1458 quae
3161 1494 3214 1805 viventibus
3139 1834 3214 2018 poetis
3140 2056 3214 2494 florentibusque
3138 2528 3203 2723 gestae
3140 2761 3208 2887 sint,
3154 2932 3207 3004 ad

3034 1308 3101 1488 virOS‚
3028 1542 3083 1648 per
3030 1696 3083 1833 quos
3047 1890 3101 1981 vel
3047 2034 3093 2178 artes
3046 2219 3080 2283 ac
3025 2320 3100 2653 disciplinae
3041 2694 3097 3005 illustratae

2935 1310 2988 1419 sint
2935 1468 2988 1560 vel
2915 1614 2988 1932 respublica
2917 1986 2988 2396 administrata,
2932 2467 2985 2539 ad
2930 2590 2966 2783 omnes
2929 2818 2964 3004 rerum

2822 1310 2857 1532 caussas
2803 1582 2868 1924 eventusque
2821 1976 2868 2134 tanto
2819 2185 2872 2394 enixius
2817 2442 2871 2655 animus
2815 2699 2870 3002 adverten—
2826 3070 2827 3073 γ

2710 1310 2763 1413 dus
2695 1467 2756 1578 est,
2690 1646 2754 1854 quanto
2690 1897 2761 2240 frequentius
2705 2290 2759 2485 talium
2705 2526 2739 2708 rerum
2682 2755 2754 3001 tragicos

2596 1309 2644 1528 constat
2597 1565 2649 1621 in
2576 1664 2648 2070 componendis
2594 2111 2647 2276 rebus
2575 2313 2647 2711 imitandisque
2589 2752 2642 3000 moribus

2483 1305 2536 1581 rationem
2482 1635 2537 1915 habuisse.
2482 2015 2534 2145 Hoc
2463 2190 2534 2384 quanti
2480 2433 2534 2502 sit
2480 2550 2533 2605 in
2476 2642 2531 3000 aestimandis

2351 1304 2424 1594 Euripidis
2351 1633 2424 1897 operibus
2355 1932 2422 2231 momenti,
2369 2286 2421 2453 facile
2347 2487 2421 2839 intelligent,
2348 2885 2417 3000 qui,

2238 1304 2292 1606 quamnam
2257 1643 2311 1738 hic
2258 1772 2310 1829 in
2256 1866 2310 2169 scribendis
2255 2211 2309 2414 fabulis
2255 2442 2308 2586 viam
2233 2612 2307 3001 rationemque

2130 1300 2197 1570 tenuerit,
2124 1614 2197 1972 reputabunt.
2143 2057 2196 2351 Publicam
2142 2385 2195 2531 enim
2140 2559 2193 2850 materiam
2119 2878 2190 2999 pri-

2031 1302 2083 1415 vati
2030 1450 2083 1582 iuris
2030 1622 2084 1809 facere
2030 1849 2083 1925 sic
2030 1964 2084 2182 solebat
2029 2220 2075 2274 et
2028 2302 2081 2619 communia
2007 2644 2080 2892 propriis
2026 2921 2078 2998 sic

1896 1302 1963 1649 temperare,
1918 1694 1964 1754 ut
1917 1796 1964 1853 et
1917 1885 1952 1970 res
1897 2010 1970 2355 populorum
1896 2384 1969 2558 ipsius
1913 2588 1966 2860 memoria
1892 2889 1946 2995 ge-

1803 1304 1851 1413 stas
1805 1449 1851 1503 et
1805 1548 1839 1704 casus
1788 1748 1857 2019 virorum,
1785 2073 1856 2169 qui
1802 2205 1856 2517 civitatibus
1782 2556 1847 2882 praeerant,
1800 2942 1846 2999 et

1691 1299 1725 1484 mores
1672 1525 1744 1940 sententiasque
1676 1977 1745 2299 hominum,
1673 2345 1743 2589 quitum
1673 2632 1735 2819 erant,
1688 2865 1741 2996 imi-

1578 1299 1625 1510 taretur
1564 1560 1625 1643 et,
1561 1708 1613 1878 quum
1559 1921 1631 2232 priscorum
1577 2266 1631 2509 virorum
1560 2553 1629 2997 feminarumque

1464 1299 1511 1548 uteretur
1452 1580 1519 1923 nominibuS‚
1465 1968 1518 2131 rebus
1444 2173 1517 2542 personisque
1465 2579 1517 2636 in
1465 2675 1518 2996 similitudi—

1353 1299 1387 1428 nem
1354 1478 1406 1785 recentium
1336 1836 1405 2227 conformatis,
1352 2298 1406 2381 sui
1352 2432 1405 2641 saeculi
1330 2689 1405 2995 imaginem

1220 1302 1293 1644 exprimeret
1240 1682 1294 2038 verissimam.
1172 3194 1299 3197 l

1114 1462 1182 1596 His,
1111 1660 1162 1959 quamnam
1127 2012 1181 2149 mihi
1127 2199 1180 2346 viam
1106 2382 1181 2815 ingrediendam
1126 2873 1161 2993 esse

994 1296 1069 1643 putaverim,
1015 1701 1069 2031 ostenditur.
1013 2130 1067 2417 Summam
1015 2467 1061 2653 autem
994 2706 1067 2896 operis
1015 2933 1068 2991 iu
941 3194 1040 3197 ι

902 1297 956 1611 fabularum
902 1641 956 1885 iudicavi
900 1914 954 2263 enarratione
881 2290 955 2613 ponendam
887 2651 936 2800 esse,
883 2846 939 2990 quo-

790 1297 843 1446 niam
770 1483 843 1960 quemadmodum
773 1989 824 2208 eorum,
768 2250 841 2346 qui
787 2369 842 2531 rebus
766 2559 842 2820 gerendis
788 2846 843 2991 bene
