5010 3336
3878 2151 3934 2231 34

3704 1343 3759 1569 tanquam
3711 1619 3775 1869 reportata
3734 1915 3780 2010 iam
3735 2059 3786 2265 victoria
3732 2310 3794 2589 deletisque
3751 2637 3800 2875 hostibus.
3755 2964 3803 3030 Se

3631 1342 3681 1533 autem,
3629 1570 3678 1718 quum
3649 1755 3696 1883 iusto
3639 1919 3696 2144 tempore
3643 2180 3708 2321 equis
3649 2345 3672 2357 ,
3665 2394 3709 2448 ut
3667 2484 3714 2594 cibo
3671 2629 3717 2755 bene
3655 2788 3721 2916 pasti
3673 2950 3704 3029 re*

3547 1344 3609 1596 creatique
3566 1630 3613 1680 in
3551 1714 3618 1958 proelium
3574 1995 3625 2387 descenderent,
3568 2435 3636 2667 pabulum
3574 2712 3637 3033 proponeret,

3465 1344 3530 1663 conspexisse
3471 1707 3538 1881 procul
3476 1930 3525 2021 per
3494 2055 3545 2284 tenebras
3502 2321 3549 2443 duos
3505 2479 3551 2608 viros
3506 2644 3556 2912 exercitum
3511 2948 3558 3035 ob‘

3394 1344 3450 1677 ambulantes„
3394 1729 3456 1812 qui
3401 1847 3459 2034 statim„
3415 2073 3464 2157 ubi
3419 2194 3451 2249 se
3415 2295 3473 2639 commoverit„
3430 2687 3471 2821 retro
3432 2869 3464 3034 cesse2

3310 1348 3364 1459 rint,
3322 1498 3365 1546 et
3324 1572 3372 1809 minatum
3332 1838 3364 1950 esse
3325 1980 3366 2117 voce„
3337 2154 3369 2216 ne
3340 2249 3389 2541 accederent
3330 2571 3396 2803 propius3
3344 2840 3399 3037 deinde,

3237 1348 3285 1431 ubi
3241 1480 3289 1641 abisse
3242 1689 3295 1935 latrones,
3239 1994 3286 2115 quos
3240 2151 3307 2369 putarit,
3264 2423 3295 2483 ex
3266 2519 3314 2714 silentio
3268 2752 3320 3039 coniecerit,

3158 1348 3193 1520 somno
3164 1556 3194 1611 sc
3166 1658 3202 1828 rursus
3164 1878 3219 2102 dedisse,
3178 2154 3218 2202 et
3180 2246 3226 2405 visum
3183 2456 3231 2547 sibi
3187 2594 3218 2705 6556
3190 2760 3236 2810 in
3191 2858 3239 3039 somnis

3076 1346 3124 1517 videre
3068 1566 3131 1708 lupos
3074 1752 3130 1891 terga
3078 1941 3126 2180 equorum
3081 2219 3146 2530 prementes,
3107 2580 3153 2700 iram
3093 2750 3159 3039 spirantium

2985 1349 3044 1591 iubasque
2992 1628 3056 1919 erigentium
2997 1942 3020 1954 ‚
2997 2011 3045 2156 quum
3000 2194 3048 2284 per
3020 2319 3066 2412 vim
3009 2452 3071 2778 abigerentur.
3016 2850 3078 3040 Quibus

2915 1352 2967 1652 somniorum
2927 1684 2974 1801 visis
2930 1832 2960 1886 se
2924 1912 2979 2197 excitatum,
2921 2234 2987 2469 gemitum
2944 2499 2992 2698 audisse
2949 2725 2998 3041 morientium

2835 1353 2879 1403 et
2824 1438 2877 1721 respersum
2848 1771 2881 1883 esse
2851 1921 2899 2077 calido
2855 2115 2904 2301 domini
2844 2336 2903 2542 propter
2865 2579 2895 2632 sc
2867 2669 2916 2896 cubantis
2870 2932 2903 3042 san-

2740 1351 2803 1523 guine,
2762 1560 2811 1648 sed
2750 1687 2813 1973 priusquam
2771 2008 2817 2148 hasta
2775 2183 2810 2379 manum
2774 2417 2827 2658 armaret,
2787 2709 2833 2864 latere
2774 2912 2839 3046 gravi

2658 1351 2723 1496 plaga
2681 1524 2710 1550 a
2682 1575 2731 1774 robusta
2687 1801 2719 1943 manu
2674 1972 2726 2227 percusso,
2689 2268 2749 2545 corruisse,
2692 2583 2752 2849 statimque
2707 2875 2756 3048 hostes

2595 1355 2628 1467 cum
2587 1516 2649 1655 equis
2592 1702 2655 1969 aufugisse.
2612 2049 2660 2192 Hanc
2617 2251 2668 2583 narrationem
2610 2631 2673 2856 sequitur
2629 2899 2662 3047 accua

2512 1357 2563 1479 satio
2514 1515 2569 1873 Troianorum„
2513 1932 2563 2138 quorum
2518 2182 2586 2388 perfidia
2542 2435 2590 2557 illud
2543 2607 2592 2769 scelus
2530 2805 2592 3049 patratum

2432 1358 2467 1472 6556
2441 1530 2489 1727 satelles
2446 1778 2493 1870 sibi
2432 1925 2500 2189 persuasit.
2457 2279 2506 2431 Redit
2461 2488 2508 2680 IIector
2450 2726 2513 2899 plenus
2470 2949 2516 3051 irae

2353 1360 2398 1412 et
2340 1446 2407 1613 gravia
2347 1647 2411 1873 vigilibus
2353 1910 2419 2151 supplicia
2370 2197 2422 2434 minatur,
2381 2493 2429 2750 socordiae
2380 2798 2422 3051 accusans,

2259 1361 2324 1493 quod
2266 1527 2313 1686 neque
2284 1722 2330 1961 intrantes
2290 1998 2335 2168 hostes
2279 2203 2345 2391 repulsi
2298 2426 2345 2484 ab
2302 2521 2347 2581 iis
2287 2617 2336 2777 neque
2305 2814 2352 3050 abeuntes

2181 1362 2249 1710 comprehensi
2205 1757 2251 1868 siut.
2208 1955 2256 2138 Contra
2206 2196 2260 2399 chorus>
2206 2463 2270 2701 quidquid
2224 2767 2273 2841 sui
2227 2898 2277 3053 officii

2106 1362 2164 1531 fuerit,
2104 1560 2168 1822 diligenter
2127 1845 2169 1896 et
2128 1919 2169 2118 strenue
2132 2146 2161 2172 a
2134 2200 2165 2253 se
2135 2278 2184 2511 effectum
2140 2539 2172 2649 esse
2143 2678 2193 2921 ostendit:
2147 2944 2179 3052 nam

2033 1365 2076 1417 et
2019 1431 2087 1678 principio
2042 1697 2089 1760 de
2045 1787 2095 2040 nocturnis
2049 2058 2097 2272 hostium
2040 2297 2102 2486 ignibus
2051 2513 2108 2783 nuntiasse,
2064 2819 2108 2871 et
2066 2901 2110 3055 totam

1953 1365 1998 1561 noctem
1960 1597 2006 1646 in
1961 1683 2009 1893 statione
1966 1927 2012 2198 insomnem
1955 2236 2020 2411 egisse.
1978 2483 2026 2718 Ceterum
1984 2754 2014 2808 se
1984 2844 2016 2940 non
1987 2966 2034 3053 de-

1854 1367 1919 1680 precaturum
1881 1717 1914 1829 esse
1867 1861 1918 2100 poenam,
1891 2148 1938 2190 si
1877 2226 1942 2342 quid
1896 2378 1925 2405 a
1897 2440 1928 2494 se
1884 2530 1946 2703 culpae
1903 2739 1952 3055 commissum

1792 1369 1826 1482 6556
1782 1518 1845 1762 cognitum
1803 1797 1851 1964 suerit.
1808 2034 1855 2126 His
1810 2162 1861 2341 auditis
1815 2376 1864 2574 satelles
1813 2600 1869 2773 Rhesi,
1823 2811 1872 2888 sui
1826 2923 1875 3055 deci-

1696 1367 1763 1534 piendi
1718 1586 1753 1759 caussa
1724 1811 1770 1939 hanc
1727 1991 1778 2354 contentionem
1735 2401 1784 2587 institui
1723 2622 1782 2825 putans,
1729 2888 1790 3058 aperte

1633 1368 1683 1640 Hectorem
1641 1676 1690 1841 caedis
1628 1876 1676 1967 per
1646 2002 1698 2378 aemulationem
1645 2414 1705 2764 avaritiamque
1664 2799 1711 2961 factae
1668 2979 1700 3058 ac-

1543 1372 1599 1526 cusat,
1557 1561 1605 1638 his
1561 1675 1608 1851 ductus
1549 1879 1615 2198 argumentis,
1553 2236 1621 2383 quod,
1558 2421 1608 2570 quum
1579 2594 1622 2706 ante
1581 2732 1630 2887 Rhesi
1585 2917 1618 3059 exer-

1462 1372 1520 1540 citum,
1476 1579 1528 1773 adversi
1472 1805 1530 2047 hostibus,
1487 2084 1537 2319 Hectoris
1492 2355 1542 2535 milites
1498 2588 1549 2814 collocati
1494 2850 1551 2975 sint,
1508 3012 1551 3063 et

1392 1373 1425 1437 116
1393 1469 1441 1708 adventus
1385 1744 1450 1945 quidem
1403 1979 1455 2137 Rhesi
1409 2172 1459 2377 Graecis
1397 2414 1464 2635 cognitus
1412 2671 1471 2850 suerit,
1425 2886 1475 3060 Troia-

1312 1375 1345 1466 nos
1298 1500 1362 1637 prius
1302 1673 1368 1818 qua'm
1322 1855 1370 2079 Thraces
1326 2116 1357 2145 a
1329 2196 1378 2500 Graecorum
1321 2547 1391 2972 speculatoribus,
1348 3020 1396 3061 si

1217 1378 1281 1462 qui
1217 1496 1266 1588 per
1220 1618 1286 1809 vigilias
1240 1844 1287 2030 intrare
1226 2062 1295 2377 potuissent,
1253 2431 1307 2747 trucidandos
1262 2783 1310 2939 fuisse
1266 2974 1299 3061 ne-

1152 1379 1186 1522 cesse
1156 1556 1203 1638 sit.
1158 1704 1207 1815 Non
1143 1857 1211 2128 persuadet
1166 2172 1215 2220 ei
1169 2267 1218 2457 Hector
1174 2502 1218 2605 tum
1177 2640 1225 2703 ad
1180 2736 1234 3062 innocentiam
1191 3101 1198 3107 .

1055 1380 1121 1778 probitatemque
1079 1813 1112 1951 suam
1066 1985 1119 2271 provocanS‚
1089 2306 1132 2410 tum
1091 2444 1141 2504 ab
1080 2540 1143 2723 Ulysse
1099 2757 1143 2806 et
1102 2841 1150 3063 Rhesum

991 1381 1042 1595 interfici
995 1645 1039 1696 et
997 1742 1046 1983 Dolonem
989 2028 1054 2259 intercipi
994 2307 1058 2530 potuisse
1009 2564 1064 2841 affirmans3
1024 2900 1068 3064 tamen

911 1380 944 1478 non
914 1513 962 1669 solum
900 1705 964 1949 patienter
920 1981 969 2083 fert
922 2117 977 2479 criminationes
931 2524 984 2738 hominis
940 2773 991 2919 animi
944 2954 979 3065 cor-

816 1380 881 1617 porisque
834 1651 884 1906 doloribus
830 1940 892 2244 exacerbati,
846 2290 896 2379 sed
848 2427 898 2575 etiam
853 2608 907 2885 humaniter
864 2918 912 3066 mise-

752 1383 796 1521 ratur
754 1555 797 1605 et
755 1637 801 1838 domum
756 1873 789 2011 suam
759 2056 814 2398 moribundum
767 2443 818 2642 abducit
759 2666 824 2744 *)‚
780 2798 830 2942 simul
786 2988 833 3067 in-

620 1444 672 1481 *)
625 1512 676 1856 Valckenarius,
622 1889 665 2024 quum
638 2058 682 2169 vitia
629 2210 672 2343 quam
634 2387 691 2583 plurima
640 2614 696 2846 quaereret
660 2887 701 2929 in
666 2968 694 3066 car-

549 1526 602 1657 mine,
549 1688 604 1804 quod
549 1831 606 2031 spurium
567 2062 597 2159 esse
570 2187 613 2270 sibi
559 2306 617 2614 persuaserat,
579 2657 625 2778 nulla
589 2807 616 2887 non
594 2918 632 3064 coutu-
