5010 3336
3908 2162 3965 2281 212

3773 1376 3823 1666 inferiorem
3774 1717 3807 1828 esse
3770 1875 3822 2162 iudicaverit
3769 2197 3802 2285 sua
3768 2321 3818 2609 mortalibus
3764 2647 3813 2868 omnibus
3746 2904 3811 3061 impe-

3694 1375 3741 1514 randi
3680 1549 3743 1835 cupiditate.
3692 1906 3740 1969 Et
3691 2003 3738 2157 sensit
3691 2190 3738 2320 idem
3673 2359 3737 2651 Euripides,
3686 2689 3718 2798 cnm
3670 2837 3731 3057 Atreum,

3600 1374 3646 1544 regem
3599 1594 3661 1985 potentissimum
3596 2038 3658 2422 dominandique
3592 2475 3655 2877 cupidissimum,
3602 2948 3634 3057 cum

3519 1377 3583 1622 Thyeste,
3533 1658 3581 1812 altero
3515 1850 3580 2093 Telepho,
3515 2132 3572 2449 componeret
3516 2472 3576 2555 ita,
3528 2592 3569 2646 ut
3526 2666 3574 2843 eodem
3523 2870 3567 3060 utrum-

3440 1371 3487 1468 que
3454 1504 3502 1718 studium
3452 1765 3500 1913 animi
3451 1960 3499 2127 habitu
3450 2163 3496 2248 niti
3446 2282 3496 2583 ostenderet.
3447 2654 3494 2737 Sic
3428 2771 3493 3056 Euripides,

3358 1373 3423 1502 quod
3374 1540 3417 1617 est
3356 1650 3405 1936 magnorum
3355 1972 3418 2296 ingeniorum,
3355 2334 3401 2458 quae
3352 2494 3411 2694 postera
3365 2730 3412 2929 demum
3363 2973 3395 3056 ac-

3294 1371 3337 1476 tate
3294 1509 3341 1587 vel
3294 1622 3341 1670 in
3290 1706 3340 1981 eruditione
3291 2016 3337 2093 vel
3290 2128 3337 2177 in
3289 2211 3337 2307 vita
3287 2336 3330 2568 eventura
3277 2601 3329 2754 erant,
3284 2791 3327 2956 mente
3284 2982 3330 3057 di-

3213 1371 3261 1483 vina
3197 1517 3261 1799 anticipavit
3211 1853 3253 1903 et
3195 1952 3257 2090 quasi
3209 2143 3256 2241 dux
3208 2277 3256 2439 sactus
3207 2476 3249 2553 est
3206 2588 3255 2841 hominum
3203 2879 3251 3055 studiis

3134 1369 3181 1430 ad
3134 1468 3166 1656 summa
3118 1692 3180 2006 enitentibuS,
3130 2043 3177 2216 similis
3113 2250 3176 2357 ipse
3112 2384 3177 2625 Telepho,
3111 2664 3172 2745 qui
3125 2772 3172 2831 ad
3124 2856 3173 3054 Troiam

3036 1369 3101 1741 expugnandam
3036 1778 3098 2152 proficiscentes
3049 2189 3097 2251 de
3048 2286 3095 2407 locis
3030 2443 3095 2800 itineribusque
3039 2840 3090 3054 edocuit.

2973 1369 3022 1412 Ο
2957 1448 3020 1667 iniquam
2969 1706 3019 2096 criminationem
2958 2133 3001 2320 eorum,
2952 2357 3014 2436 qui
2966 2472 2998 2714 summum
2949 2749 3006 2947 poetam
2962 2979 3011 3055 in-

2893 1366 2940 1513 fimae
2877 1546 2939 1679 plebi
2891 1712 2940 1952 adulando
2889 1987 2938 2183 laudem
2888 2217 2929 2265 et
2887 2288 2935 2506 savorem
2870 2540 2927 2767 captasse
2882 2793 2932 3052 accusant!

2813 1365 2861 1454 Ille
2812 1501 2844 1619 vero
2796 1665 2843 1986 quaecunque
2809 2031 2856 2241 maxima
2808 2288 2850 2336 et
2791 2383 2854 2668 gravissima
2806 2714 2852 2762 in
2802 2798 2851 3052 hominum

2727 1365 2781 1485 vita,
2734 1522 2780 1569 in
2732 1603 2778 1751 rebus
2715 1787 2778 1960 gestis,
2731 1996 2778 2046 in
2714 2079 2776 2383 reipublicae
2716 2417 2774 2854 administratione,
2723 2892 2770 2940 in
2724 2972 2754 3050 ar-

2654 1364 2702 1488 tium
2653 1525 2701 1698 studiis
2644 1720 2663 1733 ‚
2652 1782 2698 1832 in
2635 1883 2699 2196 philosophia
2635 2232 2692 2377 atque
2647 2413 2696 2687 eruditione
2644 2719 2693 2912 inerant
2644 2946 2675 3048 am-

2558 1363 2621 1657 plectendo,
2573 1705 2615 1754 et
2572 1799 2619 2057 verissimo
2570 2105 2618 2282 iudicio
2569 2319 2601 2413 non
2568 2451 2614 2610 minus
2553 2648 2598 2733 ea,
2550 2784 2597 2908 qnae
2564 2953 2611 3050 iam

2493 1364 2535 1476 nata
2493 1512 2536 1561 et
2492 1597 2534 1932 consummata
2478 1970 2533 2122 erant,
2474 2160 2521 2306 quam
2475 2342 2519 2415 ea,
2472 2451 2519 2593 quae,
2485 2628 2533 2842 nondum
2471 2871 2533 3052 adulta,

2398 1363 2460 1503 quasi
2396 1537 2460 1901 germinabant,
2409 1952 2456 2217 aestimans
2398 2239 2421 2254 ,
2407 2304 2450 2438 tanta
2404 2471 2453 2794 admiratione
2404 2830 2436 3051 summos

2317 1362 2380 1657 infimosque
2319 1692 2379 1895 affecit,
2330 1947 2373 2079 tanta
2327 2129 2376 2457 delectatione
2326 2503 2368 2553 et
2310 2599 2372 2678 qni
2308 2725 2371 2953 legebant
2323 2998 2367 3049 et

2237 1362 2299 1445 qui
2237 1480 2299 1768 spectabant
2235 1804 2282 1953 opera
2250 1978 2281 2062 sua
2238 2088 2295 2264 tenuit,
2246 2302 2290 2357 ut
2229 2378 2293 2601 proxime
2243 2628 2291 2843 omnium
2228 2881 2285 3048 pocta-

2172 1360 2203 1471 rum
2174 1506 2220 1565 ad
2171 1601 2219 1874 Homerum
2168 1910 2216 2204 auctoritate
2167 2240 2210 2291 ct
2151 2326 2211 2476 gratia
2164 2512 2209 2784 accessisse
2163 2808 2211 3047 videatur.

2092 1360 2140 1584 Alterum
2076 1622 2140 1980 Aristophanes
2074 2016 2138 2241 Telepho
2086 2293 2132 2477 crimen
2071 2526 2132 2759 intendit,
2068 2806 2131 2936 quod
2083 2983 2130 3048 sit

1997 1360 2060 1678 προςαιτῶν,
1996 1715 2060 2003 στωμύλος,
1998 2042 2060 2216 δεινὸς
1992 2250 2057 2417 λέγειν
1992 2450 2054 2517 *).
2004 2588 2050 2840 Habemus
2002 2877 2046 3047 ancto-

1919 1360 1964 1495 rem,
1932 1533 1963 1560 a
1916 1608 1963 1706 qno
1929 1759 1978 1990 instructi
1928 2026 1975 2151 hanc
1912 2188 1959 2382 quoque
1926 2418 1974 2639 iniuriam
1909 2678 1972 3043 propulsemus.

1851 1360 1900 1487 Nam
1838 1521 1899 1774 Horatius,
1850 1812 1893 1862 et
1848 1896 1896 2037 testis
1832 2090 1895 2508 locupletissimus
1846 2545 1887 2595 et
1844 2630 1892 2778 iudex
1843 2816 1891 3046 sinceris-

1759 1360 1819 1547 simus,
1770 1598 1802 1693 non
1770 1741 1817 1898 solum
1768 1948 1800 2042 non
1752 2091 1814 2285 indigua
1751 2323 1813 2572 tragoedia
1765 2608 1797 2721 csse
1765 2757 1811 2938 indicat
1752 2973 1795 3046 ea,

1676 1359 1723 1485 quae
1690 1521 1719 1548 a
1674 1582 1738 1809 Telepho
1672 1844 1736 2097 Euripidis
1673 2142 1733 2394 dicantur,
1686 2460 1732 2546 scd
1685 2609 1731 2754 etiam
1670 2818 1726 3045 tanquam

1595 1358 1658 1630 exemplari
1608 1664 1656 1898 orationis
1606 1934 1654 2082 rebus
1604 2117 1653 2518 accommodatae
1605 2553 1652 2644 hac
1589 2681 1652 2784 ipsa
1587 2834 1653 3046 Telephi

1517 1360 1563 1573 persona
1527 1609 1576 1790 utitur:

1438 1490 1496 1605 „Et
1431 1641 1494 1876 tragicus
1426 1906 1492 2211 plerumque
1444 2248 1492 2383 dolel
1442 2421 1473 2653 sermone
1424 2681 1489 2915 pedestri

1351 1498 1417 1839 Telephus
1365 1875 1406 1925 et
1354 1963 1412 2229 Peleu-5,
1362 2279 1394 2391 cum
1345 2430 1393 2696 pauper
1362 2744 1402 2803 el
1360 2854 1406 3045 ea'sul

1265 2217 1324 2432 uterque

1207 1489 1258 1703 Proiicit
1188 1743 1252 1999 ampullas
1204 2036 1245 2082 et
1184 2120 1250 2505 sesquipedalia
1199 2539 1251 2710 verba,

1131 1488 1179 1551 S'z‘
1128 1587 1168 1732 curat
1126 1772 1157 1855 cor
1108 1889 1168 2176 spectantis
1106 2210 1168 2446 tetigisse
1105 2480 1168 2704 querela.

1050 1492 1099 1615 Non
1047 1645 1093 1773 saltis*
1046 1810 1085 1882 est
1028 1917 1090 2105 pulcra
1043 2145 1073 2254 esse
1026 2284 1083 2564 poemata:
1041 2602 1089 2777 dulcia
1027 2810 1079 2978 sumo,

970 1485 1020 1562 Et
949 1598 1001 1899 quocunque
962 1932 1010 2106 volent
961 2143 1009 2371 animum
962 2408 1010 2661 auditoris
943 2701 997 2912 agunto,

782 1410 835 1458 ³⁸²)
793 1488 835 1610 Adde
792 1631 835 1744 Nub.
792 1766 835 1875 922:
789 1908 834 1956 ἐκ
773 1986 826 2206 πηριδίου
774 2238 830 2420 γνώμας
772 2450 830 2633 τρώγων
778 2667 827 3035 Πανδελετείους.

724 1492 750 1591 cum
721 1624 762 1803 scholiis
721 1835 762 1929 cius
716 1960 758 2060 loci.
