<?xml version="1.0" encoding="UTF-8"?>
<!DOCTYPE html PUBLIC "-//W3C//DTD XHTML 1.0 Transitional//EN"
    "http://www.w3.org/TR/xhtml1/DTD/xhtml1-transitional.dtd">
<html xmlns="http://www.w3.org/1999/xhtml" xml:lang="en" lang="en">
 <head>
  <title>
</title>
<meta http-equiv="Content-Type" content="text/html;charset=utf-8" />
  <meta name='ocr-system' content='tesseract 3.04.00' />
  <meta name='ocr-capabilities' content='ocr_page ocr_carea ocr_par ocr_line ocrx_word'/>
</head>
<body>
  <div class='ocr_page' id='page_1' title='image "./euripidesrestitu00hartuoft_raw_0123.png"; bbox 0 0 5010 3336; ppageno 0'>
   <div class='ocr_carea' id='block_1_1' title="bbox 1180 3331 3189 3336">
    <p class='ocr_par' dir='ltr' id='par_1_1' title="bbox 1180 3331 3189 3336">
     <span class='ocr_line' id='line_1_1' title="bbox 1180 3331 3189 3336; textangle 90"><span class='ocrx_word' id='word_1_1' title='bbox 1180 3331 3189 3336; x_wconf 95' lang='lat' dir='ltr'> </span> 
     </span>
    </p>
   </div>
   <div class='ocr_carea' id='block_1_2' title="bbox 2425 3230 2455 3285">
    <p class='ocr_par' dir='ltr' id='par_1_2' title="bbox 2422 3230 2455 3319">
     <span class='ocr_line' id='line_1_2' title="bbox 2425 3230 2455 3285; textangle 90"><span class='ocrx_word' id='word_1_2' title='bbox 2425 3230 2455 3285; x_wconf 57' lang='lat' dir='ltr'>{M</span> 
     </span>
    </p>
   </div>
   <div class='ocr_carea' id='block_1_3' title="bbox 2574 3230 2697 3320">
    <p class='ocr_par' dir='ltr' id='par_1_3' title="bbox 2574 3230 2697 3320">
     <span class='ocr_line' id='line_1_3' title="bbox 2574 3230 2617 3320; textangle 90"><span class='ocrx_word' id='word_1_3' title='bbox 2607 3316 2612 3320; x_wconf 25' lang='grc' dir='ltr'><em>Α</em></span> <span class='ocrx_word' id='word_1_4' title='bbox 2574 3230 2617 3294; x_wconf 54' lang='grc' dir='ltr'>εἰη]</span> 
     </span>
     <span class='ocr_line' id='line_1_4' title="bbox 2663 3230 2697 3293; textangle 90"><span class='ocrx_word' id='word_1_5' title='bbox 2668 3278 2694 3293; x_wconf 70' lang='lat'>²..</span> <span class='ocrx_word' id='word_1_6' title='bbox 2663 3230 2697 3252; x_wconf 67' lang='lat' dir='ltr'>ct</span> 
     </span>
    </p>
   </div>
   <div class='ocr_carea' id='block_1_4' title="bbox 2748 3232 2777 3301">
    <p class='ocr_par' dir='ltr' id='par_1_4' title="bbox 2748 3232 2777 3301">
     <span class='ocr_line' id='line_1_5' title="bbox 2748 3232 2777 3301; textangle 90"><span class='ocrx_word' id='word_1_7' title='bbox 2773 3300 2777 3301; x_wconf 72' lang='grc'>,</span> <span class='ocrx_word' id='word_1_8' title='bbox 2748 3232 2777 3271; x_wconf 66' lang='lat'>¹¹1⁴]</span> 
     </span>
    </p>
   </div>
   <div class='ocr_carea' id='block_1_5' title="bbox 2813 3228 2858 3294">
    <p class='ocr_par' dir='ltr' id='par_1_5' title="bbox 2813 3228 2858 3294">
     <span class='ocr_line' id='line_1_6' title="bbox 2813 3228 2858 3294; textangle 90"><span class='ocrx_word' id='word_1_9' title='bbox 2813 3228 2858 3294; x_wconf 57' lang='lat' dir='ltr'>Pm-</span> 
     </span>
    </p>
   </div>
   <div class='ocr_carea' id='block_1_6' title="bbox 1051 2131 1107 2247">
    <p class='ocr_par' dir='ltr' id='par_1_6' title="bbox 1051 2131 1107 2247">
     <span class='ocr_line' id='line_1_7' title="bbox 1051 2131 1107 2247; textangle 90"><span class='ocrx_word' id='word_1_10' title='bbox 1051 2131 1107 2247; x_wconf 83' lang='lat'>105</span> 
     </span>
    </p>
   </div>
   <div class='ocr_carea' id='block_1_7' title="bbox 1185 1322 4058 3018">
    <p class='ocr_par' dir='ltr' id='par_1_7' title="bbox 1185 1322 4058 3018">
     <span class='ocr_line' id='line_1_8' title="bbox 1185 1356 1266 3016; textangle 90"><span class='ocrx_word' id='word_1_11' title='bbox 1199 2958 1253 3016; x_wconf 76' lang='grc' dir='ltr'>ἐν</span> <span class='ocrx_word' id='word_1_12' title='bbox 1199 2831 1266 2933; x_wconf 77' lang='grc' dir='ltr'>γὰρ</span> <span class='ocrx_word' id='word_1_13' title='bbox 1202 2699 1260 2809; x_wconf 84' lang='grc' dir='ltr'><em>τοῖς</em></span> <span class='ocrx_word' id='word_1_14' title='bbox 1197 2468 1264 2673; x_wconf 83' lang='grc' dir='ltr'><em>Κρησὶν</em></span> <span class='ocrx_word' id='word_1_15' title='bbox 1190 2226 1260 2439; x_wconf 78' lang='grc' dir='ltr'><em>Ἴκαρον</em></span> <span class='ocrx_word' id='word_1_16' title='bbox 1194 1850 1260 2197; x_wconf 84' lang='grc' dir='ltr'><em>μονῳδοῦντα</em></span> <span class='ocrx_word' id='word_1_17' title='bbox 1191 1599 1257 1819; x_wconf 81' lang='grc' dir='ltr'><em>ἐποίησε.</em></span> <span class='ocrx_word' id='word_1_18' title='bbox 1217 1502 1225 1560; x_wconf 90' lang='grc'><strong>-</strong></span> <span class='ocrx_word' id='word_1_19' title='bbox 1185 1356 1238 1464; x_wconf 83' lang='grc' dir='ltr'>Καὶ</span> 
     </span>
     <span class='ocr_line' id='line_1_9' title="bbox 1271 1358 1346 3017; textangle 90"><span class='ocrx_word' id='word_1_20' title='bbox 1282 2963 1333 3017; x_wconf 80' lang='grc' dir='ltr'>οἱ</span> <span class='ocrx_word' id='word_1_21' title='bbox 1281 2838 1346 2931; x_wconf 84' lang='grc' dir='ltr'>μὲν</span> <span class='ocrx_word' id='word_1_22' title='bbox 1281 2733 1339 2803; x_wconf 82' lang='grc' dir='ltr'>εἰς</span> <span class='ocrx_word' id='word_1_23' title='bbox 1277 2604 1345 2699; x_wconf 73' lang='grc' dir='ltr'>τὴν</span> <span class='ocrx_word' id='word_1_24' title='bbox 1275 2362 1341 2567; x_wconf 84' lang='grc' dir='ltr'><em>Ἰκάρου</em></span> <span class='ocrx_word' id='word_1_25' title='bbox 1274 2061 1340 2329; x_wconf 78' lang='grc' dir='ltr'><em>μονῳδίαν</em></span> <span class='ocrx_word' id='word_1_26' title='bbox 1272 1958 1324 2015; x_wconf 82' lang='grc' dir='ltr'>ἐν</span> <span class='ocrx_word' id='word_1_27' title='bbox 1276 1803 1332 1912; x_wconf 87' lang='grc' dir='ltr'><em>τοῖς</em></span> <span class='ocrx_word' id='word_1_28' title='bbox 1271 1565 1338 1757; x_wconf 84' lang='grc' dir='ltr'><em>Κρησί·</em></span> <span class='ocrx_word' id='word_1_29' title='bbox 1273 1358 1333 1516; x_wconf 76' lang='grc' dir='ltr'><em>θρα-</em></span> 
     </span>
     <span class='ocr_line' id='line_1_10' title="bbox 1350 1355 1427 3016; textangle 90"><span class='ocrx_word' id='word_1_30' title='bbox 1362 2720 1427 3016; x_wconf 87' lang='grc' dir='ltr'><em>σύτερον</em></span> <span class='ocrx_word' id='word_1_31' title='bbox 1359 2547 1426 2673; x_wconf 79' lang='grc' dir='ltr'>γὰρ</span> <span class='ocrx_word' id='word_1_32' title='bbox 1358 2306 1408 2498; x_wconf 85' lang='grc' dir='ltr'><em>δοκεῖ</em></span> <span class='ocrx_word' id='word_1_33' title='bbox 1350 2086 1405 2256; x_wconf 83' lang='grc' dir='ltr'><em>εἶναι</em></span> <span class='ocrx_word' id='word_1_34' title='bbox 1354 1977 1404 2045; x_wconf 88' lang='grc' dir='ltr'>τὸ</span> <span class='ocrx_word' id='word_1_35' title='bbox 1352 1556 1417 1933; x_wconf 74' lang='grc' dir='ltr'><em>πρόςωπον.</em></span> <span class='ocrx_word' id='word_1_36' title='bbox 1352 1355 1412 1487; x_wconf 74' lang='lat' dir='ltr'>Quo-</span> 
     </span>
     <span class='ocr_line' id='line_1_11' title="bbox 1430 1354 1495 3018; textangle 90"><span class='ocrx_word' id='word_1_37' title='bbox 1445 2871 1492 3018; x_wconf 85' lang='lat' dir='ltr'><strong>modo</strong></span> <span class='ocrx_word' id='word_1_38' title='bbox 1444 2616 1491 2810; x_wconf 84' lang='lat' dir='ltr'>tandem</span> <span class='ocrx_word' id='word_1_39' title='bbox 1437 2219 1495 2558; x_wconf 65' lang='lat' dir='ltr'>audac-iim,</span> <span class='ocrx_word' id='word_1_40' title='bbox 1437 2056 1484 2150; x_wconf 88' lang='lat' dir='ltr'>nisi</span> <span class='ocrx_word' id='word_1_41' title='bbox 1435 1901 1491 2006; x_wconf 80' lang='lat' dir='ltr'>ille,</span> <span class='ocrx_word' id='word_1_42' title='bbox 1438 1790 1482 1844; x_wconf 84' lang='lat' dir='ltr'>ut</span> <span class='ocrx_word' id='word_1_43' title='bbox 1434 1571 1480 1731; x_wconf 78' lang='lat' dir='ltr'>Ovidii</span> <span class='ocrx_word' id='word_1_44' title='bbox 1430 1354 1478 1514; x_wconf 80' lang='lat' dir='ltr'>verbis</span> 
     </span>
     <span class='ocr_line' id='line_1_12' title="bbox 1510 1350 1587 3015; textangle 90"><span class='ocrx_word' id='word_1_45' title='bbox 1528 2893 1581 3015; x_wconf 79' lang='lat' dir='ltr'>utar,</span> <span class='ocrx_word' id='word_1_46' title='bbox 1523 2653 1587 2851; x_wconf 76' lang='lat' dir='ltr'>magnis</span> <span class='ocrx_word' id='word_1_47' title='bbox 1518 2417 1567 2608; x_wconf 66' lang='lat' dir='ltr'>excidit</span> <span class='ocrx_word' id='word_1_48' title='bbox 1518 2209 1564 2381; x_wconf 73' lang='lat' dir='ltr'>ausis?</span> <span class='ocrx_word' id='word_1_49' title='bbox 1517 2072 1564 2142; x_wconf 87' lang='lat' dir='ltr'>De</span> <span class='ocrx_word' id='word_1_50' title='bbox 1515 1761 1578 2026; x_wconf 80' lang='lat' dir='ltr'>Pasiphaes</span> <span class='ocrx_word' id='word_1_51' title='bbox 1519 1557 1559 1714; x_wconf 87' lang='lat' dir='ltr'>autem</span> <span class='ocrx_word' id='word_1_52' title='bbox 1510 1350 1573 1520; x_wconf 89' lang='lat' dir='ltr'>prodi-</span> 
     </span>
     <span class='ocr_line' id='line_1_13' title="bbox 1588 1350 1666 3018; textangle 90"><span class='ocrx_word' id='word_1_53' title='bbox 1602 2884 1664 3018; x_wconf 85' lang='lat' dir='ltr'>giosa</span> <span class='ocrx_word' id='word_1_54' title='bbox 1603 2607 1666 2832; x_wconf 86' lang='lat' dir='ltr'>cupidine</span> <span class='ocrx_word' id='word_1_55' title='bbox 1598 2337 1660 2547; x_wconf 81' lang='lat' dir='ltr'>apertius</span> <span class='ocrx_word' id='word_1_56' title='bbox 1597 2133 1644 2279; x_wconf 85' lang='lat' dir='ltr'>docet</span> <span class='ocrx_word' id='word_1_57' title='bbox 1595 1847 1642 2076; x_wconf 86' lang='lat' dir='ltr'>Libanius</span> <span class='ocrx_word' id='word_1_58' title='bbox 1589 1662 1654 1790; x_wconf 79' lang='grc' dir='ltr'><em>ύπὲρ</em></span> <span class='ocrx_word' id='word_1_59' title='bbox 1588 1350 1652 1617; x_wconf 79' lang='grc' dir='ltr'><em>ὀρχηστῶν</em></span> 
     </span>
     <span class='ocr_line' id='line_1_14' title="bbox 1668 1349 1745 3017; textangle 90"><span class='ocrx_word' id='word_1_60' title='bbox 1679 2956 1730 3017; x_wconf 90' lang='grc' dir='ltr'>Τ.</span> <span class='ocrx_word' id='word_1_61' title='bbox 1682 2837 1729 2919; x_wconf 88' lang='grc' dir='ltr'><strong>ΙΙΙ.</strong></span> <span class='ocrx_word' id='word_1_62' title='bbox 1699 2760 1745 2805; x_wconf 88' lang='lat' dir='ltr'>p.</span> <span class='ocrx_word' id='word_1_63' title='bbox 1684 2608 1727 2729; x_wconf 75' lang='lat'>375:</span> <span class='ocrx_word' id='word_1_64' title='bbox 1673 2428 1739 2559; x_wconf 81' lang='grc' dir='ltr'><em>λέγω</em></span> <span class='ocrx_word' id='word_1_65' title='bbox 1674 2284 1724 2392; x_wconf 88' lang='grc' dir='ltr'><em>δεῖν</em></span> <span class='ocrx_word' id='word_1_66' title='bbox 1672 2164 1725 2252; x_wconf 75' lang='grc' dir='ltr'>καὶ</span> <span class='ocrx_word' id='word_1_67' title='bbox 1703 2070 1709 2132; x_wconf 80' lang='lat'>-—</span> <span class='ocrx_word' id='word_1_68' title='bbox 1674 1738 1723 2035; x_wconf 75' lang='grc' dir='ltr'><em>κεκλεῖσθαι</em></span> <span class='ocrx_word' id='word_1_69' title='bbox 1672 1595 1729 1705; x_wconf 84' lang='grc' dir='ltr'><em>τοῖς</em></span> <span class='ocrx_word' id='word_1_70' title='bbox 1668 1349 1730 1565; x_wconf 79' lang='grc' dir='ltr'><em>ὑποκρι-</em></span> 
     </span>
     <span class='ocr_line' id='line_1_15' title="bbox 1747 1345 1821 3017; textangle 90"><span class='ocrx_word' id='word_1_71' title='bbox 1762 2904 1819 3017; x_wconf 86' lang='grc' dir='ltr'><em>ταῖς</em></span> <span class='ocrx_word' id='word_1_72' title='bbox 1761 2811 1810 2869; x_wconf 85' lang='grc' dir='ltr'>τὸ</span> <span class='ocrx_word' id='word_1_73' title='bbox 1756 2506 1821 2763; x_wconf 68' lang='grc' dir='ltr'><em>θέατρον,</em></span> <span class='ocrx_word' id='word_1_74' title='bbox 1755 2364 1805 2451; x_wconf 78' lang='grc' dir='ltr'>ἵνα</span> <span class='ocrx_word' id='word_1_75' title='bbox 1752 2259 1820 2330; x_wconf 81' lang='grc' dir='ltr'>μὴ</span> <span class='ocrx_word' id='word_1_76' title='bbox 1753 1945 1820 2214; x_wconf 77' lang='grc' dir='ltr'><em>τραγῳδὸς</em></span> <span class='ocrx_word' id='word_1_77' title='bbox 1750 1672 1811 1912; x_wconf 83' lang='grc' dir='ltr'><em>εἰςελθὼν</em></span> <span class='ocrx_word' id='word_1_78' title='bbox 1747 1345 1812 1635; x_wconf 75' lang='grc' dir='ltr'><em>Πασιφάην</em></span> 
     </span>
     <span class='ocr_line' id='line_1_16' title="bbox 1827 1346 1906 3017; textangle 90"><span class='ocrx_word' id='word_1_79' title='bbox 1840 2743 1906 3017; x_wconf 78' lang='grc' dir='ltr'><em>μιμήσεται</em></span> <span class='ocrx_word' id='word_1_80' title='bbox 1838 2582 1904 2699; x_wconf 76' lang='grc' dir='ltr'>τὴν</span> <span class='ocrx_word' id='word_1_81' title='bbox 1835 2100 1898 2539; x_wconf 77' lang='grc' dir='ltr'><em>ἐξοκείλασαν</em></span> <span class='ocrx_word' id='word_1_82' title='bbox 1833 1963 1894 2057; x_wconf 84' lang='grc' dir='ltr'>εἰς</span> <span class='ocrx_word' id='word_1_83' title='bbox 1833 1544 1883 1917; x_wconf 78' lang='grc' dir='ltr'><em>άλλόκοτον</em></span> <span class='ocrx_word' id='word_1_84' title='bbox 1827 1346 1893 1492; x_wconf 72' lang='grc' dir='ltr'><em>ἔρω·</em></span> 
     </span>
     <span class='ocr_line' id='line_1_17' title="bbox 1908 1343 1984 3016; textangle 90"><span class='ocrx_word' id='word_1_85' title='bbox 1920 2854 1984 3016; x_wconf 76' lang='grc' dir='ltr'><em>τα*&gt;.</em></span> <span class='ocrx_word' id='word_1_86' title='bbox 1922 2671 1969 2787; x_wconf 88' lang='lat' dir='ltr'>ltem</span> <span class='ocrx_word' id='word_1_87' title='bbox 1922 2590 1969 2637; x_wconf 90' lang='lat' dir='ltr'>in</span> <span class='ocrx_word' id='word_1_88' title='bbox 1920 2432 1983 2556; x_wconf 78' lang='lat' dir='ltr'>apol.</span> <span class='ocrx_word' id='word_1_89' title='bbox 1919 2208 1966 2395; x_wconf 84' lang='lat' dir='ltr'>Socrat.</span> <span class='ocrx_word' id='word_1_90' title='bbox 1934 2126 1980 2172; x_wconf 91' lang='lat' dir='ltr'>p.</span> <span class='ocrx_word' id='word_1_91' title='bbox 1919 1980 1965 2090; x_wconf 76' lang='lat'><strong>686.</strong></span> <span class='ocrx_word' id='word_1_92' title='bbox 1915 1859 1977 1943; x_wconf 83' lang='lat' dir='ltr'>(T.</span> <span class='ocrx_word' id='word_1_93' title='bbox 1914 1746 1961 1822; x_wconf 84' lang='lat'><em>111.</em></span> <span class='ocrx_word' id='word_1_94' title='bbox 1931 1660 1978 1709; x_wconf 87' lang='lat' dir='ltr'>p.</span> <span class='ocrx_word' id='word_1_95' title='bbox 1913 1492 1973 1623; x_wconf 82' lang='lat'><strong>64.):</strong></span> <span class='ocrx_word' id='word_1_96' title='bbox 1908 1343 1974 1439; x_wconf 82' lang='grc' dir='ltr'>οὐχ</span> 
     </span>
     <span class='ocr_line' id='line_1_18' title="bbox 1988 1343 2066 3015; textangle 90"><span class='ocrx_word' id='word_1_97' title='bbox 2000 2862 2066 3015; x_wconf 75' lang='grc' dir='ltr'><em>ὁρᾶτε</em></span> <span class='ocrx_word' id='word_1_98' title='bbox 2000 2736 2050 2829; x_wconf 89' lang='grc' dir='ltr'>τὸν</span> <span class='ocrx_word' id='word_1_99' title='bbox 1998 2543 2049 2701; x_wconf 83' lang='grc' dir='ltr'><em>Μίνω</em></span> <span class='ocrx_word' id='word_1_100' title='bbox 1995 2363 2048 2507; x_wconf 78' lang='grc' dir='ltr'><em>δεινὰ</em></span> <span class='ocrx_word' id='word_1_101' title='bbox 1996 2064 2062 2331; x_wconf 87' lang='grc' dir='ltr'><em>πάσχοντα</em></span> <span class='ocrx_word' id='word_1_102' title='bbox 1991 1947 2044 2029; x_wconf 76' lang='grc' dir='ltr'>ἐπὶ</span> <span class='ocrx_word' id='word_1_103' title='bbox 1996 1825 2060 1915; x_wconf 82' lang='grc' dir='ltr'>τῆς</span> <span class='ocrx_word' id='word_1_104' title='bbox 1994 1598 2057 1791; x_wconf 80' lang='grc' dir='ltr'><em>σκηνῆς</em></span> <span class='ocrx_word' id='word_1_105' title='bbox 1988 1477 2041 1564; x_wconf 78' lang='grc' dir='ltr'>καὶ</span> <span class='ocrx_word' id='word_1_106' title='bbox 1988 1343 2055 1440; x_wconf 81' lang='grc' dir='ltr'>τὴν</span> 
     </span>
     <span class='ocr_line' id='line_1_19' title="bbox 2068 1343 2144 3013; textangle 90"><span class='ocrx_word' id='word_1_107' title='bbox 2081 2840 2132 3013; x_wconf 83' lang='grc' dir='ltr'><em>οἰκίαν</em></span> <span class='ocrx_word' id='word_1_108' title='bbox 2079 2626 2130 2791; x_wconf 79' lang='grc' dir='ltr'><em>αὐτοῦ</em></span> <span class='ocrx_word' id='word_1_109' title='bbox 2078 2496 2129 2581; x_wconf 77' lang='grc' dir='ltr'>διὰ</span> <span class='ocrx_word' id='word_1_110' title='bbox 2082 2354 2129 2453; x_wconf 82' lang='grc' dir='ltr'>τοῦ</span> <span class='ocrx_word' id='word_1_111' title='bbox 2081 2228 2144 2320; x_wconf 76' lang='grc' dir='ltr'>τῆς</span> <span class='ocrx_word' id='word_1_112' title='bbox 2076 1911 2140 2192; x_wconf 78' lang='grc' dir='ltr'><em>Πασιφάης</em></span> <span class='ocrx_word' id='word_1_113' title='bbox 2070 1686 2136 1878; x_wconf 76' lang='grc' dir='ltr'><em>ἔρωτος</em></span> <span class='ocrx_word' id='word_1_114' title='bbox 2068 1596 2121 1652; x_wconf 78' lang='grc' dir='ltr'>ἐν</span> <span class='ocrx_word' id='word_1_115' title='bbox 2070 1343 2135 1561; x_wconf 83' lang='grc' dir='ltr'><em>αἰσχύνῃ</em></span> 
     </span>
     <span class='ocr_line' id='line_1_20' title="bbox 2148 1342 2228 3013; textangle 90"><span class='ocrx_word' id='word_1_116' title='bbox 2160 2631 2228 3013; x_wconf 67' lang='grc' dir='ltr'><em>γεγενημένηνς</em></span> <span class='ocrx_word' id='word_1_117' title='bbox 2163 2413 2210 2579; x_wconf 78' lang='grc' dir='ltr'><em>ταῦτα</em></span> <span class='ocrx_word' id='word_1_118' title='bbox 2158 2201 2223 2378; x_wconf 82' lang='grc' dir='ltr'><em>μέντοι</em></span> <span class='ocrx_word' id='word_1_119' title='bbox 2150 1943 2214 2169; x_wconf 81' lang='grc' dir='ltr'><em>πολλοὺς</em></span> <span class='ocrx_word' id='word_1_120' title='bbox 2154 1843 2204 1909; x_wconf 75' lang='grc' dir='ltr'>ἂν</span> <span class='ocrx_word' id='word_1_121' title='bbox 2152 1489 2215 1811; x_wconf 76' lang='grc' dir='ltr'><em>άνθρώπους</em></span> <span class='ocrx_word' id='word_1_122' title='bbox 2148 1342 2201 1456; x_wconf 79' lang='grc' dir='ltr'><em>ἔλα-</em></span> 
     </span>
     <span class='ocr_line' id='line_1_21' title="bbox 2230 1342 2308 3015; textangle 90"><span class='ocrx_word' id='word_1_123' title='bbox 2246 2900 2303 3015; x_wconf 75' lang='grc' dir='ltr'><em>θεν,</em></span> <span class='ocrx_word' id='word_1_124' title='bbox 2242 2832 2292 2875; x_wconf 84' lang='grc' dir='ltr'>εἰ</span> <span class='ocrx_word' id='word_1_125' title='bbox 2241 2742 2308 2811; x_wconf 77' lang='grc' dir='ltr'>μὴ</span> <span class='ocrx_word' id='word_1_126' title='bbox 2244 2452 2305 2724; x_wconf 82' lang='grc' dir='ltr'><em>πανταχοῦ</em></span> <span class='ocrx_word' id='word_1_127' title='bbox 2240 2338 2290 2431; x_wconf 86' lang='grc' dir='ltr'>τὸν</span> <span class='ocrx_word' id='word_1_128' title='bbox 2239 2156 2303 2317; x_wconf 80' lang='grc' dir='ltr'><em>λόγον</em></span> <span class='ocrx_word' id='word_1_129' title='bbox 2238 2077 2287 2131; x_wconf 79' lang='grc' dir='ltr'>αἱ</span> <span class='ocrx_word' id='word_1_130' title='bbox 2235 1778 2301 2062; x_wconf 69' lang='grc' dir='ltr'><em>τραγῳδίαι</em></span> <span class='ocrx_word' id='word_1_131' title='bbox 2233 1458 2298 1751; x_wconf 83' lang='grc' dir='ltr'><em>διέσπειραν</em></span> <span class='ocrx_word' id='word_1_132' title='bbox 2230 1342 2295 1443; x_wconf 79' lang='lat'><strong><em>**).</em></strong></span> 
     </span>
     <span class='ocr_line' id='line_1_22' title="bbox 2317 1339 2384 2881; textangle 90"><span class='ocrx_word' id='word_1_133' title='bbox 2324 2797 2372 2881; x_wconf 82' lang='lat' dir='ltr'>Sic</span> <span class='ocrx_word' id='word_1_134' title='bbox 2339 2528 2371 2749; x_wconf 82' lang='lat' dir='ltr'>caussam</span> <span class='ocrx_word' id='word_1_135' title='bbox 2323 2289 2383 2481; x_wconf 86' lang='lat' dir='ltr'>quidem</span> <span class='ocrx_word' id='word_1_136' title='bbox 2322 2079 2384 2243; x_wconf 85' lang='lat' dir='ltr'>plures</span> <span class='ocrx_word' id='word_1_137' title='bbox 2320 1774 2380 2041; x_wconf 84' lang='lat' dir='ltr'><strong>scriptores</strong></span> <span class='ocrx_word' id='word_1_138' title='bbox 2317 1339 2371 1739; x_wconf 87' lang='lat' dir='ltr'>commemorant,</span> 
     </span>
     <span class='ocr_line' id='line_1_23' title="bbox 2394 1338 2463 3011; textangle 90"><span class='ocrx_word' id='word_1_139' title='bbox 2408 2784 2452 3011; x_wconf 75' lang='lat' dir='ltr'>eventum</span> <span class='ocrx_word' id='word_1_140' title='bbox 2409 2589 2449 2751; x_wconf 86' lang='lat' dir='ltr'>autem</span> <span class='ocrx_word' id='word_1_141' title='bbox 2416 2329 2461 2565; x_wconf 84' lang='lat' dir='ltr'>casusque</span> <span class='ocrx_word' id='word_1_142' title='bbox 2414 1996 2463 2309; x_wconf 84' lang='lat' dir='ltr'>personarum</span> <span class='ocrx_word' id='word_1_143' title='bbox 2401 1770 2458 1964; x_wconf 88' lang='lat' dir='ltr'>praeter</span> <span class='ocrx_word' id='word_1_144' title='bbox 2394 1511 2441 1739; x_wconf 81' lang='lat' dir='ltr'>Malalam</span> <span class='ocrx_word' id='word_1_145' title='bbox 2407 1338 2440 1481; x_wconf 92' lang='lat' dir='ltr'>nemo</span> 
     </span>
     <span class='ocr_line' id='line_1_24' title="bbox 2474 1337 2539 3010; textangle 90"><span class='ocrx_word' id='word_1_146' title='bbox 2483 2780 2532 3010; x_wconf 79' lang='lat' dir='ltr'>ostendit.</span> <span class='ocrx_word' id='word_1_147' title='bbox 2482 2527 2528 2708; x_wconf 82' lang='lat' dir='ltr'>Omnes</span> <span class='ocrx_word' id='word_1_148' title='bbox 2482 2345 2534 2490; x_wconf 82' lang='lat' dir='ltr'>enim,</span> <span class='ocrx_word' id='word_1_149' title='bbox 2479 2104 2525 2309; x_wconf 86' lang='lat' dir='ltr'>aliorum</span> <span class='ocrx_word' id='word_1_150' title='bbox 2483 1816 2539 2068; x_wconf 87' lang='lat' dir='ltr'>poetarum</span> <span class='ocrx_word' id='word_1_151' title='bbox 2474 1446 2521 1782; x_wconf 88' lang='lat' dir='ltr'>auctoritatem</span> <span class='ocrx_word' id='word_1_152' title='bbox 2488 1337 2519 1415; x_wconf 90' lang='lat' dir='ltr'>se-</span> 
     </span>
     <span class='ocr_line' id='line_1_25' title="bbox 2550 1337 2627 3010; textangle 90"><span class='ocrx_word' id='word_1_153' title='bbox 2569 2788 2627 3010; x_wconf 86' lang='lat' dir='ltr'>quentes,</span> <span class='ocrx_word' id='word_1_154' title='bbox 2560 2485 2607 2753; x_wconf 85' lang='lat' dir='ltr'>Daedalum</span> <span class='ocrx_word' id='word_1_155' title='bbox 2560 2404 2605 2450; x_wconf 93' lang='lat' dir='ltr'>in</span> <span class='ocrx_word' id='word_1_156' title='bbox 2558 2184 2603 2369; x_wconf 76' lang='lat' dir='ltr'>viucula</span> <span class='ocrx_word' id='word_1_157' title='bbox 2556 1879 2603 2149; x_wconf 87' lang='lat' dir='ltr'>coniectum</span> <span class='ocrx_word' id='word_1_158' title='bbox 2569 1713 2612 1840; x_wconf 81' lang='lat' dir='ltr'>esse,</span> <span class='ocrx_word' id='word_1_159' title='bbox 2553 1499 2599 1675; x_wconf 89' lang='lat' dir='ltr'>deinde</span> <span class='ocrx_word' id='word_1_160' title='bbox 2550 1337 2597 1473; x_wconf 89' lang='lat' dir='ltr'>Pasi—</span> 
     </span>
     <span class='ocr_line' id='line_1_26' title="bbox 2632 1335 2708 3012; textangle 90"><span class='ocrx_word' id='word_1_161' title='bbox 2644 2858 2708 3012; x_wconf 87' lang='lat' dir='ltr'>phaes</span> <span class='ocrx_word' id='word_1_162' title='bbox 2656 2658 2703 2806; x_wconf 86' lang='lat' dir='ltr'>opera</span> <span class='ocrx_word' id='word_1_163' title='bbox 2640 2348 2686 2607; x_wconf 86' lang='lat' dir='ltr'>liberatum</span> <span class='ocrx_word' id='word_1_164' title='bbox 2651 2118 2699 2299; x_wconf 80' lang='lat' dir='ltr'>pennas</span> <span class='ocrx_word' id='word_1_165' title='bbox 2639 2020 2680 2069; x_wconf 86' lang='lat' dir='ltr'>et</span> <span class='ocrx_word' id='word_1_166' title='bbox 2633 1882 2679 1973; x_wconf 89' lang='lat' dir='ltr'>sibi</span> <span class='ocrx_word' id='word_1_167' title='bbox 2637 1781 2679 1832; x_wconf 89' lang='lat' dir='ltr'>et</span> <span class='ocrx_word' id='word_1_168' title='bbox 2632 1646 2677 1748; x_wconf 81' lang='lat' dir='ltr'>filio</span> <span class='ocrx_word' id='word_1_169' title='bbox 2646 1335 2678 1612; x_wconf 88' lang='lat' dir='ltr'>accommo-</span> 
     </span>
     <span class='ocr_line' id='line_1_27' title="bbox 2709 1333 2784 3010; textangle 90"><span class='ocrx_word' id='word_1_170' title='bbox 2724 2836 2782 3010; x_wconf 71' lang='lat' dir='ltr'>dasse,</span> <span class='ocrx_word' id='word_1_171' title='bbox 2722 2532 2784 2788; x_wconf 91' lang='lat' dir='ltr'>ipsumque</span> <span class='ocrx_word' id='word_1_172' title='bbox 2717 2290 2764 2497; x_wconf 90' lang='lat' dir='ltr'>salutem</span> <span class='ocrx_word' id='word_1_173' title='bbox 2714 2024 2777 2255; x_wconf 85' lang='lat' dir='ltr'>adeptum</span> <span class='ocrx_word' id='word_1_174' title='bbox 2728 1850 2770 1987; x_wconf 74' lang='lat' dir='ltr'>esse,</span> <span class='ocrx_word' id='word_1_175' title='bbox 2710 1616 2757 1801; x_wconf 85' lang='lat' dir='ltr'>Icarum</span> <span class='ocrx_word' id='word_1_176' title='bbox 2714 1419 2757 1581; x_wconf 90' lang='lat' dir='ltr'>autem</span> <span class='ocrx_word' id='word_1_177' title='bbox 2709 1333 2758 1383; x_wconf 87' lang='lat' dir='ltr'>in</span> 
     </span>
     <span class='ocr_line' id='line_1_28' title="bbox 2788 1332 2863 3009; textangle 90"><span class='ocrx_word' id='word_1_178' title='bbox 2818 2876 2850 3009; x_wconf 87' lang='lat' dir='ltr'>mare</span> <span class='ocrx_word' id='word_1_179' title='bbox 2801 2600 2863 2852; x_wconf 87' lang='lat' dir='ltr'>delapsum</span> <span class='ocrx_word' id='word_1_180' title='bbox 2797 2347 2844 2573; x_wconf 86' lang='lat' dir='ltr'>interisse</span> <span class='ocrx_word' id='word_1_181' title='bbox 2793 2078 2841 2317; x_wconf 88' lang='lat' dir='ltr'>referunt.</span> <span class='ocrx_word' id='word_1_182' title='bbox 2790 1750 2854 2015; x_wconf 83' lang='lat' dir='ltr'>Pasiphaes</span> <span class='ocrx_word' id='word_1_183' title='bbox 2794 1501 2852 1723; x_wconf 86' lang='lat' dir='ltr'>stuprum</span> <span class='ocrx_word' id='word_1_184' title='bbox 2788 1332 2836 1473; x_wconf 87' lang='lat' dir='ltr'>multi</span> 
     </span>
     <span class='ocr_line' id='line_1_29' title="bbox 2869 1334 2932 3009; textangle 90"><span class='ocrx_word' id='word_1_185' title='bbox 2886 2781 2931 3009; x_wconf 80' lang='lat' dir='ltr'>auctores</span> <span class='ocrx_word' id='word_1_186' title='bbox 2894 2635 2927 2729; x_wconf 92' lang='lat' dir='ltr'>non</span> <span class='ocrx_word' id='word_1_187' title='bbox 2879 2216 2925 2597; x_wconf 81' lang='lat' dir='ltr'>commemorant</span> <span class='ocrx_word' id='word_1_188' title='bbox 2877 1966 2929 2169; x_wconf 78' lang='lat' dir='ltr'>tantum,</span> <span class='ocrx_word' id='word_1_189' title='bbox 2870 1841 2918 1927; x_wconf 84' lang='lat' dir='ltr'>sed</span> <span class='ocrx_word' id='word_1_190' title='bbox 2870 1660 2916 1804; x_wconf 87' lang='lat' dir='ltr'>etiam</span> <span class='ocrx_word' id='word_1_191' title='bbox 2869 1334 2932 1624; x_wconf 78' lang='lat' dir='ltr'>explanant3</span> 
     </span>
     <span class='ocr_line' id='line_1_30' title="bbox 2948 1589 3020 3007; textangle 90"><span class='ocrx_word' id='word_1_192' title='bbox 2962 2918 3010 3007; x_wconf 83' lang='lat' dir='ltr'>sed</span> <span class='ocrx_word' id='word_1_193' title='bbox 2975 2723 3018 2883; x_wconf 67' lang='lat' dir='ltr'>nemo,</span> <span class='ocrx_word' id='word_1_194' title='bbox 2956 2555 3020 2686; x_wconf 86' lang='lat' dir='ltr'>quod</span> <span class='ocrx_word' id='word_1_195' title='bbox 2956 2354 3013 2519; x_wconf 85' lang='lat' dir='ltr'>sciam,</span> <span class='ocrx_word' id='word_1_196' title='bbox 2954 2024 3001 2318; x_wconf 84' lang='lat' dir='ltr'>mentionem</span> <span class='ocrx_word' id='word_1_197' title='bbox 2950 1871 2997 1990; x_wconf 81' lang='lat' dir='ltr'>facit</span> <span class='ocrx_word' id='word_1_198' title='bbox 2948 1589 3011 1836; x_wconf 83' lang='lat' dir='ltr'>supplicii.</span> 
     </span>
     <span class='ocr_line' id='line_1_31' title="bbox 3027 1332 3097 2871; textangle 90"><span class='ocrx_word' id='word_1_199' title='bbox 3041 2563 3089 2871; x_wconf 86' lang='lat' dir='ltr'>Structuram</span> <span class='ocrx_word' id='word_1_200' title='bbox 3034 2250 3097 2527; x_wconf 79' lang='lat' dir='ltr'>tragoediae</span> <span class='ocrx_word' id='word_1_201' title='bbox 3034 2169 3079 2216; x_wconf 92' lang='lat' dir='ltr'>in</span> <span class='ocrx_word' id='word_1_202' title='bbox 3036 1992 3078 2124; x_wconf 87' lang='lat' dir='ltr'>tanta</span> <span class='ocrx_word' id='word_1_203' title='bbox 3033 1895 3076 1945; x_wconf 87' lang='lat' dir='ltr'>et</span> <span class='ocrx_word' id='word_1_204' title='bbox 3027 1523 3087 1845; x_wconf 78' lang='lat' dir='ltr'>narrationis,</span> <span class='ocrx_word' id='word_1_205' title='bbox 3043 1332 3090 1478; x_wconf 85' lang='lat' dir='ltr'>quam</span> 
     </span>
     <span class='ocr_line' id='line_1_32' title="bbox 3108 1328 3185 3005; textangle 90"><span class='ocrx_word' id='word_1_206' title='bbox 3137 2859 3185 3005; x_wconf 88' lang='lat' dir='ltr'>supra</span> <span class='ocrx_word' id='word_1_207' title='bbox 3120 2547 3183 2823; x_wconf 77' lang='lat' dir='ltr'>posuimus,</span> <span class='ocrx_word' id='word_1_208' title='bbox 3115 2257 3163 2499; x_wconf 86' lang='lat' dir='ltr'>brevitate</span> <span class='ocrx_word' id='word_1_209' title='bbox 3116 2161 3159 2209; x_wconf 90' lang='lat' dir='ltr'>et</span> <span class='ocrx_word' id='word_1_210' title='bbox 3110 1737 3171 2117; x_wconf 81' lang='lat' dir='ltr'>fragmentorum</span> <span class='ocrx_word' id='word_1_211' title='bbox 3108 1445 3170 1690; x_wconf 85' lang='lat' dir='ltr'>paucitate</span> <span class='ocrx_word' id='word_1_212' title='bbox 3108 1328 3155 1410; x_wconf 80' lang='lat' dir='ltr'>vix</span> 
     </span>
     <span class='ocr_line' id='line_1_33' title="bbox 3186 1328 3265 3003; textangle 90"><span class='ocrx_word' id='word_1_213' title='bbox 3199 2740 3265 3003; x_wconf 75' lang='lat' dir='ltr'>suspicari,</span> <span class='ocrx_word' id='word_1_214' title='bbox 3197 2515 3245 2693; x_wconf 89' lang='lat' dir='ltr'>nedum</span> <span class='ocrx_word' id='word_1_215' title='bbox 3195 2205 3257 2462; x_wconf 80' lang='lat' dir='ltr'>explorare</span> <span class='ocrx_word' id='word_1_216' title='bbox 3191 2032 3240 2163; x_wconf 87' lang='lat' dir='ltr'>licet.</span> <span class='ocrx_word' id='word_1_217' title='bbox 3188 1890 3236 1963; x_wconf 90' lang='lat' dir='ltr'>De</span> <span class='ocrx_word' id='word_1_218' title='bbox 3188 1622 3251 1844; x_wconf 85' lang='lat' dir='ltr'>partibus</span> <span class='ocrx_word' id='word_1_219' title='bbox 3188 1482 3235 1585; x_wconf 91' lang='lat' dir='ltr'>eius</span> <span class='ocrx_word' id='word_1_220' title='bbox 3186 1328 3249 1447; x_wconf 87' lang='lat' dir='ltr'>quid</span> 
     </span>
     <span class='ocr_line' id='line_1_34' title="bbox 3264 1330 3337 3003; textangle 90"><span class='ocrx_word' id='word_1_221' title='bbox 3278 2683 3329 3003; x_wconf 86' lang='lat' dir='ltr'>coniectando</span> <span class='ocrx_word' id='word_1_222' title='bbox 3273 2192 3337 2657; x_wconf 83' lang='lat' dir='ltr'>interpretandoque</span> <span class='ocrx_word' id='word_1_223' title='bbox 3264 1976 3332 2169; x_wconf 83' lang='lat' dir='ltr'>assequi</span> <span class='ocrx_word' id='word_1_224' title='bbox 3268 1691 3331 1953; x_wconf 85' lang='lat' dir='ltr'>possimus,</span> <span class='ocrx_word' id='word_1_225' title='bbox 3267 1330 3330 1653; x_wconf 85' lang='lat' dir='ltr'>experiamur.</span> 
     </span>
     <span class='ocr_line' id='line_1_35' title="bbox 3346 1329 3419 2871; textangle 90"><span class='ocrx_word' id='word_1_226' title='bbox 3358 2761 3406 2871; x_wconf 89' lang='lat' dir='ltr'>Non</span> <span class='ocrx_word' id='word_1_227' title='bbox 3355 2564 3419 2727; x_wconf 85' lang='lat' dir='ltr'>potuit</span> <span class='ocrx_word' id='word_1_228' title='bbox 3352 2268 3414 2531; x_wconf 85' lang='lat' dir='ltr'>Euripides</span> <span class='ocrx_word' id='word_1_229' title='bbox 3355 2134 3396 2232; x_wconf 88' lang='lat' dir='ltr'>tam</span> <span class='ocrx_word' id='word_1_230' title='bbox 3349 1949 3395 2098; x_wconf 86' lang='lat' dir='ltr'>foedo</span> <span class='ocrx_word' id='word_1_231' title='bbox 3346 1695 3393 1911; x_wconf 83' lang='lat' dir='ltr'>facinore</span> <span class='ocrx_word' id='word_1_232' title='bbox 3347 1434 3409 1667; x_wconf 89' lang='lat' dir='ltr'>pollutam</span> <span class='ocrx_word' id='word_1_233' title='bbox 3346 1329 3394 1406; x_wconf 82' lang='lat' dir='ltr'>fe-</span> 
     </span>
     <span class='ocr_line' id='line_1_36' title="bbox 3426 1325 3495 3004; textangle 90"><span class='ocrx_word' id='word_1_234' title='bbox 3440 2822 3490 3004; x_wconf 89' lang='lat' dir='ltr'>minam</span> <span class='ocrx_word' id='word_1_235' title='bbox 3437 2743 3484 2789; x_wconf 87' lang='lat' dir='ltr'>in</span> <span class='ocrx_word' id='word_1_236' title='bbox 3450 2512 3482 2705; x_wconf 88' lang='lat' dir='ltr'>scenam</span> <span class='ocrx_word' id='word_1_237' title='bbox 3431 2185 3495 2477; x_wconf 77' lang='lat' dir='ltr'>producere,</span> <span class='ocrx_word' id='word_1_238' title='bbox 3428 2034 3489 2149; x_wconf 83' lang='lat' dir='ltr'>quin</span> <span class='ocrx_word' id='word_1_239' title='bbox 3426 1638 3473 1999; x_wconf 85' lang='lat' dir='ltr'>excusationem</span> <span class='ocrx_word' id='word_1_240' title='bbox 3426 1556 3471 1602; x_wconf 89' lang='lat' dir='ltr'>ei</span> <span class='ocrx_word' id='word_1_241' title='bbox 3431 1325 3487 1523; x_wconf 87' lang='lat' dir='ltr'>pararet</span> 
     </span>
     <span class='ocr_line' id='line_1_37' title="bbox 3504 1328 3579 3000; textangle 90"><span class='ocrx_word' id='word_1_242' title='bbox 3536 2863 3575 3000; x_wconf 85' lang='lat' dir='ltr'>eam,</span> <span class='ocrx_word' id='word_1_243' title='bbox 3532 2735 3579 2827; x_wconf 85' lang='lat' dir='ltr'>qua</span> <span class='ocrx_word' id='word_1_244' title='bbox 3515 2639 3561 2711; x_wconf 92' lang='lat' dir='ltr'>uti</span> <span class='ocrx_word' id='word_1_245' title='bbox 3513 2454 3560 2612; x_wconf 89' lang='lat' dir='ltr'>solent</span> <span class='ocrx_word' id='word_1_246' title='bbox 3526 2235 3567 2419; x_wconf 87' lang='lat' dir='ltr'>omnes,</span> <span class='ocrx_word' id='word_1_247' title='bbox 3508 2115 3570 2197; x_wconf 88' lang='lat' dir='ltr'>qui</span> <span class='ocrx_word' id='word_1_248' title='bbox 3506 1936 3552 2079; x_wconf 81' lang='lat' dir='ltr'>animi</span> <span class='ocrx_word' id='word_1_249' title='bbox 3504 1443 3567 1900; x_wconf 81' lang='lat' dir='ltr'>perturbationibuS,</span> <span class='ocrx_word' id='word_1_250' title='bbox 3521 1328 3553 1407; x_wconf 86' lang='lat' dir='ltr'>ra·-</span> 
     </span>
     <span class='ocr_line' id='line_1_38' title="bbox 3586 1325 3653 3001; textangle 90"><span class='ocrx_word' id='word_1_251' title='bbox 3600 2883 3648 3001; x_wconf 89' lang='lat' dir='ltr'>tioni</span> <span class='ocrx_word' id='word_1_252' title='bbox 3612 2754 3645 2849; x_wconf 85' lang='lat' dir='ltr'>non</span> <span class='ocrx_word' id='word_1_253' title='bbox 3594 2493 3650 2729; x_wconf 74' lang='lat' dir='ltr'>obnoxiis,</span> <span class='ocrx_word' id='word_1_254' title='bbox 3590 2264 3653 2458; x_wconf 89' lang='lat' dir='ltr'>impulsi</span> <span class='ocrx_word' id='word_1_255' title='bbox 3586 1923 3635 2232; x_wconf 87' lang='lat' dir='ltr'>committunt</span> <span class='ocrx_word' id='word_1_256' title='bbox 3600 1815 3639 1888; x_wconf 79' lang='lat' dir='ltr'>ea,</span> <span class='ocrx_word' id='word_1_257' title='bbox 3599 1651 3645 1775; x_wconf 84' lang='lat' dir='ltr'>quae</span> <span class='ocrx_word' id='word_1_258' title='bbox 3600 1516 3631 1629; x_wconf 89' lang='lat' dir='ltr'>sana</span> <span class='ocrx_word' id='word_1_259' title='bbox 3587 1325 3632 1491; x_wconf 87' lang='lat' dir='ltr'>mente</span> 
     </span>
     <span class='ocr_line' id='line_1_39' title="bbox 3664 1324 3737 3000; textangle 90"><span class='ocrx_word' id='word_1_260' title='bbox 3679 2759 3729 3000; x_wconf 84' lang='lat' dir='ltr'>redeunte</span> <span class='ocrx_word' id='word_1_261' title='bbox 3674 2632 3737 2727; x_wconf 90' lang='lat' dir='ltr'>ipsi</span> <span class='ocrx_word' id='word_1_262' title='bbox 3669 2169 3719 2599; x_wconf 87' lang='lat' dir='ltr'>vehementissime</span> <span class='ocrx_word' id='word_1_263' title='bbox 3669 1845 3723 2139; x_wconf 74' lang='lat' dir='ltr'>aversantur,</span> <span class='ocrx_word' id='word_1_264' title='bbox 3664 1606 3711 1807; x_wconf 91' lang='lat' dir='ltr'>deorum</span> <span class='ocrx_word' id='word_1_265' title='bbox 3664 1408 3711 1581; x_wconf 85' lang='lat' dir='ltr'>fraude</span> <span class='ocrx_word' id='word_1_266' title='bbox 3679 1324 3712 1379; x_wconf 89' lang='lat' dir='ltr'>se</span> 
     </span>
     <span class='ocr_line' id='line_1_40' title="bbox 3742 1323 3819 2997; textangle 90"><span class='ocrx_word' id='word_1_267' title='bbox 3760 2762 3819 2997; x_wconf 89' lang='lat' dir='ltr'>deceptos</span> <span class='ocrx_word' id='word_1_268' title='bbox 3769 2601 3801 2711; x_wconf 89' lang='lat' dir='ltr'>esse</span> <span class='ocrx_word' id='word_1_269' title='bbox 3752 2316 3798 2549; x_wconf 86' lang='lat' dir='ltr'>dicentes.</span> <span class='ocrx_word' id='word_1_270' title='bbox 3747 1918 3807 2243; x_wconf 80' lang='lat' dir='ltr'>Quamobrem</span> <span class='ocrx_word' id='word_1_271' title='bbox 3742 1638 3791 1883; x_wconf 87' lang='lat' dir='ltr'>Venerem</span> <span class='ocrx_word' id='word_1_272' title='bbox 3744 1554 3791 1603; x_wconf 91' lang='lat' dir='ltr'>in</span> <span class='ocrx_word' id='word_1_273' title='bbox 3759 1323 3792 1518; x_wconf 89' lang='lat' dir='ltr'>scenam</span> 
     </span>
     <span class='ocr_line' id='line_1_41' title="bbox 3823 1322 3904 2997; textangle 90"><span class='ocrx_word' id='word_1_274' title='bbox 3837 2708 3904 2997; x_wconf 89' lang='lat' dir='ltr'>productam</span> <span class='ocrx_word' id='word_1_275' title='bbox 3849 2562 3881 2673; x_wconf 89' lang='lat' dir='ltr'>esse</span> <span class='ocrx_word' id='word_1_276' title='bbox 3831 2469 3878 2528; x_wconf 88' lang='lat' dir='ltr'>ad</span> <span class='ocrx_word' id='word_1_277' title='bbox 3828 2131 3894 2433; x_wconf 86' lang='lat' dir='ltr'>prooemium</span> <span class='ocrx_word' id='word_1_278' title='bbox 3823 1838 3873 2096; x_wconf 86' lang='lat' dir='ltr'>dicendum</span> <span class='ocrx_word' id='word_1_279' title='bbox 3824 1651 3887 1794; x_wconf 87' lang='lat' dir='ltr'>plane</span> <span class='ocrx_word' id='word_1_280' title='bbox 3824 1484 3871 1604; x_wconf 90' lang='lat' dir='ltr'>mihi</span> <span class='ocrx_word' id='word_1_281' title='bbox 3824 1322 3886 1434; x_wconf 78' lang='lat' dir='ltr'>qui-</span> 
     </span>
     <span class='ocr_line' id='line_1_42' title="bbox 3904 1322 3967 2996; textangle 90"><span class='ocrx_word' id='word_1_282' title='bbox 3919 2881 3966 2996; x_wconf 91' lang='lat' dir='ltr'>dem</span> <span class='ocrx_word' id='word_1_283' title='bbox 3929 2643 3963 2848; x_wconf 85' lang='lat' dir='ltr'>necesse</span> <span class='ocrx_word' id='word_1_284' title='bbox 3928 2498 3959 2608; x_wconf 90' lang='lat' dir='ltr'>esse</span> <span class='ocrx_word' id='word_1_285' title='bbox 3910 2244 3967 2463; x_wconf 75' lang='lat' dir='ltr'>videtur,</span> <span class='ocrx_word' id='word_1_286' title='bbox 3907 1991 3967 2193; x_wconf 89' lang='lat' dir='ltr'>eiusque</span> <span class='ocrx_word' id='word_1_287' title='bbox 3905 1707 3967 1947; x_wconf 88' lang='lat' dir='ltr'>prooemii</span> <span class='ocrx_word' id='word_1_288' title='bbox 3904 1413 3952 1664; x_wconf 89' lang='lat' dir='ltr'>materiam</span> <span class='ocrx_word' id='word_1_289' title='bbox 3904 1322 3951 1369; x_wconf 88' lang='lat' dir='ltr'>in</span> 
     </span>
     <span class='ocr_line' id='line_1_43' title="bbox 3982 1323 4058 2995; textangle 90"><span class='ocrx_word' id='word_1_290' title='bbox 3998 2915 4046 2995; x_wconf 90' lang='lat' dir='ltr'>his</span> <span class='ocrx_word' id='word_1_291' title='bbox 3994 2701 4058 2881; x_wconf 81' lang='lat' dir='ltr'>Hygini</span> <span class='ocrx_word' id='word_1_292' title='bbox 3992 2507 4040 2668; x_wconf 85' lang='lat' dir='ltr'>verbis</span> <span class='ocrx_word' id='word_1_293' title='bbox 3987 2356 4055 2470; x_wconf 83' lang='lat' dir='ltr'>(fab.</span> <span class='ocrx_word' id='word_1_294' title='bbox 3986 2219 4051 2321; x_wconf 88' lang='lat'><strong>40.)</strong></span> <span class='ocrx_word' id='word_1_295' title='bbox 3987 2008 4034 2170; x_wconf 88' lang='lat' dir='ltr'>inesse</span> <span class='ocrx_word' id='word_1_296' title='bbox 3989 1830 4047 1975; x_wconf 85' lang='lat' dir='ltr'>puto:</span> <span class='ocrx_word' id='word_1_297' title='bbox 3983 1486 4047 1780; x_wconf 74' lang='lat' dir='ltr'>„Pasiphae‚</span> <span class='ocrx_word' id='word_1_298' title='bbox 3982 1323 4030 1450; x_wconf 85' lang='lat' dir='ltr'>Solis</span> 
     </span>
    </p>
   </div>
   <div class='ocr_carea' id='block_1_8' title="bbox 4139 1918 4273 2963">
    <p class='ocr_par' dir='ltr' id='par_1_8' title="bbox 4139 1918 4273 2963">
     <span class='ocr_line' id='line_1_44' title="bbox 4139 1918 4201 2937; textangle 90"><span class='ocrx_word' id='word_1_299' title='bbox 4148 2887 4201 2937; x_wconf 43' lang='grc' dir='ltr'>ἥ)</span> <span class='ocrx_word' id='word_1_300' title='bbox 4147 2668 4189 2857; x_wconf 83' lang='lat' dir='ltr'>Protulit</span> <span class='ocrx_word' id='word_1_301' title='bbox 4146 2522 4187 2641; x_wconf 83' lang='lat' dir='ltr'>hunc</span> <span class='ocrx_word' id='word_1_302' title='bbox 4147 2347 4187 2494; x_wconf 85' lang='lat' dir='ltr'>locum</span> <span class='ocrx_word' id='word_1_303' title='bbox 4142 2147 4186 2317; x_wconf 83' lang='lat' dir='ltr'>Welck.</span> <span class='ocrx_word' id='word_1_304' title='bbox 4156 2071 4197 2114; x_wconf 85' lang='lat' dir='ltr'>p.</span> <span class='ocrx_word' id='word_1_305' title='bbox 4139 1918 4182 2042; x_wconf 81' lang='grc'><strong>1602.</strong></span> 
     </span>
     <span class='ocr_line' id='line_1_45' title="bbox 4214 2483 4273 2963; textangle 90"><span class='ocrx_word' id='word_1_306' title='bbox 4217 2882 4273 2963; x_wconf 53' lang='grc' dir='ltr'>*Ὃ</span> <span class='ocrx_word' id='word_1_307' title='bbox 4218 2683 4262 2853; x_wconf 86' lang='lat' dir='ltr'>Welck.</span> <span class='ocrx_word' id='word_1_308' title='bbox 4231 2608 4270 2649; x_wconf 83' lang='lat' dir='ltr'>p.</span> <span class='ocrx_word' id='word_1_309' title='bbox 4214 2483 4258 2580; x_wconf 82' lang='lat'>803.</span> 
     </span>
    </p>
   </div>
   <div class='ocr_carea' id='block_1_9' title="bbox 4 3336 3336 3336">
    <p class='ocr_par' dir='ltr' id='par_1_9' title="bbox 4 3336 3336 3336">
     <span class='ocr_line' id='line_1_46' title="bbox 4 3336 1089 3336; textangle 90"><span class='ocrx_word' id='word_1_310' title='bbox 4 3336 373 3336; x_wconf 95' lang='lat' dir='ltr'> </span> <span class='ocrx_word' id='word_1_311' title='bbox 4 3336 1089 3336; x_wconf 95' lang='lat' dir='ltr'> </span> 
     </span>
     <span class='ocr_line' id='line_1_47' title="bbox 4 3336 3336 3336; textangle 90"><span class='ocrx_word' id='word_1_312' title='bbox 4 3336 3336 3336; x_wconf 95' lang='lat' dir='ltr'>                                            </span> 
     </span>
    </p>
   </div>
  </div>
 </body>
</html>
