5010 3336
1162 2105 1217 2224 309

1320 2893 1373 2997 rat,
1316 2790 1360 2841 et
1309 2502 1372 2758 magnifice
1321 2149 1369 2463 quaecunque
1306 2056 1351 2115 ad
1304 1791 1352 2021 honorem
1304 1492 1352 1754 defunctae
1317 1347 1365 1459 per-

1393 2762 1449 2997 tinebant,
1391 2636 1437 2727 iam
1396 2351 1450 2605 antequam
1386 2159 1440 2326 abiret,
1384 1832 1446 2121 praestituta
1389 1650 1431 1797 erant.
1383 1527 1430 1581 Id
1398 1345 1430 1493 unum

1470 2731 1521 2996 curandum
1468 2602 1515 2693 suit
1473 2376 1530 2569 poetae,
1480 2281 1509 2341 ne
1468 2112 1509 2247 tanta
1462 1934 1507 2077 animi
1462 1587 1523 1913 magnitudine
1466 1342 1524 1561 spectata

1552 2935 1599 2995 ad
1551 2716 1597 2898 minora
1548 2406 1607 2682 levioraque
1541 2000 1603 2372 contemplanda
1541 1724 1585 1966 theatrum
1542 1339 1599 1695 traduceretur,

1632 2907 1677 2994 sed
1631 2470 1691 2870 proponerentur,
1622 2392 1668 2433 si
1637 2263 1667 2356 non
1620 2030 1677 2226 maiora,
1624 1859 1666 1993 certe
1618 1668 1680 1822 paria:
1618 1485 1679 1631 idque
1619 1340 1666 1451 feli-

1709 2797 1755 2994 cissime
1707 2565 1752 2764 vitatum
1717 2403 1749 2511 esse
1705 2146 1762 2359 apparet.
1698 2010 1745 2075 Et
1699 1759 1761 1966 primum
1697 1520 1758 1712 quidem
1698 1338 1761 1485 virgi-

1789 2919 1835 2992 nis
1784 2541 1833 2871 admirabilem
1780 2275 1827 2505 virtntem
1779 2108 1825 2238 senis
1777 1850 1839 2071 seqnitur
1791 1644 1822 1815 novum
1778 1336 1835 1607 consilium,

1883 2896 1929 2991 quo
1864 2757 1911 2860 solo
1863 2530 1909 2721 videtur
1865 2433 1906 2481 et
1859 2183 1906 2398 dolorem
1858 1954 1905 2148 vincere
1861 1869 1902 1920 et
1855 1650 1917 1835 pudore
1855 1419 1902 1612 liberari
1860 1334 1902 1386 et

1946 2806 1993 2990 crimen
1941 2511 2004 2772 impietatis
1939 2328 1984 2477 vitare
1953 2132 2001 2292 posse.
1936 1933 1983 2063 Mori
1934 1757 1995 1888 cupit
1949 1553 1993 1709 neque
1951 1450 1981 1504 se
1949 1334 1980 1414 su-

2024 2738 2088 2991 perstitem
2035 2580 2067 2690 esse
2018 2351 2082 2535 patitur
2018 2220 2075 2305 iis,
2031 1968 2078 2171 quorum
2014 1772 2062 1914 saluti
2013 1598 2060 1738 unice
2012 1421 2060 1566 vitam
2017 1330 2059 1383 et

2102 2777 2151 2989 studium
2098 2419 2146 2729 consecravit.
2096 2174 2157 2342 Itaque
2096 1947 2156 2129 virgine
2108 1800 2156 1890 pro
2092 1586 2138 1745 hostia
2091 1328 2140 1538 abducta

2181 2782 2229 2992 animum
2177 2456 2241 2746 despondit3
2175 2279 2222 2409 idem
2175 2008 2222 2230 veniente
2172 1824 2235 1959 Hyni
2170 1609 2216 1787 famulo
2175 1523 2216 1573 et
2171 1329 2216 1489 nunti-

2266 2875 2307 2990 ante
2273 2606 2321 2830 magnum
2256 2497 2302 2554 ab
2272 2400 2302 2458 eo
2255 2100 2302 2363 exercitum
2254 1804 2300 2063 adductum
2256 1617 2312 1764 atque
2249 1536 2294 1585 in
2248 1328 2295 1501 dextro

2339 2865 2386 2989 aciei
2354 2679 2385 2829 cornu
2337 2358 2382 2645 instructum
2351 2180 2391 2318 esse,
2333 1715 2397 2129 opportunitatem
2329 1574 2375 1665 sibi
2329 1436 2375 1539 dari
2328 1327 2374 1400 in-

2418 2812 2479 2989 telligit
2433 2686 2464 2778 non
2416 2482 2478 2651 ignava
2420 2276 2471 2446 morte,
2412 2138 2460 2222 sed
2413 1895 2458 2098 honesta
2418 1809 2457 1859 et
2410 1566 2473 1774 gloriosa
2408 1325 2454 1530 animam

2513 2896 2561 2986 pro
2495 2631 2543 2860 Herculis
2494 2438 2540 2604 liberis
2492 2071 2557 2411 profundendi.
2490 1904 2538 1999 Sed
2490 1747 2537 1875 enim
2489 1637 2543 1717 dii,
2488 1460 2534 1600 unius
2487 1327 2534 1433 Ma·

2577 2823 2623 2983 cariae
2580 2618 2621 2777 morte
2574 2351 2631 2583 contenti,
2588 2210 2618 2302 non
2572 1925 2617 2173 interitum
2570 1752 2626 1880 huic,
2567 1628 2615 1714 sed
2566 1323 2629 1593 praemium

2654 2788 2719 2986 pietatis
2669 2580 2699 2753 novum
2662 2398 2714 2542 atque
2651 2078 2698 2360 admirabile
2651 1670 2696 2044 destinaverunt.
2647 1422 2707 1587 ltaque
2644 1323 2690 1372 in

2734 2743 2797 2984 proelium
2733 2454 2796 2706 profectus
2747 2267 2778 2416 senex
2731 1920 2793 2232 decrepitus,
2729 1787 2790 1865 qui
2728 1676 2773 1753 vix
2742 1589 2773 1641 se
2738 1323 2785 1554 armaque

2813 2741 2861 2983 sustinere
2818 2505 2875 2694 potest,
2811 2232 2871 2448 corporis
2810 1855 2855 2185 infirmitatem
2807 1660 2852 1804 animi
2803 1321 2852 1613 fortitudine

2892 2835 2940 2985 vincit
2897 2750 2937 2801 et
2890 2669 2937 2718 in
2890 2498 2951 2634 Hylli
2905 2272 2936 2463 currum
2889 2000 2943 2235 sublatus,
2888 1747 2949 1961 receptis
2886 1530 2932 1711 viribus
2882 1322 2929 1507 iuveni-

2971 2831 3029 2986 libus,
2970 2468 3032 2795 Eurystheum
2968 2162 3030 2431 fugientem
2968 1809 3029 2121 consequitur
2971 1712 3012 1762 et
2965 1577 3012 1677 suis
2962 1321 3010 1540 manibus

3050 2855 3114 2986 capit
3050 2565 3110 2823 vincitque.
3049 2446 3096 2498 In
3049 2318 3094 2411 hoc
3047 2055 3109 2283 fingendo
3052 1970 3093 2018 et
3046 1774 3092 1933 famae
3044 1532 3105 1740 vulgaris
3046 1456 3088 1505 et
3039 1318 3087 1435 Pin-

3130 2880 3177 2986 dari
3130 2510 3176 2848 anctoritatem
3133 2279 3174 2475 secutus
3133 2166 3173 2242 est
3134 1965 3173 2131 noster
3125 1866 3188 1934 ²⁸¹),
3130 1765 3171 1815 et
3121 1438 3186 1731 temperavit
3119 1318 3177 1405 sic,

3214 2918 3265 2985 ut,
3224 2735 3269 2880 quum
3207 2638 3253 2698 sit
3212 2436 3253 2602 contra
3213 2153 3265 2401 naturam,
3213 1935 3253 2095 tamen
3210 1704 3251 1901 naturae
3204 1482 3265 1667 optime
3214 1318 3246 1432 con-

3293 2703 3334 2983 sentaneum
3301 2542 3331 2653 esse
3284 2277 3331 2495 videatur
3282 2154 3345 2249 **).
3284 1889 3333 2074 Verum
3285 1719 3330 1841 haec
3283 1626 3329 1673 in
3276 1316 3342 1579 posteriori

3372 2871 3413 2981 actu
3369 2531 3425 2835 exponuntur
3363 2304 3424 2482 (neque
3365 2132 3409 2257 enim
3364 1955 3410 2083 redit
3363 1861 3409 1908 in
3377 1632 3408 1823 scenam
3359 1437 3404 1596 Iolaus
3371 1316 3402 1402 ne-

3460 2884 3506 2979 que
3444 2789 3489 2835 in
3443 2445 3489 2741 iuventutem
3442 2137 3487 2389 restitutus
3448 1759 3503 2085 spectatorum
3438 1568 3485 1721 oculis
3435 1314 3482 1531 ostendi-

3521 2847 3584 2981 tur):
3522 2718 3567 2810 hoc
3528 2574 3567 2682 actu
3520 2214 3582 2547 significantur
3527 2008 3566 2187 tantum
3535 1858 3581 1979 quae
3519 1664 3565 1830 futura
3520 1507 3563 1634 sunt.
3513 1311 3560 1470 Tanta

3604 2851 3649 2979 enim
3601 2480 3656 2813 animositate,
3605 2309 3644 2442 tanto
3600 2131 3644 2271 animi
3598 1930 3661 2097 vigore
3602 1693 3659 1898 repente
3595 1425 3658 1658 impletur
3592 1312 3638 1391 lo·-

3682 2874 3728 2980 laus
3680 2645 3726 2820 demtis
3695 2540 3725 2597 ex
3679 2306 3740 2494 pariete
3679 2092 3740 2260 templi
3678 1873 3734 2049 armis,
3692 1704 3738 1826 quae
3682 1538 3720 1668 stans
3674 1454 3719 1502 in
3671 1310 3718 1417 acie

3761 2718 3808 2979 induturus
3762 2577 3813 2681 est,
3765 2468 3805 2524 ut
3758 2284 3803 2417 illum
3766 2064 3803 2229 natura
3774 1924 3803 2010 sua
3757 1587 3818 1888 superiorem
3752 1441 3799 1549 sore
3751 1310 3797 1407 iam

3856 2851 3888 2977 nunc
3840 2520 3895 2814 divincmus3
3845 2342 3885 2469 tanta
3837 2044 3883 2293 alacritate
3837 1771 3882 2007 excitatur
3834 1404 3880 1726 reminiscens
3830 1312 3876 1378 vi-

3921 2791 3967 2974 ctoriae
3919 2516 3979 2755 quondam
3934 2370 3964 2477 cuin
3916 2115 3963 2330 Hercule
3917 2019 3963 2078 (le
3913 1716 3978 1969 Spartanis
3913 1309 3974 1685 Eurystlieoqne

4004 2680 4061 2975 reportatae,
4002 2588 4044 2643 ut
4003 2256 4059 2553 potestatem
3996 2091 4042 2219 hunc
3996 1862 4043 2056 infestis
3993 1675 4042 1822 armis
3991 1434 4054 1633 petendi
3991 1310 4037 1400 ite-

4094 2866 4125 2974 rum
4078 2787 4123 2830 ei
4078 2648 4123 2751 dari
4085 2373 4137 2612 optemus.

4190 2864 4241 2915 >i)
4190 2704 4242 2833 Pyth.
4190 2596 4239 2671 lx,
4188 2497 4229 2565 81.
4188 2371 4229 2436 Cf.
4187 2164 4241 2339 I‘ssngk.
4187 1933 4240 2120 praefat.
4187 1707 4229 1888 Heracl.
4199 1619 4238 1660 p.
4182 1536 4223 1576 7.
4182 1444 4223 1501 ad
4182 1306 4223 1414 Plu-

4260 2688 4299 2828 tarch.
4259 2564 4300 2660 adv.
4258 2358 4300 2529 Stoicos
4273 2288 4310 2329 p.
4255 2132 4297 2257 1057.
4258 2051 4299 2102 E.

4327 2856 4381 2937 ³‘'l‘)
4327 2754 4369 2822 Cf.
4328 2554 4372 2725 Welck.
4344 2480 4382 2523 p.
4328 2354 4370 2451 711.
4332 2279 4369 2322 et
4325 2127 4368 2251 1597.

2109 798 2253 810 τινων-.-
2268 801 2291 807 ⁷*
2323 800 2346 804 —v

2305 820 2318 827 Q
