5010 3336
2445 3316 2452 3330 ··
2427 3231 2470 3302 aeriis

2602 3236 2630 3334 ruffin.

2674 3308 2706 3333 τῆ
2680 3238 2710 3295 [mr

2748 3228 2792 3309 wiern}

2831 3277 2863 3319 ψ’·
2824 3226 2869 3259 vel

2930 3317 2953 3331 ³>
2910 3226 2952 3295 lime·

3067 3230 3109 3316 wa.

1024 2142 1077 2217 19

1159 2920 1208 3008 dos
1162 2689 1221 2892 animos,
1164 2359 1212 2653 Graecorum
1167 2036 1229 2327 praesertim
1168 1737 1228 2005 hominum,
1177 1535 1236 1700 aptum
1175 1357 1226 1513 fuisse

1243 2746 1303 3011 putamus?
1243 2575 1304 2694 Quis
1248 2278 1306 2529 praeterea
1246 2040 1306 2230 ignorat
1262 1809 1295 1995 summa
1266 1654 1299 1761 cum
1255 1357 1319 1608 voluptate

1335 2984 1365 3011 a
1319 2745 1368 2949 Graecis
1326 2465 1384 2708 spectatos
1339 2319 1370 2428 esse
1324 2067 1374 2288 homines
1326 1765 1375 2029 calliditate
1332 1527 1391 1729 perinde
1341 1358 1397 1502 atque

1396 2728 1447 3013 fortitudine
1401 2400 1448 2693 excellentes
1408 2221 1465 2364 atque
1420 2126 1451 2186 ex
1405 1823 1468 2091 desperatis
1409 1642 1456 1789 rebus
1428 1517 1473 1609 per
1430 1359 1462 1488 sum-

1492 2913 1523 3014 mas
1478 2557 1526 2875 difficultates
1481 2318 1528 2519 consilio
1486 2232 1529 2282 et
1484 2017 1531 2198 virtute
1485 1672 1535 1983 eluctantes?
1489 1359 1549 1611 Quomodo

1570 2899 1602 3017 vero
1558 2621 1620 2862 capiendi,
1560 2360 1621 2585 tenendi,
1563 1961 1623 2321 commovendi,
1565 1610 1626 1912 delectandi,
1568 1360 1620 1564 docendi

1634 2974 1680 3018 vi
1651 2773 1683 2938 carere
1640 2577 1699 2741 potest
1638 2349 1696 2544 drama,
1642 2173 1702 2300 quod
1648 2039 1690 2135 tam
1659 1809 1705 2002 gravem
1660 1612 1693 1773 rerum
1663 1361 1697 1575 commu-

1714 2786 1761 3018 tationem
1722 2382 1778 2751 repraesentat,
1736 2245 1780 2336 qua
1721 1880 1768 2195 contunditur
1722 1576 1771 1836 insolentia
1743 1362 1790 1543 eorum,

1794 2938 1853 3019 qui
1798 2683 1855 2905 tanquam
1795 2551 1841 2647 iam
1800 2383 1842 2513 certa
1798 2001 1862 2347 explorataque
1800 1770 1848 1974 victoria
1803 1364 1869 1743 triumphabant,

1872 2673 1920 3020 confirmantur
1873 2494 1920 2639 animi
1890 2290 1922 2458 eorum
1883 2205 1924 2254 et
1878 2118 1924 2177 ad
1880 1798 1941 2087 sperandam
1882 1544 1931 1773 maiorem
1886 1364 1934 1514 victo-

1949 2904 1996 3025 riam
1951 2594 2013 2869 eriguntur‚
1953 2383 2014 2558 quibus
1960 2130 2003 2346 extrema
1973 1874 2022 2094 quaeque
1961 1629 2010 1840 verenda
1963 1362 2014 1593 fuerant‘?

2026 2892 2091 3025 Ego,
2030 2468 2095 2855 quotiescunque
2032 2166 2082 2435 Homerum
2037 2040 2099 2135 legi
2039 1856 2087 2012 noctis
2040 1702 2089 1829 illius
2041 1364 2092 1669 decretoriae

2120 2883 2154 3024 casus
2115 2491 2172 2840 exponentem,
2114 2179 2161 2443 admiratus
2133 2024 2165 2130 sum
2119 1691 2182 1975 sapientiam
2127 1464 2185 1642 poetae
2129 1364 2171 1414 et

2186 2896 2234 3028 visus
2192 2783 2234 2859 est
2189 2598 2249 2747 mihi,
2190 2500 2237 2561 de
2190 2262 2240 2465 Graecis
2192 1910 2260 2235 Troianisque
2214 1649 2259 1877 narrans,
2201 1367 2252 1614 Romano-

2280 2920 2311 3029 rum
2267 2816 2313 2877 ad
2268 2583 2315 2771 Cannas
2271 2301 2318 2537 victorum
2274 2035 2322 2266 invictum
2277 1787 2325 1998 animum
2283 1700 2325 1749 et
2279 1368 2346 1660 Poenorum,

2343 2840 2406 3029 plagam
2346 2498 2393 2804 mortiferam
2353 2192 2411 2453 prostratis
2353 1928 2417 2149 infligere
2355 1490 2421 1886 dedignantium,
2378 1367 2409 1443 er-

2437 2868 2469 3030 rorem
2424 2514 2486 2816 exprimere,
2445 2407 2474 2463 ac
2431 2213 2476 2357 totius
2432 2053 2478 2167 belli
2439 1792 2481 2018 eventum
2436 1707 2483 1757 iu
2437 1368 2502 1672 depingenda

2499 2951 2547 3030 illa
2507 2776 2548 2917 nocte
2505 2464 2552 2739 ostendere.
2506 2223 2570 2395 Neque
2511 2048 2557 2177 aliud
2512 1714 2574 2000 quidquam,
2531 1519 2577 1659 quam
2519 1368 2567 1473 Ho-

2593 2818 2638 3031 merum,
2582 2484 2645 2769 Euripidem
2593 2186 2648 2435 spectasse
2594 1818 2653 2138 secutumque
2607 1660 2640 1771 esse
2600 1471 2658 1617 pum,
2605 1368 2648 1420 ut

2659 2848 2706 3033 rectius
2659 2446 2725 2802 Nyctegresia,
2680 2244 2726 2384 quam
2667 1972 2725 2197 Rhesus²
2670 1824 2717 1918 hoc
2671 1612 2720 1777 drama
2676 1369 2726 1567 inscribi

2740 2793 2799 3036 potuerit:
2755 2642 2788 2738 non
2742 2471 2790 2597 enim
2744 2365 2790 2423 ab
2745 2196 2807 2315 ipsis
2748 1827 2811 2148 scriptoribus
2754 1588 2801 1781 nomina
2756 1372 2805 1548 sabulis

2814 2810 2880 3037 imposita
2835 2652 2866 2762 esse
2822 2298 2871 2606 manifestum
2830 2159 2875 2249 est.
2828 1729 2891 2085 Quamobrem,
2834 1637 2879 1679 si
2843 1455 2883 1594 recte
2842 1371 2885 1422 et

2910 2924 2943 3037 vere
2897 2814 2944 2878 de
2903 2596 2947 2769 natura
2901 2350 2950 2547 humani
2905 2161 2953 2305 animi
2922 1892 2970 2124 expressa
2915 1744 2958 1857 sunt
2911 1629 2959 1712 illa
2913 1374 2976 1597 Homeri,

2979 2986 3022 3038 et
2975 2622 3026 2941 similitudine
2996 2414 3028 2577 rerum
2999 2340 3029 2366 a
2986 2102 3047 2295 populis
2987 1679 3053 2051 quibuscunque
2999 1375 3056 1624 gestarum

3055 2661 3117 3038 confirmantur,
3075 2528 3107 2626 non
3060 2344 3108 2502 minus
3068 2183 3110 2319 recta
3068 2104 3110 2154 et
3081 1968 3111 2080 vera
3072 1892 3113 1940 et
3084 1627 3130 1867 personae
3073 1376 3121 1606 Hectoris

3135 2702 3183 3038 convenientia
3144 2556 3186 2665 sunt
3155 2449 3199 2521 ea,
3140 2237 3202 2411 quibus
3142 1927 3205 2209 EuripideS‚
3147 1621 3196 1893 Homerum
3157 1378 3213 1592 secutuS,

3208 2901 3258 3039 ducis
3212 2677 3262 2877 Troiani
3217 2338 3266 2643 insolentiam
3222 1971 3281 2303 adumbravit3
3225 1868 3274 1931 cf.
3225 1790 3273 1843 ΙΙ.
3228 1701 3283 1758 θ,
3229 1379 3278 1673 497-541.

3305 2931 3337 3041 cum
3297 2701 3339 2897 nostrae
3293 2473 3342 2667 fabulae
3311 2395 3342 2439 v.
3300 2134 3346 2365 52—75.
3301 1938 3362 2073 Quae
3304 1645 3353 1904 insolentia
3324 1517 3370 1610 quo
3326 1380 3357 1481 ma-

3368 2968 3431 3043 gis
3375 2799 3417 2931 esset
3374 2476 3435 2764 conspicua,
3391 2223 3423 2429 necesse
3377 2080 3424 2174 suit
3385 1895 3428 2033 antea
3387 1809 3428 1859 et
3384 1381 3447 1774 desperationem

3446 2667 3511 3044 Agamemnonis
3457 2590 3499 2639 et
3454 2267 3516 2567 reliquorum
3456 2063 3503 2240 ducum
3462 1718 3510 2036 constantiam
3464 1382 3529 1703 intrepidum-

3542 2950 3591 3045 que
3529 2706 3578 2915 animum
3533 2464 3580 2668 ostendi.
3534 2233 3594 2394 Quum
3539 2035 3583 2197 autem
3540 1745 3588 1999 concilium
3541 1519 3592 1698 ducum
3544 1383 3593 1485 Eu-

3606 2860 3669 3046 ripides
3616 2464 3672 2837 repraesentans
3613 2276 3661 2440 Iliadis
3614 2169 3661 2251 lib.
3613 2070 3661 2149 IX.
3632 2008 3666 2051 v.
3617 1788 3666 1987 1-ψῖ9.
3626 1705 3669 1755 et
3624 1386 3673 1677 697—713.

3684 2745 3748 3047 imitaretur,
3690 2616 3738 2697 uni
3689 2355 3738 2582 Diomedi
3693 2151 3740 2321 tribuit
3700 1930 3757 2119 partes,
3713 1772 3760 1890 quas
3702 1607 3764 1737 apud
3703 1387 3752 1574 Home-

3780 2940 3812 3047 rum
3766 2778 3815 2907 idem
3785 2647 3817 2755 cum
3769 2411 3817 2623 Nestore
3773 2145 3835 2375 suscepit,
3780 2051 3821 2107 ut
3776 1794 3841 2027 castigato
3779 1389 3844 1769 Agamemnone,

3844 2964 3906 3047 qui
3844 2767 3909 2932 fugam
3849 2469 3907 2730 suadebat,
3850 2302 3898 2432 ultro
3867 2212 3899 2265 se
3852 2118 3898 2177 ad
3855 1787 3917 2081 exploranda
3858 1539 3908 1754 hostium
3878 1390 3911 1503 con-

3923 2939 3970 3048 silia
3926 2578 3990 2903 damnumque
3929 2483 3976 2544 iis
3929 2140 3979 2447 inferendum
3932 2058 3980 2104 in
3932 1711 3984 2032 Troianorum
3944 1519 3988 1675 castra
3942 1392 3990 1483 itu-

4015 2943 4048 3048 rum
4020 2783 4051 2893 esse
4008 2407 4068 2739 profiteretur.
4010 2080 4074 2321 Colloquii
4011 1889 4061 2034 huius
4030 1675 4064 1842 versus
4020 1390 4082 1622 quosdam

4082 2920 4143 3049 apud
4089 2637 4133 2887 auctorem
4086 2422 4135 2608 Christi
4089 2164 4152 2390 patientis
4090 1743 4155 2129 deprehendisse
4097 1595 4144 1717 mihi
4099 1393 4147 1571 videor.

4158 3004 4205 3048 Is
4160 2814 4215 2968 enim,
4179 2619 4225 2766 quum
4182 2524 4214 2583 ex
4166 2305 4230 2490 reliqua
4168 2118 4218 2271 Rhesi
4174 1943 4232 2084 parte
4173 1676 4234 1910 plurimos
4192 1474 4224 1641 versus
4177 1392 4226 1439 in

4252 1942 4297 1973 2
4249 1890 4277 1917 *
