5010 3336
998 2154 1054 2235 55

1172 2944 1221 3030 gos
1152 2540 1218 2907 philosophicos
1148 2365 1195 2504 inscii
1145 2009 1200 2339 confecerunt,
1146 1921 1187 1971 et
1138 1638 1202 1887 plerique,
1148 1453 1195 1602 quum
1132 1356 1180 1419 de

1241 2811 1285 3031 veterum
1234 2485 1296 2775 tragicorum
1225 2271 1273 2450 fabulis
1224 1975 1278 2235 disserunt,
1220 1848 1265 1944 hoc
1218 1651 1278 1813 egisse
1218 1457 1278 1628 poetas
1211 1355 1258 1432 af-

1318 2812 1374 3030 firmant,
1318 2723 1360 2779 ut
1312 2614 1359 2687 vel
1306 2319 1357 2580 sententias
1303 2051 1366 2282 quasdam
1312 1740 1346 2017 communes
1295 1636 1343 1714 vel
1295 1351 1357 1611 praecepta

1395 2628 1461 3029 philosophorum
1386 2298 1450 2593 argumentis
1383 1982 1437 2271 fabularum,
1383 1720 1437 1949 tanquam
1372 1443 1435 1697 exemplis,
1371 1352 1418 1409 il-

1476 2738 1523 3027 lustrarent:
1485 2578 1533 2700 quae
1466 2270 1514 2540 sententiae
1466 2061 1525 2235 quanto
1459 1927 1505 2023 sint
1456 1642 1520 1890 graviores
1451 1351 1500 1603 honestio—

1570 2846 1616 3025 resque
1559 2761 1600 2810 et
1553 2548 1613 2725 quanto
1546 2236 1595 2514 declaratae
1540 1913 1597 2201 evidentius,
1541 1744 1583 1879 tanto
1548 1560 1596 1709 opera
1534 1349 1593 1518 poeta-

1652 2916 1684 3023 rum
1629 2526 1698 2880 praestantiora
1642 2378 1674 2490 esse
1626 2126 1671 2342 censent.
1618 1948 1667 2058 Non
1632 1792 1678 1915 nego
1614 1653 1661 1766 talia
1626 1559 1658 1618 ex
1608 1346 1657 1524 sabulis

1715 2731 1777 3022 tragicorum
1707 2506 1772 2695 percipi
1720 2308 1769 2474 posse,
1702 2142 1749 2270 sicut
1715 2019 1747 2109 nec
1698 1922 1745 1983 ad
1694 1620 1743 1892 docendum
1706 1512 1737 1593 eas
1692 1344 1751 1482 aptas

1812 2908 1843 3019 esse
1792 2670 1847 2874 infitior3
1788 2531 1836 2617 sed
1786 2365 1833 2475 talia
1799 2291 1830 2317 a
1781 2093 1846 2256 poetis
1777 1839 1841 2055 quaesita
1789 1689 1821 1801 esse
1785 1514 1833 1655 neg0.
1764 1342 1813 1443 Sed

1875 2958 1921 3019 ad
1872 2621 1937 2922 propositum
1866 2417 1915 2586 redeo.
1864 2297 1911 2349 Iu
1860 1982 1921 2251 tetralogiis
1871 1738 1919 1932 quoque
1845 1340 1914 1691 componendis

1951 2679 2001 3017 delectationis
1949 2376 1995 2614 rationem
1943 2118 2007 2325 primam
1939 1913 1986 2068 fuisse
1932 1615 1982 1853 Horatius
1930 1339 1983 1565 testatur,

2048 2820 2082 3017 caussas
2028 2526 2094 2786 proferens
2022 2037 2073 2491 manifestissimas:

2116 2075 2159 2173 „eo
2095 1908 2163 2040 quod

2188 2617 2239 2879 lllecebris
2190 2467 2236 2579 erat
2190 2377 2232 2427 et
2187 2186 2246 2342 grata
2179 1921 2227 2152 novitate
2170 1612 2223 1887 morandus

2270 2601 2337 2880 Spectator
2269 2261 2331 2579 functusque
2261 2065 2309 2228 sacris
2263 1980 2305 2028 et
2262 1797 2321 1950 potus
2259 1712 2300 1760 et
2246 1476 2298 1672 πίω-Γ

2352 2866 2401 3011 Unde
2364 2539 2412 2831 quemquam
2346 2264 2408 2503 tragicum
2346 2040 2404 2237 poetam
2336 1791 2384 2012 studiose
2346 1572 2397 1769 operam
2326 1330 2383 1544 dedisse,

2439 2952 2482 3008 ut
2430 2690 2478 2917 continua
2442 2490 2475 2655 rerum
2424 2326 2470 2452 serie
2422 2115 2467 2278 iuncta
2419 1853 2465 2071 dramata
2414 1755 2459 1805 in
2416 1464 2459 1712 certamen
2404 1328 2452 1416 de·-

2514 2773 2569 3009 mitteret,
2523 2587 2571 2739 neg03
2510 2491 2551 2540 et
2505 2400 2550 2441 si
2502 2276 2548 2353 vel
2500 2021 2546 2229 maxime
2493 1700 2555 1976 Aeschylus
2491 1558 2537 1655 hoc
2491 1325 2534 1525 secutus

2594 2917 2651 3007 sit,
2593 2746 2637 2879 certe
2586 2500 2646 2713 reliquos
2581 2350 2628 2464 inde
2596 2289 2625 2315 a
2578 1990 2641 2238 Sophocle
2576 1885 2621 1944 ab
2574 1721 2619 1850 illius
2569 1461 2618 1685 instituto
2564 1323 2610 1425 dis·

2670 2793 2720 3006 cessisse
2664 2507 2726 2743 intelligo.
2659 2272 2707 2432 Multo
2664 2060 2705 2221 autem
2655 1821 2713 2010 minus,
2666 1623 2715 1764 quam
2646 1323 2693 1569 actionum

2748 2649 2817 3007 perpetuitate,
2757 2455 2805 2598 quam
2738 2141 2803 2421 percipiunt
2736 1957 2783 2105 etiam
2731 1646 2787 1906 ineruditi,
2720 1320 2773 1592 continuari

2830 2815 2879 3005 fabulas
2841 2651 2873 2779 nexu
2823 2305 2885 2625 cogitatorum
2819 2044 2879 2279 potuisse,
2828 1883 2875 2006 quae
2809 1692 2867 1858 rebus,
2805 1515 2868 1655 quasi
2817 1317 2850 1490 exem-

2911 2891 2976 3003 plis,
2906 2469 2957 2854 declararentur,
2900 2237 2963 2432 planum
2899 2109 2945 2199 est.
2891 1910 2953 2037 Quid
2890 1747 2936 1874 enim
2886 1457 2949 1711 sperarent
2896 1316 2944 1438 poe-

2998 2922 3039 3001 tae
2988 2747 3054 2888 plana
2984 2603 3031 2714 sore
2978 2267 3028 2568 multitudini
2992 2159 3033 2232 ea,
2990 1998 3037 2121 quae
2970 1818 3018 1962 etiam
2966 1488 3015 1796 eruditorum
2974 1314 3022 1465 saepe

3083 2795 3118 3000 acumen
3061 2484 3126 2750 fugerent?
3064 2354 3106 2437 aut
3056 2191 3120 2307 quid
3054 1834 3101 2142 elaborarent
3046 1618 3102 1785 iniis,
3056 1443 3105 1567 quae
3037 1312 3086 1390 vel

3150 2791 3198 2998 maxime
3143 2566 3192 2742 effecta
3155 2380 3188 2523 nemo
3135 1996 3183 2333 intellecturus
3124 1710 3187 1946 esset‘ffl‘)
3122 1445 3169 1629 Omnes
3116 1310 3181 1394 qui

3229 2815 3289 2995 ubique
3231 2504 3285 2783 temporum
3219 2264 3267 2466 fuerunt
3219 2177 3262 2228 et
3214 1924 3260 2143 locorum
3210 1665 3271 1875 poetae,
3216 1522 3249 1613 nec
3200 1311 3247 1469 minus

3410 2882 3463 2922 *)
3407 2702 3461 2847 Digna
3406 2546 3451 2670 sunt,
3412 2402 3453 2514 quac
3396 2058 3441 2369 advertantur,
3387 1835 3430 2015 Goethii
3386 1640 3437 1805 verba,
3396 1516 3436 1599 quo
3383 1307 3422 1485 auctore

3478 2759 3519 2853 sine
3472 2580 3515 2713 dubio
3482 2404 3510 2531 nemo
3471 2298 3507 2361 est
3465 2207 3505 2249 in
3464 2078 3503 2166 hoc
3459 1856 3513 2033 quidem
3468 1643 3511 1807 genere
3450 1308 3504 1595 locupletior:

3548 2678 3600 2847 ‚,Sollte
3543 2482 3583 2647 sodauu
3541 2372 3579 2450 der
3536 2150 3576 2335 Dichter
3532 2000 3572 2123 nicht
3529 1870 3569 1975 bald
3526 1648 3581 1835 gewahr
3522 1432 3570 1623 werden,
3519 1302 3559 1401 dass

3621 2745 3661 2849 dem
3615 2578 3655 2718 Volko
3626 2489 3652 2544 an
3611 2381 3649 2458 der
3609 2210 3661 2353 Folgc
3618 2095 3659 2177 gar
3601 1921 3641 2065 nichts
3599 1698 3653 1889 gelegen
3593 1577 3635 1663 ist?
3594 1389 3633 1528 Sollte
3604 1302 3630 1349 cr

3689 2726 3730 2848 nicht
3687 2588 3737 2699 klug
3696 2503 3722 2558 zu
3680 2302 3720 2469 seinem
3673 2076 3715 2273 Yorthcil
3670 1751 3726 2052 gebrauchcu,
3665 1620 3705 1717 (lass
3677 1550 3703 1597 er
3676 1481 3701 1527 es
3660 1381 3700 1461 mit
3659 1300 3699 1363 ei-

3773 2767 3800 2845 ner
3752 2401 3806 2739 lcichtsinnigen
3743 2070 3789 2370 Gesellschaft
3756 1989 3782 2042 zu
3741 1851 3780 1959 thun
3734 1705 3777 1822 hat?
3735 1594 3775 1656 Er
3733 1467 3787 1563 giht
3730 1298 3773 1439 lieber

3828 2748 3870 2840 sein
3827 2502 3867 2719 Innerstes
3820 2380 3871 2470 auf,
3821 2282 3859 2348 als
3830 2207 3856 2251 cs
3814 2081 3854 2177 sich
3825 1937 3867 2050 ganz
3807 1782 3851 1912 allein
3806 1674 3845 1760 und
3806 1453 3844 1652 umsonst
3814 1298 3841 1428 sauer

3898 2662 3941 2842 werden
3910 2564 3935 2619 zu
3890 2324 3934 2521 lassen!”
3888 2117 3938 2266 Neque
3885 1945 3937 2076 plane
3880 1830 3919 1905 ille
3875 1576 3930 1799 neglexit,
3886 1432 3926 1544 quae
3868 1296 3911 1402 fecit

3970 2745 4024 2839 ipse
3967 2669 4008 2713 in
3965 2459 4006 2639 Faustio
3965 2246 4017 2425 poetam
3971 2189 3997 2215 a
3954 1885 3994 2159 scenicorum
3948 1627 4003 1856 praefecto
3942 1398 3985 1596 moneri:

4038 2638 4093 2778 „Gebt
4036 2539 4075 2606 ihr
4033 2444 4074 2510 ein
4033 2268 4079 2411 Stiiclr,
4043 2188 4069 2232 so
4026 2058 4080 2157 gcbt
4038 1987 4063 2028 es
4021 1815 4077 1955 gleich
4019 1741 4058 1785 in
4016 1513 4057 1708 Stiicken.
4035 1425 4042 1481 —

4108 2672 4148 2775 Was
4106 2491 4157 2644 hitft’s‚
4117 2341 4143 2459 wenn
4101 2244 4141 2312 ihr
4098 2146 4138 2213 ein
4096 1950 4136 2112 Ganzcs
4086 1596 4145 1919 dargcbracht?

4180 2686 4219 2773 Das
4176 2437 4217 2648 Publicum
4171 2300 4213 2407 wird
4184 2228 4211 2270 cs
4167 2098 4208 2198 euch
4165 1962 4205 2067 doch
4157 1631 4216 1933 :crpflilckcn.⁷⁷
