5010 3336
3859 2092 3917 2214 404

3713 1318 3776 1500 agitare
3713 1533 3780 1599 *).
3726 1668 3774 1785 Inde
3708 1819 3769 2075 postquam
3721 2110 3768 2172 ad
3719 2208 3752 2372 sanam
3716 2401 3760 2615 mentem
3700 2637 3763 2801 rediit,
3694 2838 3757 2989 pudet

3649 1318 3681 1422 eam
3646 1469 3696 1712 dictorum
3627 1758 3692 2071 obvolvitqne
3624 2105 3681 2254 caput
3621 2296 3683 2729 prorumpentibus
3627 2763 3681 2989 lacrimis.

3570 1315 3619 1400 Sic
3569 1451 3600 1561 cum
3567 1607 3614 1785 sanitas
3563 1833 3613 2027 dolores
3548 2076 3602 2237 creet,
3558 2287 3605 2466 malum
3556 2512 3599 2673 autem
3554 2724 3600 2785 sit
3544 2834 3600 2990 furor,

3475 1315 3532 1466 optat,
3488 1503 3530 1556 ut
3488 1575 3534 1698 mori
3486 1734 3533 1825 sibi
3482 1860 3531 2114 insanienti
3479 2148 3527 2312 liceat.
3477 2381 3526 2509 Hinc
3477 2545 3522 2602 ad
3472 2631 3519 2873 nutricem
3470 2899 3502 2989 nos

3396 1315 3451 1683 convertamus,
3406 1733 3453 1871 cuius
3402 1924 3435 2085 mores
3400 2122 3432 2217 non
3399 2252 3445 2410 miuus
3398 2447 3429 2561 vere
3379 2598 3439 2820 expressi
3390 2858 3431 2985 sunt.

3315 1311 3380 1569 Proprium
3328 1598 3371 1675 est
3312 1705 3358 1893 eorum,
3311 1924 3370 2005 qui
3307 2033 3367 2338 aegritudine
3307 2364 3366 2599 laborant,
3315 2626 3363 2686 de
3310 2712 3359 2987 conditione

3252 1311 3294 1361 et
3234 1395 3297 1591 propria
3249 1626 3291 1677 et
3245 1711 3291 1957 communi
3241 1992 3288 2268 mortalium
3239 2304 3284 2544 meditari.
3222 2616 3283 2758 Quod
3233 2795 3279 2835 si
3231 2871 3278 2984 sub-

3172 1307 3220 1496 limiora
3156 1530 3215 1798 quaedam,
3151 1851 3198 1994 quam
3151 2043 3195 2166 quae
3162 2210 3207 2255 in
3159 2292 3205 2512 mulieris
3154 2549 3197 2768 naturam
3150 2807 3198 2987 cadere

3079 1305 3140 1576 videantur,
3073 1612 3134 1818 cogitata
3088 1853 3134 1966 huic
3085 2000 3131 2166 tribuit
3066 2190 3129 2470 Euripides,
3077 2507 3125 2625 fecit
3074 2650 3121 2756 iure
3072 2789 3113 2840 et
3070 2865 3102 2983 con—

3012 1307 3059 1565 suetudine
2995 1598 3066 1856 poetarum
2991 1893 3053 2169 neutiquam
2986 2197 3049 2513 vituperanda
2982 2552 3043 2646 ²³³².)
2976 2716 3041 2979 Egregium

2932 1306 2975 1384 est
2933 1419 2979 1561 etiam
2919 1598 2979 1707 hoc,
2916 1746 2977 1874 quod
2913 1906 2973 2091 proprii
2923 2130 2969 2371 commodi
2918 2394 2966 2608 studium
2911 2636 2958 2981 commendan-

2854 1303 2896 1403 tem
2854 1441 2902 1563 fecit
2839 1599 2884 1735 eam,
2850 1774 2897 1912 cuius
2848 1950 2880 2112 mores
2845 2151 2891 2209 ab
2844 2246 2875 2304 eo
2840 2341 2887 2498 studio
2836 2535 2878 2646 sunt
2817 2680 2881 2979 alienissimi,

2775 1302 2817 1356 ut
2775 1402 2822 1549 factis
2772 1595 2821 1727 dicta
2755 1772 2817 1878 ipsa
2753 1924 2816 2204 redarguat.
2747 2275 2812 2576 Saepissime
2755 2621 2802 2748 enim
2739 2783 2798 2977 probis-

2695 1301 2742 1535 simorum
2691 1571 2741 1816 hominum
2674 1853 2737 2150 improbiora
2684 2187 2726 2297 sunt
2668 2331 2731 2537 iudicia,
2677 2585 2719 2634 et
2672 2682 2715 2849 contra
2670 2883 2718 2974 im—

2599 1299 2661 1705 probissimorum
2595 1743 2657 2053 probissima.
2602 2124 2654 2349 Laudant
2600 2397 2646 2523 enim
2580 2558 2643 2748 utrique
2589 2783 2639 2975 diversa

2519 1299 2576 1578 sequenteS,
2514 1615 2580 1881 iidemque,
2529 1920 2575 1959 si
2513 1995 2575 2100 quis
2509 2138 2565 2342 repente
2520 2376 2567 2499 deus
2518 2525 2565 2585 iis
2514 2607 2561 2824 mutandi
2495 2857 2541 2972 per—

2455 1297 2488 1442 sonas
2451 1493 2501 1780 facultatem
2435 1830 2498 2004 saciat,
2442 2052 2493 2219 nolint.
2426 2291 2490 2461 ltaque
2437 2510 2485 2633 haec
2431 2684 2479 2845 nutrix
2416 2894 2478 2973 (ut

2374 1298 2423 1551 Ciceronis
2373 1586 2413 1695 utar
2356 1730 2417 1915 verbis)
2361 1973 2410 2421 commodissimum
2357 2469 2390 2579 esse
2353 2629 2402 2775 docet
2335 2828 2382 2971 quam

2294 1294 2343 1567 laxissimas
2290 1618 2340 1831 habenas
2286 1883 2336 2066 habere
2271 2116 2330 2386 amicitiae,
2264 2448 2309 2566 quas
2274 2614 2321 2688 vel
2258 2738 2317 2968 adducas,

2216 1293 2247 1403 cum
2202 1424 2261 1560 velis,
2213 1594 2260 1669 vel
2204 1706 2256 1942 remittas,
2205 2012 2253 2122 Iloc
2186 2157 2242 2472 praeceptum
2199 2498 2243 2537 si
2180 2561 2240 2642 qui
2192 2671 2233 2783 sunt
2175 2810 2236 2968 philo—

2120 1293 2182 1436 sophi
2118 1472 2180 1683 amplexi
2115 1719 2173 1865 atque
2112 1885 2173 2087 argutiis
2108 2124 2171 2469 defenderunt,
2115 2507 2148 2622 sane
2096 2657 2159 2965 vituperandi

2043 1292 2097 1431 sunt3
2055 1467 2097 1516 at
2040 1550 2094 1694 poeta
2035 1729 2097 1870 culpa
2038 1904 2087 2063 vacat,
2030 2101 2091 2182 qui
2039 2218 2089 2444 tribuerit
2038 2479 2085 2525 ei
2019 2549 2067 2805 personae,
2016 2841 2062 2964 quae

1975 1288 2024 1625 vehementius
1971 1652 2019 1809 alieno
1970 1830 2016 1954 malo
1952 1992 1997 2132 quam
1963 2171 1996 2259 suo
1961 2285 2010 2417 dolet
1939 2448 2001 2727 tantamque
1935 2748 1997 2961 aegritu-

1898 1288 1946 1453 dinem
1897 1488 1928 1546 ex
1892 1581 1943 1807 dominae
1886 1844 1937 2121 calamitate
1867 2158 1929 2395 suscipit,
1877 2434 1919 2487 ut
1875 2522 1922 2669 etiam
1872 2705 1918 2767 de
1867 2802 1910 2960 morte

1820 1287 1866 1381 sibi
1814 1415 1862 1765 consciscenda
1795 1801 1856 1995 cogitet.
1790 2063 1855 2237 Neque
1802 2266 1850 2360 hoc
1794 2388 1845 2658 mirandum
1778 2696 1833 2789 est,
1774 2827 1834 2961 quod

1739 1286 1787 1336 in
1739 1369 1786 1539 eadem
1732 1576 1783 1883 dubitatione
1715 1919 1771 2064 atque
1721 2097 1773 2354 Ilamletus
1716 2390 1766 2598 haerens
1712 2635 1759 2778 simili
1707 2811 1754 2960 modo

1645 1284 1702 1432 atque
1660 1468 1706 1550 hic
1637 1586 1702 1979 philosophatur.
1644 2050 1695 2221 Solent
1641 2256 1688 2385 enim
1636 2422 1684 2567 etiam
1619 2594 1682 2839 ineruditi,
1627 2876 1674 2958 ubi

1565 1282 1627 1439 aliqua
1578 1476 1625 1619 animi
1560 1655 1618 2025 perturbatione
1566 2061 1614 2185 ultra
1547 2230 1610 2474 vulgarem
1553 2515 1601 2712 modum
1549 2746 1598 2956 incitan—

1488 1282 1543 1389 tur,
1483 1442 1546 1624 ingenii
1497 1670 1542 1713 vi
1479 1748 1541 1957 inopiam
1484 2006 1535 2255 doctrinae
1463 2303 1512 2622 compensare
1472 2670 1513 2720 et
1468 2753 1513 2954 naturae

1406 1279 1469 1488 quodam
1403 1544 1466 1729 impetu
1407 1777 1460 2103 conditionem
1404 2160 1437 2295 suam
1394 2345 1444 2603 excedere.
1391 2686 1441 2822 Haec
1375 2868 1435 2950 qui

1326 1276 1388 1660 reprehendunt,
1336 1697 1368 1780 eos
1332 1816 1380 1968 miror
1329 1993 1362 2085 uon
1320 2113 1358 2414 communem
1316 2444 1362 2655 omnium
1298 2692 1355 2949 poetarum

1258 1277 1307 1678 consuetudinem
1238 1724 1303 2027 vituperare,
1231 2095 1277 2188 qua
1241 2235 1274 2371 suam
1222 2418 1285 2624 quisque
1229 2673 1282 2948 disserendi

1061 1329 1113 1376 ss)
1065 1406 1113 1702 scholiastes:
1054 1744 1103 1976 Ἐνταῦθα
1052 2014 1095 2062 δὲ
1050 2112 1092 2185 δεῖ
1047 2225 1092 2307 τὸν
1031 2358 1091 2719 ὑποκρινόμενον
1024 2760 1078 2942 κινῆσαι

999 1412 1044 1575 ἑαυτὸν
994 1605 1035 1677 καὶ
976 1711 1032 1904 σχήματι
983 1934 1026 2011 καὶ
966 2032 1022 2180 φωνῇ,
976 2212 1020 2287 καὶ
976 2315 1021 2363 ἐν
959 2391 1015 2455 τῷ
959 2486 1017 2603 εἶμι
956 2631 1012 2774 πρὸς
956 2803 1012 2941 ὕλας

916 1409 975 1667 α’ναπηδᾶν,
913 1700 966 1761 αἷς
903 1790 963 1908 avim)
896 1939 953 2238 πορευομένη.

851 1301 904 1371 W)
856 1401 902 1663 Rectissime
846 1682 891 1965 scholiastes:
841 2000 886 2050 τὸ
827 2084 890 2202 ἦθος
822 2232 880 2530 ἀπειρηκυίας
817 2560 873 2643 τῆς
813 2670 869 2937 θεραπείας,

783 1405 836 1516 (ὅς-τε
770 1539 825 1671 κοινῇ
780 1686 827 1765 τὸν
765 1780 819 1881 βίον
757 1903 814 2183 βλασφημεῖν
752 2203 811 2466 προάγεται.
759 2510 805 2595 Διὸ
757 2614 799 2690 καὶ
742 2709 797 2936 γνωμικὸν

703 1402 765 1680 ἔπειςᾶγεται
704 1698 721 1707 ,
692 1737 755 1847 ὅπερ
688 1878 746 2075 σύνηθες
688 2101 736 2195 τοῖς
681 2223 736 2524 δυςτυχοῠσιν
688 2555 733 2633 ἐπί
684 2658 715 2789 τισιν.
