5010 3336
3856 2104 3911 2224 330

3708 1331 3759 1486 erant,
3701 1523 3759 1885 oppugnarent3
3716 1921 3765 2299 Atheniensibus
3705 2334 3760 2527 autem„
3703 2571 3763 2699 quod
3714 2748 3763 2989 civitatem

3636 1330 3684 1511 sociam
3622 1557 3684 1747 sibique
3622 1797 3685 2086 vectigalem
3637 2124 3683 2183 ad
3637 2220 3686 2550 defectionem
3635 2584 3685 2891 induxissent
3623 2923 3677 2990 et,

3556 1328 3588 1387 ex
3541 1420 3605 1649 professo
3548 1683 3604 1950 venientes,
3542 1986 3589 2076 pro
3557 2111 3606 2515 Potidaeensibus
3558 2552 3589 2659 cum
3541 2695 3603 2815 ipsis
3556 2850 3603 2989 dimi-

3477 1327 3518 1554 cassent''
3466 1581 3527 1649 ²¹³).
3464 1718 3524 1879 Quum
3477 1915 3525 2090 deinde
3461 2127 3519 2491 oppugnaretur
3465 2524 3525 2774 Potidaea,
3476 2814 3524 2991 Corin-

3397 1324 3445 1419 thii
3397 1448 3444 1606 socios
3382 1626 3444 1935 instigarunt,
3398 1972 3438 2024 ut
3398 2057 3445 2475 Lacedaemonem
3381 2514 3445 2989 convenirffl1t,ipsi-

3302 1323 3349 1419 que
3317 1451 3364 1700 venientes
3316 1736 3364 2061 Athenienses
3310 2097 3359 2410 accusarunt,
3303 2466 3364 2593 quod
3301 2630 3369 2990 ruptisfoede-

3237 1322 3285 1457 ribus
3236 1503 3284 1725 iniuriam
3237 1774 3285 1994 facerent
3221 2042 3286 2421 Peloponnesiis
3237 2491 3285 2574 Sic
3235 2620 3284 2800 bellum
3238 2846 3286 2989 Pelo-

3142 1321 3204 1605 ponnesium
3157 1642 3205 1893 decretum
3159 1932 3201 2021 est.

3078 1451 3125 1747 Acutissime
3078 1782 3125 2058 observavit
3077 2082 3127 2295 Vaterus
3078 2319 3124 2366 in
3078 2394 3125 2546 Rhesi
3077 2574 3126 2792 vindiciis
3061 2812 3108 2862 p.
3070 2881 3124 2988 165,

2982 1321 3029 1425 cap.
2987 1462 3046 1522 V,
2997 1559 3043 1636 35.
2983 1673 3040 1865 pactum
2985 1900 3045 2055 Aegei
2998 2092 3040 2142 et
2997 2168 3045 2379 Medeae
2998 2406 3046 2703 simillimum
2996 2735 3029 2844 esse
2996 2880 3044 2988 foe-

2918 1318 2966 1425 deri
2918 1459 2966 1835 Atheniensium
2919 1873 2961 1923 et
2903 1958 2965 2364 Corcyraeorum.
2904 2434 2964 2653 Rogatus
2917 2676 2963 2800 enim
2918 2825 2948 2851 a
2917 2876 2965 2988 Me-

2838 1318 2887 1409 dea
2825 1443 2885 1654 Aegeus,
2839 1690 2882 1744 ut
2840 1780 2870 1887 eam
2823 1922 2886 2169 reciperet
2827 2203 2885 2427 Athenis,
2835 2464 2884 2585 haec
2820 2618 2885 2909 respondet:

2757 1444 2807 1656 πολλῶν
2757 1693 2810 1833 ἕκατι
2742 1866 2808 2022 τήνδε
2756 2057 2796 2138 σοι
2756 2174 2807 2367 δοῦναι
2741 2400 2806 2570 χάριν,

2661 1445 2726 1619 γύναι,
2663 1655 2726 1937 πρόθυμός
2662 1974 2726 2074 εἰμι
2689 2237 2698 2300 ——-
2689 2433 2696 2498 —

2595 1441 2646 1661 τοσόνδε
2582 1694 2646 1871 μέντοι
2594 1907 2634 1992 σοι
2579 2024 2646 2385 προσημαίνει),
2580 2419 2646 2604 γύναι·

2513 1441 2568 1499 ἐκ
2497 1532 2565 1683 τῆςδε
2499 1716 2564 1812 μὲν
2497 1845 2560 1942 γῆς
2514 1975 2561 2039 οὔ
2514 2076 2561 2121 σ’
2499 2158 2561 2303 α’γειν
2498 2339 2563 2684 βουλήσομαι,

2417 1443 2484 1576 αὐτὴ
2432 1613 2483 1658 δ’
2418 1695 2486 1882 ἐάνπερ
2423 1919 2482 1989 εἰς
2418 2023 2489 2182 ἐμοὺς
2416 2216 2481 2372 ἔλθῃς
2418 2408 2482 2624 δόμους,

2336 1441 2398 1613 μενεῖς
2342 1648 2399 1860 ἄσυλος,
2351 1898 2399 1995 κοῦ
2351 2033 2390 2086 σε
2335 2122 2403 2191 μὴ
2336 2225 2399 2369 μεθῶ
2351 2404 2383 2521 τινι.

2271 1441 2324 1497 ἐκ
2254 1530 2321 1683 vagae
2271 1720 2321 1767 δ’
2254 1804 2321 1935 αὐτὴ
2253 1970 2316 2066 γῆς
2269 2100 2320 2437 ἀπαλλάσσου
2269 2473 2320 2613 πόδα
2295 2634 2306 2644 ·

2180 1440 2241 1744 άναίτιος
2174 1791 2240 1914 γὰρ
2189 1951 2239 2062 καὶ
2179 2098 2239 2319 ξένοις
2188 2355 2243 2530 εἶναι
2190 2564 2242 2754 θέλω.

2109 1309 2157 1418 Non
2110 1451 2156 1608 miuus
2095 1655 2156 1802 igitur
2110 1838 2150 1976 caute
2094 2013 2155 2469 circumspecteque
2095 2505 2154 2696 Aegeus
2105 2732 2160 2982 Medeam,

2030 1309 2060 1335 a
2031 1372 2077 1637 Corinthiis
2032 1671 2077 1840 iniuria
2020 1875 2078 2131 affectam,
2031 2182 2077 2230 in
2031 2266 2077 2413 fidem
2018 2450 2077 2751 tutelamque
2018 2785 2080 2979 recipit,
2018 3182 2022 3183 ι

1935 1309 1981 1450 quam
1951 1488 1998 1813 Athenienses
1937 1852 1999 2158 Corcyraeis,
1951 2196 1982 2256 ne
1950 2292 1996 2350 ab
1949 2384 1998 2558 iisdem
1935 2587 1998 2980 profligarentur,
1957 3180 2015 3185 l

1869 1308 1917 1488 auxilio
1871 1524 1918 1742 suerunt.
1871 1810 1920 2052 Neutrum
1870 2088 1913 2250 antem
1854 2285 1917 2607 patrocinium
1863 2643 1918 2719 iis,
1857 2758 1919 2840 qui
1872 2870 1903 2979 sus-

1774 1309 1831 1573 ceperunt,
1792 1623 1839 1834 salutare
1792 1867 1838 1960 fuit
1792 1996 1831 2047 et
1774 2085 1838 2351 Corcyraei
1776 2388 1822 2584 quoque
1792 2613 1823 2726 suos
1775 2772 1838 2865 ipsi
1792 2893 1824 2978 co-

1709 1306 1756 1444 lonos
1695 1483 1759 1815 EpidamniOS,
1712 1852 1743 1961 cum
1695 1999 1757 2247 supplices
1709 2283 1756 2329 iu
1710 2365 1757 2558 Iunonis
1695 2589 1758 2774 templo
1710 2800 1758 2979 seden-

1628 1306 1670 1383 tes
1630 1419 1678 1649 auxilium
1631 1699 1673 1867 contra
1630 1908 1676 2142 barbaros
1614 2190 1671 2441 peterent,
1614 2487 1677 2821 prodiderant.
1631 2901 1679 2978 Ad

1548 1304 1596 1430 hanc
1551 1475 1582 1638 rerum
1551 1692 1599 2017 conditionem
1533 2063 1596 2313 respicere
1548 2362 1596 2540 chorus
1548 2584 1596 2842 mulierum
1550 2880 1598 2976 Co-

1465 1303 1517 1593 rinthiarum
1471 1632 1518 1823 videtur
1470 1858 1502 1915 eo
1459 1952 1518 2074 loco,
1455 2114 1500 2209 quo
1467 2243 1515 2614 Atheniensium
1469 2642 1515 2794 vicem
1458 2826 1517 2975 dolet,

1369 1304 1435 1433 quod
1390 1469 1437 1698 feminam
1391 1737 1437 1972 nefariam
1388 2012 1436 2210 civitate
1370 2244 1435 2524 laribusque
1372 2557 1435 2803 recepturi
1387 2848 1435 2975 sint:

1299 1434 1356 1548 πῶς
1309 1583 1364 1681 οὖν
1295 1717 1359 1870 ἱερῶν
1292 1904 1356 2158 ποταμῶν

1211 1435 1278 1468 ἢ
1218 1504 1278 1652 πόλις
1212 1685 1279 1717 ἢ
1213 1756 1278 1927 φίλων

1131 1433 1196 1701 πόμπιμός
1147 1735 1184 1790 σε
1132 1824 1197 1969 χώρα

1066 1434 1116 1532 τὰν
1052 1566 1117 1960 παιδολὲτειραν
1056 1995 1120 2119 ἔξεις
1050 3179 1128 3183 l

969 1306 1032 1625 quomodo
971 1660 1032 1854 igitur
986 1890 1029 1950 te
969 1979 1034 2590 (Medeam)sacr0rum
988 2628 1036 2970 ‘fluviorum
938 3177 1012 3183 f

903 1307 952 1540 civitas
907 1592 946 1696 aut
904 1740 953 2088 amicorum
903 2138 947 2317 terra
891 2366 954 2693 recipiens
907 2731 954 2970 libero-
855 3174 935 3180 j

731 1364 784 1413 ἢ
742 1443 785 1587 Thuc.
735 1618 787 1651 Ι,
746 1683 788 1750 66.
