5010 3336
3920 3251 3964 3333 oxi-ae

4020 3308 4045 3331 ,ι
4012 3251 4041 3286 ’Μ’-

1180 2147 1235 2265 453

1342 2910 1388 3033 quae
1326 2682 1373 2867 notatio
1328 2586 1373 2633 in
1326 2441 1372 2547 love
1324 2165 1385 2390 quidem,
1325 1984 1371 2120 cuius
1326 1730 1387 1935 plurima
1328 1385 1373 1687 innotuerant

1411 2855 1466 3034 stupra,
1405 2621 1452 2817 minime
1405 2374 1451 2588 miranda
1408 2248 1461 2338 est,
1402 1937 1464 2215 Neptunum
1411 1739 1451 1899 autem
1420 1608 1451 1704 non
1405 1386 1452 1574 videtur

1490 2892 1547 3036 poeta
1484 2526 1530 2858 nominaturus
1482 2306 1539 2493 fuisse,
1480 2163 1526 2255 nisi
1482 1958 1542 2117 paullo
1489 1812 1531 1923 ante
1488 1557 1545 1776 stuprum
1499 1388 1529 1520 com—

1568 2704 1622 3037 memorasset,
1561 2618 1607 2668 id
1561 2456 1622 2583 quod
1561 2374 1606 2421 in
1557 2091 1606 2355 Erechthei
1562 1856 1624 2055 prologo
1562 1642 1608 1823 factum
1578 1494 1608 1604 esse
1578 1388 1623 1472 ap-

1644 2881 1703 3037 paret.
1642 2687 1687 2814 Ante
1641 2502 1701 2651 ipsam
1653 2283 1700 2467 pacem,
1652 2124 1699 2245 quae
1636 1927 1685 2096 Niciae
1640 1551 1702 1896 appellabatur,
1640 1388 1687 1511 Ere-

1719 2874 1765 3039 chthei
1719 2640 1769 2852 fabulam
1718 2428 1765 2614 doctam
1732 2292 1763 2403 esse
1730 2207 1762 2267 ex
1716 2105 1773 2180 iis,
1732 1959 1777 2080 quae
1717 1889 1762 1935 in
1717 1722 1764 1865 huius
1720 1601 1765 1695 vita
1718 1389 1765 1583 Plutar-

1797 2921 1844 3040 chus
1798 2816 1861 2885 (p.
1800 2670 1847 2779 529.
1814 2592 1844 2632 c.
1794 2487 1857 2556 9.)
1798 2277 1852 2452 narrat,
1795 2012 1841 2241 coniicio:
1789 1737 1843 1976 ἐπόθουν
1796 1613 1844 1705 τὸν
1794 1391 1859 1579 ἀμίαν-

1891 2949 1924 3042 τον
1874 2830 1925 2917 καὶ
1874 2534 1938 2796 ἀπόλεμον
1871 2355 1935 2500 βίον,
1870 2144 1937 2308 ἡδέως
1871 2003 1936 2099 μὲν
1873 1662 1937 1970 ᾀδόντων
1874 1553 1924 1630 τὰ
1892 1392 1925 1521 τοι-

1957 2870 2004 3037 αὕτα
1954 2614 2020 2836 χορῶν
1952 2277 2010 2582 ἀκούοντες·

2034 2719 2085 2914 κείσθω
2032 2551 2095 2683 δόρυ
2050 2428 2097 2518 μοι
2031 2243 2095 2396 μίτον
2030 1872 2096 2211 ἀμφιπλέκειν

2113 2667 2178 2914 ἀράχναις
2114 2529 2163 2635 κτλ.

2194 2566 2257 2916 Argumentum
2198 2370 2240 2532 autem
2193 2145 2241 2336 fabulae
2195 1954 2257 2113 ipsum
2211 1861 2241 1916 ea
2199 1610 2257 1828 tempora
2195 1392 2258 1575 signifi-

2288 2934 2320 3045 care
2273 2692 2329 2900 videtur,
2272 2484 2334 2655 quibus
2274 2196 2334 2447 quotannis
2272 1835 2335 2177 Peloponnesii
2275 1758 2319 1803 in
2274 1600 2319 1722 fines
2274 1389 2321 1576 Atticae

2352 2725 2399 3047 incursionem
2350 2407 2397 2670 faciebant.
2350 2276 2397 2327 ln
2351 1940 2399 2216 discrimine
2353 1703 2399 1886 versari
2352 1391 2416 1655 rempubli-

2447 2910 2489 3045 cam;
2430 2650 2488 2857 virtute,
2429 2330 2492 2603 probitate,
2431 1953 2477 2286 moderatione
2430 1848 2477 1907 ad
2447 1707 2477 1811 eam
2430 1391 2478 1671 servandam

2524 2923 2571 3044 opus
2524 2745 2567 2886 esse;
2508 2496 2571 2710 singulis,
2507 2334 2569 2460 quod
2509 2104 2570 2305 quisque
2510 1894 2557 2071 habeat
2510 1570 2557 1865 carissimum
2514 1390 2571 1536 atque

2587 2621 2650 3045 pretiosissimum,
2588 2408 2650 2593 patriae
2588 2020 2634 2383 condonandum
2604 1857 2647 1993 esse3
2590 1557 2636 1820 liberorum
2604 1392 2635 1523 mor-

2673 2971 2714 3046 tes
2666 2821 2713 2935 forti
2666 2630 2714 2788 animo
2671 2545 2713 2593 et
2666 2253 2727 2510 tranquillo
2667 1968 2725 2218 serendas,
2684 1777 2730 1933 neque
2667 1559 2714 1743 animos
2667 1393 2713 1526 iuve-

2761 2916 2803 3047 num,
2760 2731 2806 2878 quum
2746 2650 2793 2698 in
2746 2437 2794 2616 bellum
2746 2016 2807 2401 proficiscantur,
2746 1771 2793 1979 lacrimis
2750 1548 2793 1755 matrum
2744 1392 2791 1513 mol-

2823 2854 2870 3041 liendos
2839 2690 2883 2817 esse,
2824 2533 2871 2656 haec
2825 2297 2885 2497 eiusque
2825 2071 2885 2262 generis
2825 1942 2871 2034 alia
2841 1754 2887 1907 paene
2825 1501 2871 1720 omnibus
2823 1393 2870 1466 lo-

2903 2979 2950 3046 cis
2902 2570 2965 2943 praecipiuntur.
2902 2217 2965 2502 Euripidem
2904 2023 2965 2181 ipsum
2906 1900 2950 1987 sub
2919 1662 2966 1873 persona
2904 1393 2950 1625 latentem

2981 2925 3029 3049 haec
2980 2712 3028 2891 docere
2986 2521 3043 2679 putes,
2987 2435 3029 2483 et
2981 2181 3028 2420 Periclem
2982 1873 3029 2146 laudatione
2982 1645 3029 1839 funebri
2997 1508 3041 1611 eOS,
2982 1391 3043 1472 qui

3075 2961 3124 3052 pro
3060 2772 3122 2928 patria
3065 2519 3107 2729 mortem
3061 2134 3121 2473 occubuerint,
3065 1710 3124 2085 prosequentem
3060 1391 3122 1676 animosque

3139 2782 3202 3049 lugentium
3139 2380 3186 2747 confirmantem
3140 2164 3187 2333 audire
3140 1979 3186 2118 nobis
3140 1711 3187 1933 videmur
3139 1392 3187 1678 Praxitheae

3222 2906 3277 3050 atque
3216 2590 3264 2861 Erechthei
3218 2303 3264 2541 orationes
3219 2020 3281 2255 legentes.
3218 1738 3264 1940 Licebat
3223 1529 3264 1691 autem
3217 1394 3264 1477 illo

3302 2827 3359 3049 tempore
3295 2390 3357 2802 sperare,bellnm
3296 2228 3342 2361 brevi
3302 1980 3357 2202 tempore
3297 1643 3359 1965 compositum
3295 1393 3352 1617 iri,redi-

3380 2886 3422 3050 turum
3375 2669 3430 2850 otium,
3374 2493 3433 2633 sore,
3380 2393 3421 2444 ut
3377 2229 3436 2359 pacis
3382 2066 3422 2193 artes
3391 1689 3436 2031 musarumque
3375 1496 3421 1653 studia
3375 1394 3421 1466 in-

3453 2792 3515 3047 terpellata
3454 2710 3500 2759 in
3454 2480 3501 2677 victrice
3454 2254 3501 2443 civitate
3455 2050 3501 2221 laetius
3456 1720 3517 2014 uberiusque
3454 1428 3501 1686 florerent:

3530 2723 3581 2916 δέλτων
3530 2648 3580 2691 τ’
3530 2232 3595 2611 ἀναπτύσσοιμι
3535 2004 3598 2191 γῆρυν,

3612 2852 3660 2920 ἃν
3609 2656 3675 2816 σοφοὶ
3609 2374 3661 2622 κλέονται.

3692 2879 3753 3051 Neque
3708 2786 3739 2844 ea
3708 2639 3755 2751 spes
3692 2372 3739 2605 frustrata
3696 2207 3738 2336 esset
3693 1814 3753 2173 Athenienses,
3693 1732 3738 1775 si
3690 1498 3738 1697 Periclis
3689 1396 3734 1463 si—

3772 2912 3819 3052 miles
3772 2788 3817 2877 viri
3778 2643 3834 2754 post
3772 2436 3819 2616 obitum
3774 2306 3818 2406 eius
3772 1964 3829 2277 exstitissent,
3773 1846 3834 1927 qni
3788 1698 3834 1821 quae
3770 1594 3817 1675 ille
3784 1395 3829 1567 magno

3850 2892 3898 3051 animo
3856 2806 3898 2857 et
3852 2590 3913 2773 patriae
3852 2230 3899 2556 amantissimo
3852 1860 3911 2196 inchoaverat,
3852 1711 3915 1813 pari
3851 1489 3898 1668 virtute
3849 1395 3897 1457 ad

3930 2870 3978 3052 exitum
3930 2526 3979 2837 adducerent.

4156 2401 4206 2467 A.
4156 2248 4205 2273 l
4174 2126 4206 2163 n
4173 1994 4206 2041 o.

4256 2575 4319 2924 Argumentum
4260 2364 4307 2529 addito
4260 2120 4307 2314 nomine
4259 1880 4307 2073 fabulae
4259 1613 4320 1834 Hyginus
4253 1394 4302 1565 retulit

4352 3007 4383 3049 c.
4337 2906 4395 2981 4.;
4335 2740 4383 2871 idem
4337 2622 4385 2715 hoc
4337 2427 4387 2593 drama
4339 2300 4387 2393 alio
4340 2173 4386 2281 loco
4340 2074 4401 2136 (c.
4339 1980 4400 2048 l.)
4342 1710 4402 1943 sequutus
4339 1598 4384 1685 est.
4333 1395 4381 1562 lmita-

4418 2971 4463 3050 tus
4415 2649 4479 2937 Euripidem
4418 2451 4468 2617 Livius
4436 2306 4468 2415 esse
4420 2225 4468 2271 in
4419 1905 4481 2189 cognomine
4417 1708 4465 1869 fabula
4415 1472 4464 1677 videtur.
