5010 3336
3982 3285 4001 3301 :-
3960 3242 3995 3267 si

1025 2112 1081 2229 215

1195 2780 1255 2995 pretatus
1191 2648 1243 2741 est,
1198 2519 1245 2611 quo
1176 2210 1225 2481 ostenditur
1172 1930 1231 2179 Telephus
1168 1859 1214 1903 in
1181 1749 1211 1829 ara
1161 1560 1209 1725 sacelli
1160 1342 1214 1536 sedens,

1274 2844 1318 2997 altera
1282 2670 1314 2810 manu
1264 2409 1307 2632 Orestem
1253 2123 1316 2372 paruulum
1252 2024 1295 2067 in
1246 1791 1310 1974 gremio
1249 1546 1295 1741 tenens,
1239 1338 1284 1489 altera

1351 2821 1397 2993 stricto
1346 2627 1407 2785 gladio
1343 2446 1386 2588 ictum
1333 2165 1380 2407 minitans.
1329 2043 1373 2092 ln
1328 1879 1372 2004 hunc
1325 1591 1369 1830 irruentes
1320 1339 1380 1542 Agame-

1444 2834 1480 2994 mnon,
1425 2595 1484 2793 Ulysses
1425 2424 1476 2566 atque
1410 2183 1457 2397 Achilles
1424 2124 1452 2149 a
1408 1708 1467 2092 Clytaemnestra
1399 1337 1462 1670 prohibentur.

1508 2776 1566 2993 Quorum
1498 2514 1547 2729 Achilles
1492 2152 1553 2458 Ulyssesque
1485 1947 1531 2116 armati
1486 1800 1529 1910 sunt
1480 1469 1538 1764 strictosque
1476 1334 1536 1435 gla—

1586 2891 1630 2995 dios
1580 2635 1628 2855 manibus
1576 2403 1628 2598 tenent,
1570 2026 1630 2355 Agamemnon
1568 1788 1617 1981 autem,
1562 1683 1604 1737 ut
1556 1558 1615 1637 qui
1555 1332 1601 1511 bellum

1667 2724 1716 2993 aversetur,
1654 2460 1701 2685 vestitum
1650 2278 1696 2425 habet
1662 2118 1701 2244 eum,
1659 1987 1705 2080 quo
1641 1878 1688 1949 uti
1641 1652 1701 1844 poterat
1636 1492 1680 1619 inter
1633 1330 1677 1456 cives

1741 2790 1799 2988 degens,
1741 2701 1783 2751 et
1738 2416 1795 2666 sceptrum
1743 2290 1791 2378 pro
1725 2094 1785 2253 gladio
1725 1909 1769 2057 tenet.
1712 1449 1778 1841 Teleplnixultus
1711 1328 1757 1423 sci·

1817 2798 1866 2993 scitanti
1814 2558 1868 2763 similis,
1807 2345 1870 2521 reliqui
1804 2017 1852 2309 aanetatem
1800 1754 1863 1981 produnt,
1796 1670 1840 1718 in
1791 1438 1838 1633 infantis
1805 1328 1851 1414 pe—

1898 2785 1946 2989 riculum
1910 2663 1942 2749 ora
1892 2270 1938 2627 convertentes,
1882 1995 1929 2198 Achillis
1892 1701 1941 1957 personam
1872 1480 1919 1663 addens
1868 1326 1915 1443 arti-

1978 2906 2024 2991 fex
1974 2580 2035 2872 anticipasse
1983 2406 2029 2530 quae
1966 2307 2012 2355 in
1965 2053 2010 2271 dramate
1958 1838 2021 1998 paullo
1954 1645 2001 1802 serius
1949 1321 1997 1607 eveniebant

2056 2786 2103 2991 videtur.
2050 2495 2098 2715 Eandem
2062 2354 2093 2456 rem
2044 1888 2106 2305 repraesentatam
2033 1685 2082 1846 inveni
2033 1599 2077 1646 in
2028 1321 2090 1555 amphora

2134 2781 2197 2990 quadam
2127 2452 2185 2757 Hamiltonii‚
2140 2282 2187 2423 quam
2122 2192 2167 2252 ad
2117 1856 2181 2166 Astyanactis
2116 1614 2161 1819 mortem
2121 1322 2173 1576 perperam

2212 2721 2261 2990 Tischbein
2209 2604 2268 2689 (T.
2207 2515 2253 2571 ll.
2206 2389 2253 2483 tab.
2202 2286 2263 2358 6.)
2201 2065 2247 2249 retulit.
2197 1831 2244 1982 Sedet
2194 1748 2240 1796 in
2208 1633 2238 1712 ara
2185 1318 2250 1597 triglyphis,

2293 2835 2355 2986 signis
2290 2512 2349 2801 duabusque
2283 2166 2344 2469 Spliingibus
2282 1972 2324 2137 ornata
2275 1679 2335 1949 Telephus,
2271 1472 2316 1642 dextro
2264 1316 2328 1442 pede

2372 2821 2419 2984 fasciis
2368 2539 2421 2783 obvoluto,
2365 2256 2421 2503 ictumque
2360 2009 2404 2219 minatur
2368 1824 2416 1975 puero
2350 1590 2405 1787 Oresti,
2346 1462 2408 1542 qui
2358 1314 2405 1427 pas—

2451 2912 2498 2979 sis
2448 2654 2495 2874 manibus
2442 2385 2491 2618 auxilium
2440 2123 2500 2346 implorat
2434 1871 2490 2087 nutriciS‚
2447 1808 2477 1834 a
2433 1635 2492 1773 parte
2427 1410 2472 1600 sinistra
2437 1315 2468 1392 acu

2527 2725 2576 2982 currentis.
2525 2575 2572 2648 Ab
2522 2382 2568 2533 altera
2524 2195 2580 2330 parte
2516 1765 2577 2157 Clytaemnestra
2524 1677 2554 1730 se
2505 1476 2553 1641 obiicit
2503 1310 2561 1442 Aga-

2606 2735 2655 2979 memnoni
2619 2590 2651 2699 cum
2602 2417 2647 2554 hasta
2605 2328 2644 2379 et
2596 2130 2659 2290 gladio
2596 2046 2640 2092 in
2591 1733 2653 2011 Telephum
2584 1480 2634 1697 irruenti.
2578 1309 2627 1432 Vul—

2692 2904 2734 2980 tus
2686 2655 2733 2869 omnium
2685 2354 2742 2620 gestusque
2673 1958 2723 2313 evidentissimi
2676 1794 2716 1922 suut.

2766 2735 2812 2842 Non
2774 2498 2824 2699 possum
2758 2318 2803 2464 finem
2755 2166 2801 2280 huic
2748 1803 2799 2129 dissertationi
2748 1472 2808 1756 imponere,
2737 1304 2800 1418 quin

2844 2759 2894 2974 veritatis
2838 2474 2901 2723 exemplar
2837 2089 2889 2438 demonstmaem„
2830 1995 2875 2053 ad
2829 1822 2875 1956 cuius
2823 1432 2872 1792 similitudinem
2817 1304 2863 1402 Te-

2926 2840 2988 2974 lephi
2938 2698 2969 2805 sors
2916 2356 2966 2661 conformata
2920 2231 2960 2319 est.
2906 1811 2958 2159 Themistoclis
2904 1630 2951 1758 enim
2898 1398 2948 1580 exsulis
2900 1300 2942 1350 et

3003 2764 3051 2979 hostium
2999 2592 3045 2710 fidei
3012 2488 3043 2541 se
2992 2109 3057 2435 permittentis
3003 1932 3035 2071 casus
2986 1785 3033 1895 sere
2983 1536 3046 1748 singulos
2980 1408 3026 1500 hac
2975 1300 3022 1373 fa-

3083 2859 3131 2971 bula
3077 2462 3143 2825 repraesentari
3076 2233 3136 2428 planum
3077 2122 3117 2196 est
3068 2026 3130 2091 '‘).
3067 1878 3113 1953 Ad
3064 1503 3111 1831 Molossorum
3071 1298 3119 1466 regem

3164 2681 3216 2973 Admetum,
3157 2538 3202 2628 sibi
3154 2226 3209 2487 infestum,
3149 1970 3211 2187 confugit
3142 1543 3199 1935 Themistocles,
3144 1447 3185 1495 et
3151 1297 3183 1411 sua-

3243 2826 3288 2971 dente
3244 2644 3299 2790 atque
3234 2379 3279 2607 auxilium
3232 2021 3292 2338 promittente
3241 1834 3272 1984 uxore
3224 1694 3269 1798 eius
3219 1478 3267 1657 Phthia
3252 1443 3273 1455 ,
3229 1296 3279 1404 par-

3320 2811 3366 2973 vulum
3316 2635 3378 2763 regis
3314 2447 3360 2596 filium
3310 2175 3370 2381 arripuit
3313 2080 3352 2129 et
3322 1923 3351 2032 cum
3319 1821 3349 1879 eo
3318 1719 3347 1772 se
3302 1628 3345 1671 in
3296 1291 3352 1573 sacrarium,

3397 2836 3460 2965 quod
3410 2615 3441 2800 summa
3392 2331 3437 2578 cole-batur
3385 2017 3442 2293 cerimonia,
3382 1756 3429 1979 coniecit.
3378 1571 3425 1686 Inde
3391 1454 3421 1547 uon
3372 1290 3435 1426 prius

3490 2738 3537 2966 egressus
3478 2610 3529 2701 est,
3486 2433 3531 2574 quam
3485 2307 3514 2393 rex
3483 2161 3512 2270 enm
3464 2016 3509 2123 data
3462 1793 3507 1965 dextra
3459 1710 3503 1757 in
3456 1522 3502 1673 fidem
3453 1290 3513 1485 recipe·

3562 2874 3614 2969 ret„
3570 2696 3616 2837 quam
3550 2402 3614 2658 praestitit.
3547 2208 3592 2329 Nam
3560 2022 3605 2170 quum
3542 1924 3585 1981 ab
3535 1507 3585 1885 Atheniensibus
3538 1419 3578 1468 et
3531 1290 3577 1385 La-

3633 2638 3683 2965 cedaemoniis
3631 2236 3690 2587 exposceretur
3622 1969 3685 2185 publice7
3618 1646 3680 1918 supplicem
3627 1498 3658 1591 non
3608 1286 3673 1451 prodi—

3715 2892 3761 2964 dit
3710 2766 3775 2865 zm).
3710 2498 3756 2677 Postea
3708 2321 3751 2449 idem
3700 1911 3749 2273 Themistocles
3697 1798 3743 1857 ad
3709 1581 3756 1746 regem
3691 1286 3737 1545 Persarum

3792 2711 3855 2962 confugit„
3790 2616 3835 2666 in
3789 2436 3835 2570 cuius
3787 2204 3832 2398 domum
3782 1959 3843 2164 plurima
3777 1800 3823 1922 mala
3773 1549 3820 1765 omnium
3770 1283 3815 1499 Graeco-

3888 2850 3920 2957 rum
3869 2518 3926 2812 contulerat‚
3881 2316 3927 2461 quum
3862 2054 3909 2265 Xerxem
3858 1837 3904 2017 bellum
3855 1547 3901 1801 universae
3850 1280 3906 1511 Europae

3952 2662 3999 2958 inserentem
3964 2516 3994 2625 cum
3946 2343 3992 2489 tantis
3942 2140 4003 2311 copiis,
3943 1902 4000 2102 quantas
3950 1734 3982 1874 nemo
3935 1565 3979 1705 antea
3928 1282 3982 1538 habuerat,

4061 2840 4114 2887 *)
4060 2600 4100 2811 Viderunt
4030 2473 4098 2561 hoc
4057 2246 4096 2428 Vaterus
4051 2038 4093 2206 vindic.
4049 1869 4089 2007 Rhcs.
4063 1796 4101 1836 p.
4043 1576 4087 1762 CLXIV.
4039 1402 4080 1513 Geel
4038 1339 4077 1367 Ι.
4037 1279 4076 1306 l.

4134 2777 4171 2819 et
4130 2542 4171 2748 Weleker
4142 2479 4167 2529 us
4142 2406 4179 2449 p.
4124 2274 4165 2375 481..

4200 2835 4252 2906 W)
4199 2628 4241 2803 Cornel.
4197 2379 4241 2595 Themist.
4210 2307 4233 2343 c.
4193 2239 4233 2277 8.
4190 2036 4232 2178 Thuc.
4188 1970 4241 2003 Ι,
4185 1842 4228 1937 136.

2207 851 2303 866 *saw*
2319 857 2329 865 ⁴.
