5010 3336
1810 3246 1820 3285 ιιιιι

2180 3261 2211 3303 ln„

2841 3249 2884 3310 &mn

1007 2129 1085 2249 253'

1189 2816 1249 3005 pestem
1181 2687 1229 2781 sibi
1179 2439 1227 2653 Iocastes
1172 2047 1224 2404 matrimonium
1186 1901 1218 2010 esse
1168 1650 1231 1866 Oedipus
1180 1361 1231 1621 cognosce-

1270 2913 1322 3003 ret,
1264 2755 1310 2878 haec
1260 2530 1308 2720 miseria
1258 2185 1304 2496 veliementer
1251 1870 1311 2151 augebatur,
1251 1793 1295 1833 si
1247 1643 1294 1758 illud
1247 1481 1293 1607 idem
1262 1357 1292 1458 ma-

1343 2723 1391 3001 trimonium
1345 2548 1386 2686 antea
1334 2265 1382 2513 felicitatis
1336 2070 1392 2215 caput
1335 1973 1375 2023 et
1328 1534 1383 1926 fundamentum,
1326 1357 1372 1485 salus

1422 2780 1486 3001 perdito,
1418 2505 1480 2743 refugium
1415 2286 1470 2468 eiecto,
1410 2103 1456 2238 littus
1405 1836 1470 2067 naufrago
1421 1693 1451 1802 esse
1406 1507 1451 1659 visum
1409 1354 1452 1471 erat.

1502 2864 1548 2999 Hanc
1506 2659 1545 2818 autem
1493 2328 1542 2611 sententiam
1488 2143 1551 2282 primi
1486 1935 1532 2096 statim
1490 1675 1531 1898 auctores
1484 1352 1544 1638 effingendis

1578 2823 1641 2997 Oedipi
1578 2595 1625 2786 casibus
1574 2198 1635 2559 expresserant,
1572 2110 1613 2161 ut
1580 1842 1612 2075 summam
1563 1597 1609 1805 hominis
1562 1352 1609 1563 felicita-

1663 2897 1704 2998 tem
1672 2628 1705 2861 summam
1667 2448 1714 2593 saepe
1649 2146 1705 2413 miseriam,
1650 1991 1691 2093 tum
1660 1704 1689 1939 summam
1641 1349 1704 1655 prudentiam

1754 2765 1784 2996 summam
1730 2346 1796 2715 imprudentiam
1741 2185 1774 2294 esse
1723 1800 1771 2127 ostenderent.
1721 1596 1767 1713 Laio
1720 1346 1779 1547 latrone,

1833 2851 1878 2994 quem
1814 2612 1879 2826 putabat,
1818 2527 1857 2575 et
1809 2266 1871 2498 Sphinge,
1810 2091 1869 2228 peste
1804 1705 1858 2067 Thebanorum,
1799 1470 1846 1668 sublatis
1798 1347 1845 1443 Oe-

1896 2850 1958 2994 dipus
1896 2769 1941 2814 in
1893 2542 1955 2734 reginae
1887 2150 1935 2507 matrimonium
1886 1800 1947 2116 pervenerat,
1879 1545 1941 1751 patriam
1876 1344 1935 1499 exsul,

1990 2795 2035 2996 regnum
1986 2577 2036 2758 egenus
1970 2337 2030 2541 adeptus
1969 2181 2012 2299 erat.
1963 1951 2023 2115 ltaque
1965 1867 2007 1914 et
1959 1654 2022 1833 ingenti
1973 1460 2005 1621 rerum
1973 1342 2020 1427 ge-

2058 2814 2101 2994 starum
2052 2635 2115 2786 gloria
2049 2386 2105 2609 florebat,
2051 2299 2092 2349 et
2048 2059 2091 2277 servator
2041 1861 2088 2030 civium
2040 1584 2099 1834 victorque
2035 1340 2095 1562 monstri,

2149 2965 2179 2992 a
2148 2837 2195 2930 quo
2130 2624 2195 2800 singuli
2130 2530 2175 2590 ad
2126 2240 2174 2487 interitum
2123 2067 2185 2195 rapti
2126 1855 2175 2017 erant,
2116 1441 2174 1802 celebrabatur,
2118 1340 2161 1389 et

2228 2838 2277 2994 paene
2212 2668 2259 2805 diros
2207 2377 2271 2633 prudentia
2219 2135 2265 2342 aequare
2200 1849 2247 2103 videbatur
2197 1657 2243 1815 soluto
2194 1339 2257 1628 aenigmate,

2291 2863 2353 2989 quod
2289 2594 2338 2809 omnium
2287 2357 2350 2551 fugerat
2298 2096 2330 2311 acumen.
2279 1920 2325 2014 lam
2276 1726 2323 1869 etiam
2274 1472 2320 1674 deorum
2287 1339 2318 1423 vo-

2370 2758 2417 2989 luntatem
2368 2518 2414 2720 elusisse
2363 2228 2409 2482 videbatur
2362 2052 2406 2195 vitato
2356 1768 2421 2017 periculo,
2353 1585 2415 1714 quod
2350 1335 2398 1553 nascenti

2449 2689 2506 2988 obiecerant7
2460 2544 2491 2652 cum
2447 2285 2505 2509 parentes
2440 2191 2487 2248 ab
2454 2097 2486 2154 eo
2435 1750 2484 2063 interfectum
2434 1657 2479 1715 iri
2430 1336 2494 1605 praedixis-

2532 2863 2575 2985 sent.
2526 2526 2572 2795 Defunctns
2523 2364 2568 2488 enim
2521 2228 2567 2328 sato
2523 2086 2566 2191 erat
2518 1988 2574 2053 is,
2515 1860 2577 1939 qui
2512 1600 2575 1825 genuisse
2510 1334 2557 1565 credeba-

2612 2890 2666 2986 tur,
2606 2673 2652 2852 erroris
2603 2420 2650 2637 convicta
2608 2249 2647 2384 erant
2596 1995 2652 2214 oracula,
2598 1896 2640 1951 ut
2607 1683 2639 1849 secum
2590 1468 2637 1649 habere
2604 1332 2634 1434 ma-

2692 2861 2734 2985 trem
2683 2513 2746 2823 superstitem
2695 2381 2726 2474 non
2677 2138 2741 2345 amplius
2674 1839 2727 2101 dubitaret,
2686 1659 2733 1801 quam
2685 1548 2715 1607 ne
2669 1333 2730 1513 impru-

2765 2866 2812 2985 dens
2762 2486 2819 2817 interficeret‚
2759 2280 2823 2434 patria
2758 1997 2803 2235 caruerat.
2750 1765 2797 1916 Simul
2749 1549 2812 1720 ingens
2747 1329 2810 1501 opibus

2846 2708 2891 2984 accesserat
2840 2309 2895 2676 incrementum,
2839 2074 2897 2274 recepto
2830 1734 2895 2040 patrimonio,
2827 1522 2875 1701 iunctis
2826 1328 2888 1485 regnis

2923 2777 2980 2983 duobus,
2935 2537 2982 2741 quorum
2919 2305 2965 2508 alterum
2933 2246 2962 2273 a
2921 2056 2977 2213 patre,
2911 1814 2959 2021 alterum
2925 1748 2954 1775 a
2908 1507 2970 1715 coniuge
2905 1327 2952 1475 tradi-

3008 2878 3051 2983 tum
3006 2714 3059 2843 erat,
3002 2376 3060 2664 recuperata
2996 2170 3059 2341 patria,
3009 2073 3040 2133 ex
3008 1945 3054 2038 qua
2993 1707 3054 1912 propter
2986 1473 3033 1673 deorum
3001 1327 3033 1436 ora-

3082 2873 3130 2979 cula
3079 2498 3136 2824 exsulaverat,
3075 2216 3138 2455 duplicata
3072 1955 3136 2171 potentia
3076 1762 3130 1907 atque
3065 1460 3114 1713 felicitate.
3064 1323 3112 1393 lbi

3158 2570 3224 2980 prudentissimus
3155 2087 3218 2522 sagacissimusque
3149 1760 3197 2035 mortalium
3144 1322 3209 1715 imprudentissi-

3254 2870 3287 2978 mus
3236 2390 3295 2837 hebetissimusque
3248 2245 3278 2354 esse
3231 1903 3294 2210 cognoscitur
3264 1866 3285 1880 ,
3233 1778 3274 1830 et
3226 1662 3287 1745 qui
3238 1320 3271 1625 communem

3318 2727 3365 2978 hominum
3314 2386 3362 2706 conditionem
3311 2047 3358 2355 callidissime
3309 1670 3369 2019 interpretatus
3308 1554 3359 1647 est,
3304 1480 3348 1519 is
3318 1320 3349 1457 suam

3398 2726 3461 2976 ignorasse
3409 2534 3455 2691 neque
3391 2402 3438 2501 ullo
3388 2051 3451 2367 investigandi
3386 1854 3434 2016 studio
3384 1567 3445 1821 exquirere
3381 1316 3443 1538 potuisse

3474 2728 3539 2974 arguitur:
3474 2545 3527 2693 idem,
3487 2363 3533 2507 quum
3470 2280 3516 2327 in
3482 2004 3515 2242 summum
3464 1687 3519 1969 felicitatis,
3476 1494 3522 1635 quam
3464 1318 3522 1456 puta-

3554 2875 3611 2976 bat,
3552 2595 3617 2837 fastigium
3551 2227 3607 2558 escendisset,
3548 2131 3593 2177 in
3544 1809 3609 2085 voraginem
3541 1594 3588 1759 salutis
3540 1403 3587 1557 omnis
3553 1314 3585 1367 se

3632 2790 3679 2974 inscius
3630 2403 3695 2755 praecipitavit.
3629 2118 3675 2334 intanto
3640 1990 3672 2083 non
3622 1785 3670 1943 solum
3619 1457 3679 1735 felicitatis,
3616 1313 3665 1401 sed

3712 2826 3759 2970 etiam
3711 2638 3759 2791 laudis
3711 2221 3769 2603 meritorumque
3703 1904 3766 2186 naufragio,
3703 1657 3763 1857 abrepta
3715 1514 3746 1622 cum
3700 1312 3745 1477 exter-

3795 2896 3840 2968 nis
3793 2722 3842 2863 bonis
3792 2522 3850 2685 etiam,
3806 2364 3852 2486 quae
3786 2134 3835 2330 minime
3784 2053 3831 2101 in
3783 1794 3830 2020 fortunae
3780 1650 3826 1759 lusu
3777 1456 3841 1617 posita
3790 1310 3822 1422 esse

3873 2751 3931 2968 videtur,
3870 2404 3919 2698 conscientia
3872 2232 3916 2371 recte
3864 1923 3922 2188 factorum,
3860 1645 3923 1870 quidnam
3855 1308 3918 1599 relinquitur

3951 2760 4011 2966 mortali,
3966 2633 4014 2727 quo
3965 2542 3998 2597 se
3950 2362 3997 2509 rebus
3945 2106 3993 2325 humanis
3942 1840 3991 2072 maiorem
3953 1695 3987 1805 esse
3935 1395 4000 1659 significet,
3932 1307 3979 1350 si

4028 2640 4078 2962 defluentibus
4029 2516 4088 2604 iis,
4043 2356 4090 2479 quae
4040 2227 4073 2321 non
4027 2078 4071 2191 sunt
4037 1960 4069 2044 sua
4056 1924 4080 1939 ‚
4023 1715 4081 1888 sponte
4015 1488 4062 1680 abiiciat
4013 1306 4061 1454 etiam

4108 2884 4167 2962 id,
4109 2708 4170 2837 quod
4107 2506 4157 2662 solum
4109 2221 4171 2462 perpetuo
4103 2128 4150 2178 in
4101 1928 4166 2080 ipsius
4098 1681 4147 1881 arbitrio
4095 1434 4159 1648 positum
4095 1305 4148 1399 est,

4186 2813 4234 2958 animi
4187 2441 4237 2760 constantiam
4191 2246 4248 2390 atque
4178 1877 4246 2213 aequitatem‘3
4176 1702 4226 1811 Non
4173 1488 4224 1667 insanit
4168 1306 4219 1454 Oedi«-
