5010 3336
2094 3262 2134 3322 rer&

2745 3263 2777 3333 ‘num

1063 2133 1122 2251 205

1222 2789 1271 3017 maritum
1222 2572 1266 2755 tantum
1221 2460 1264 2535 est
1214 2238 1269 2426 odium,
1215 2120 1258 2190 ut‘
1223 1939 1270 2095 neque
1208 1749 1271 1905 ipsum
1221 1559 1268 1714 neque
1206 1375 1253 1526 filium

1303 2910 1350 3015 eius
1298 2563 1362 2873 superstitem
1309 2416 1340 2526 esse
1291 2188 1353 2382 cupiat:

1376 2637 1428 2883 οἷπὲπτυσ’
1372 2406 1435 2601 ἐχθροῦ
1367 2199 1430 2371 φωτὸς
1363 1928 1429 2166 ἔχθιστον
1362 1739 1422 1895 τέκος.

1461 2846 1521 3012 ltaque
1453 2578 1503 2812 cunabula
1450 2347 1497 2545 infantis
1464 2201 1495 2310 eum
1447 2118 1493 2166 in
1446 1926 1492 2083 locum
1444 1559 1491 1891 transferenda
1447 1369 1501 1521 curat,

1539 2929 1586 3012 ubi
1534 2676 1595 2897 Telepho
1531 2537 1579 2640 eius
1534 2286 1591 2502 potestas
1526 2171 1574 2251 sit.

1611 2557 1674 2885 Interponitur
1609 2347 1655 2523 chorus
1605 2126 1663 2319 tertiuS,
1603 2032 1651 2091 ad
1602 1799 1665 2009 Telephi
1600 1459 1649 1774 calamitatem
1606 1365 1648 1436 at-

1710 2915 1757 3010 que
1690 2618 1740 2880 discrimen
1687 2311 1751 2584 pertinens:

1769 2718 1832 2880 τόλμα
1766 2592 1827 2685 ἀεί,
1768 2456 1816 2557 κᾶν
1781 2376 1813 2424 τι
1753 2185 1827 2345 τρηχὺ
1758 1959 1826 2152 νέμωσι
1757 1795 1811 1927 θεοί.

1854 2910 1900 3005 lam
1851 2669 1913 2874 Uiysses
1848 2226 1908 2633 Agamemnonem
1843 2061 1901 2189 adit,
1840 1951 1888 2011 de
1840 1723 1902 1917 hospite
1838 1361 1901 1689 quaesiturus:

1926 2715 1985 2875 κακός
1925 2608 1984 2683 τίς
1922 2467 1974 2573 ἐστι
1919 2203 1986 2436 προξένῳ
1930 2085 1969 2167 σοι
1918 1778 1983 2052 χρώμενος.

2011 2865 2059 3005 Hanc
2008 2469 2057 2819 nuntiationem
2008 2255 2066 2425 aperte
2001 1859 2063 2208 Aristophanes
1997 1587 2044 1802 imitatus
2000 1456 2043 1532 est
1996 1354 2043 1403 in

2090 2800 2139 3002 Thesm.
2090 2642 2134 2766 577:

2165 2783 2219 2871 καὶ
2169 2646 2215 2750 νῦν
2161 2383 2221 2613 οἰκούσας
2163 2136 2225 2349 πρᾶγμα
2155 1988 2223 2104 περὶ
2155 1806 2222 1956 ὑμῶν
2152 1628 2219 1774 με’γα,

2246 2712 2313 2868 ὀλίγῳ
2261 2629 2295 2678 τι
2243 2338 2306 2595 πρότερον
2242 2162 2291 2294 κατ’
2236 1874 2303 2125 αγορὰν
2232 1401 2297 1840 λαλούμενον,

2326 2756 2393 2867 ἥκω
2324 2501 2390 2719 φράσων
2323 2327 2371 2466 τοῦτ’
2322 2184 2371 2291 κτλ.

2409 2887 2457 2993 Rex
2407 2535 2472 2853 ignorantiam
2419 2366 2450 2499 suam
2402 2041 2448 2329 confitetur:

2486 2702 2547 2862 „Qui
2499 2424 2549 2633 neque
2480 2115 2529 2366 cuiatis
2481 1857 2535 2054 esset,
2488 1511 2539 1786 unquam
2486 1344 2533 1457 po-

2557 1902 2613 2158 tuimus,

2643 2632 2691 2847 Multa
2640 2258 2703 2595 &rogitant
2654 2149 2695 2239 οε,
2637 1941 2683 2114 soisc
2630 1785 2681 1922 ere'⁷
2629 1690 2693 1759 *).

2724 2704 2774 2987 Arcessitur
2721 2515 2782 2661 igitur
2718 2222 2780 2471 Telephus
2717 2081 2778 2187 ipse
2718 1996 2761 2045 et
2712 1666 2760 1962 convincitur
2711 1577 2758 1635 ab
2708 1336 2771 1541 Ulysse:

2797 2769 2852 2857 καὶ
2798 2632 2863 2735 μήν
2799 2554 2846 2598 σ’
2793 2324 2860 2517 ἐλέγξαι
2793 2031 2859 2289 βούλομαι
2788 1743 2854 1998 τεκμηρίῳ
2786 1626 2851 1719 *3).

2881 2730 2942 2851 „Te
2880 2488 2944 2697 ipsum
2878 2340 2925 2453 hoc
2878 2039 2940 2297 oportet
2869 1676 2937 2009 profiteri
2872 1584 2915 1641 et
2865 1333 2931 1552 prolo-

2952 2049 3018 2156 qui

3038 2486 3088 2846 Advorsum
3036 2266 3083 2449 illam
3031 2040 3080 2233 mihi⁷'
3026 1888 3089 2014 **⁴‘).

3120 2725 3183 2977 Telephus
3117 2484 3180 2695 primum
3115 2192 3161 2447 obfirmato
3112 2008 3158 2166 animo
3104 1670 3163 1980 obmutescit,
3103 1587 3149 1636 id
3100 1430 3164 1559 quod
3103 1326 3146 1402 te-

3204 2818 3248 2972 statur
3195 2579 3258 2783 Amphis
3211 2467 3256 2544 ap.
3194 2254 3240 2430 Athen.
3191 2147 3239 2228 Vl.
3207 2071 3253 2120 p.
3190 1919 3236 2041 224:
3176 1773 3241 1867 οὓς
3178 1425 3245 1737 (piscatores)
3175 1321 3226 1388 ἂν

3273 2676 3339 2970 ἐπερωτήσῃ
3289 2544 3330 2635 τις,
3270 2478 3334 2510 ἢ
3270 2266 3333 2443 λαβών
3286 2186 3317 2234 τι
3268 2048 3316 2153 τῶν
3259 1622 3327 2015 παρακειμένων
3258 1322 3317 1587 ἔκυψεν,

3355 2756 3417 2965 ὥςπερ
3350 2399 3416 2710 Τήλεφος,
3349 2095 3411 2363 πρῶτον
3349 1853 3408 2060 σιωπῇ
3344 1724 3393 1827 κτλ.
3341 1568 3388 1688 Mox
3340 1494 3386 1541 in
3354 1321 3401 1469 angu-

3439 2848 3487 2966 stias
3432 2533 3496 2811 compulsus
3432 2406 3476 2498 hoc
3430 2228 3476 2371 dicit:

3505 2792 3563 2834 ὦ
3502 2320 3574 2755 Φοῖβ”Ἀπολλον
3506 2108 3565 2285 Λύκιε,
3503 2026 3553 2074 τί
3498 1870 3552 1993 ποτέ
3500 1785 3562 1836 μ’
3494 1492 3561 1748 εἰργάσει,·

3727 2850 3780 2894 *)
3723 2714 3766 2819 Attii
3722 2524 3777 2687 fragm.
3734 2450 3760 2491 n.
3718 2380 3760 2422 9.

3796 2850 3848 2909 **)
3794 2602 3846 2820 Aristoph.
3792 2482 3843 2561 Eq.
3804 2410 3830 2452 v.
3784 2258 3829 2381 1232.
3782 1949 3824 2201 Ridiculam
3779 1866 3821 1910 in
3777 1740 3819 1829 illis
3774 1416 3817 1702 imitationem
3772 1308 3814 1377 in—

3877 2722 3904 2815 esse
3860 2411 3902 2693 manifestum
3859 2305 3897 2382 est.
3854 2055 3893 2235 Versum
3849 1902 3892 2025 1240.
3846 1622 3889 1861 scholiasta
3846 1503 3898 1596 ipse
3843 1306 3884 1473 notavit

3947 2762 3974 2816 ex
3932 2527 3984 2727 Telepho
3930 2232 3980 2486 decerptum
3936 2083 3964 2193 esse.
3922 1858 3962 2027 Rursus
3917 1633 3959 1817 eandem
3914 1306 3968 1602 quaestionem

4001 2502 4054 2813 Aristophanes
3999 2429 4039 2473 in
3998 2220 4038 2401 Thesm.
3991 2092 4033 2189 627.
3990 1849 4032 2061 imitatur:

4065 2527 4122 2703 ἄπελθ’,
4065 2415 4121 2498 ἐγώ
4063 2300 4122 2383 γὰρ
4061 2069 4120 2271 βασανιῶ
4058 1868 4115 2041 ταύτην
4057 1694 4106 1841 καλῶς
4057 1577 4097 1667 κτλ.

4142 2838 4195 2944 ἢῆ)
4139 2680 4184 2809 Ennii
4139 2492 4195 2654 fragm.
4151 2421 4179 2463 n.
4135 2348 4177 2391 5.
