5010 3336
1702 3272 1729 3317 „iffi

1139 2084 1194 2202 229

1291 2749 1352 2975 dignetur
1288 2634 1335 2713 ille
1294 2549 1334 2598 et
1287 2229 1333 2513 moriturum
1300 2138 1331 2190 se
1286 1952 1345 2103 prins,
1297 1774 1343 1915 quam
1280 1452 1343 1754 proditurum
1295 1320 1330 1429 esse

1369 2676 1425 2975 defunctam,
1367 2408 1424 2639 al'lirmet,
1378 2204 1411 2370 rursus
1363 1901 1419 2169 mulierem,
1377 1724 1422 1865 quam
1360 1483 1420 1695 adducit,
1361 1321 1407 1446 reci—

1464 2856 1512 2975 pcre
1447 2675 1493 2824 iubet.
1444 2465 1505 2606 Quod
1442 2204 1504 2417 quamvis
1441 1954 1487 2167 omnium
1456 1756 1486 1918 rerum
1440 1320 1486 1719 molestissimum

1528 2879 1583 2974 sit,
1531 2700 1586 2843 atque
1525 2523 1570 2665 etiam
1523 2236 1568 2487 horrorem
1520 2025 1566 2201 mulier
1518 1672 1564 1991 similitudine
1518 1454 1565 1639 formae
1521 1319 1567 1420 Ad-

1612 2843 1652 2974 meto
1604 2609 1659 2807 iniiciat,
1602 2439 1663 2572 quasi
1600 2340 1646 2404 sit
1604 2061 1661 2307 spectrum
1599 1978 1644 2036 ab
1597 1780 1643 1951 inseris
1597 1531 1655 1749 mIssum,
1602 1318 1657 1495 tamen,

1701 2880 1746 2973 qna
1687 2768 1730 2845 est
1681 2589 1728 2734 animi
1680 2299 1737 2539 bonitate,
1678 2092 1724 2250 amico
1677 1903 1724 2045 enixe
1676 1667 1737 1859 roganti
1676 1316 1736 1620 obsequitur,

1778 2847 1822 2974 mox,
1762 2727 1809 2810 ubi
1760 2497 1806 2694 iubente
1757 2320 1804 2474 amico
1757 2131 1817 2292 tetigit
1757 1821 1816 2102 vultumque
1754 1553 1817 1795 adspexit,
1770 1318 1800 1518 uxorem

1842 2740 1903 2975 agnoscit.
1838 2470 1884 2671 Planum
1841 2330 1891 2421 est,
1836 2053 1898 2278 Euripidi
1836 1892 1882 2018 lianc
1850 1662 1881 1856 scenam
1834 1314 1895 1623 componenti

1920 2872 1975 2975 illa,
1934 2705 1980 2826 quae
1917 2600 1963 2662 de
1915 2244 1978 2556 Pygmalione
1917 1851 1973 2201 narrabantur,
1915 1743 1960 1803 ob
1913 1538 1959 1705 oculos
1916 1312 1959 1503 versata

2014 2849 2046 2972 esse.
1996 2456 2043 2777 Simulacrum
1996 2259 2041 2422 uxoris
2009 2168 2040 2222 se
2009 2046 2056 2134 pro
2010 1910 2041 2022 vera
1992 1677 2055 1883 posthac
1991 1314 2054 1649 amplexurum

2091 2864 2124 2974 esse
2076 2647 2122 2837 dixerat
2073 2367 2120 2621 Admetus.
2073 2056 2119 2313 Simulacri
2074 1878 2119 2030 instar
2072 1618 2119 1831 Alcestis
2070 1313 2124 1594 reducitur3

2155 2885 2202 2974 sed
2155 2719 2215 2849 quod
2154 2571 2200 2685 vivit
2159 2390 2214 2537 atque
2151 2189 2198 2344 aliena
2166 2030 2198 2141 esse
2151 1761 2207 1981 videtur,
2151 1579 2197 1715 faces
2149 1310 2195 1534 admovet

2233 2787 2291 2972 dolori,
2249 2579 2294 2737 neque
2231 2288 2278 2533 desiderio
2230 1977 2289 2241 satisfacit,
2231 1840 2277 1927 sed
2231 1638 2276 1791 iniicit
2230 1312 2276 1593 horrorem:

2311 2889 2375 2971 qui
2312 2649 2359 2855 affectus
2316 2409 2373 2615 repente
2312 2328 2355 2373 in
2310 2060 2356 2291 laetitiam
2314 1750 2365 2028 mutantur,
2310 1626 2355 1705 ubi
2323 1427 2354 1590 veram
2307 1309 2353 1392 Al-

2393 2814 2439 2971 cestin
2407 2669 2438 2779 esse
2390 2333 2436 2635 intellectum
2394 2208 2433 2294 est.
2388 1902 2433 2134 Ceterum
2387 1726 2432 1859 vocis
2403 1514 2445 1683 nsum,
2386 1307 2432 1463 donec

2470 2756 2517 2971 triduum
2473 2456 2530 2706 peractum
2472 2358 2513 2407 et
2467 2189 2512 2313 iusta
2466 1976 2512 2142 inseris
2466 1847 2512 1939 diis
2467 1716 2512 1812 rIte
2465 1522 2511 1681 solnta
2468 1307 2521 1488 essent,

2548 2730 2597 2969 Alcestidi
2548 2533 2608 2696 negari
2546 2222 2591 2497 rectissime
2544 2049 2590 2185 linxit
2550 1865 2603 2021 poeta.
2546 1610 2591 1794 Carens
2546 1457 2591 1582 enim
2559 1309 2589 1417 ora-

2629 2815 2686 2969 tione,
2641 2659 2687 2783 quac
2630 2549 2671 2624 est
2625 2343 2671 2519 mentis
2624 2123 2683 2306 imago,
2638 1980 2668 2075 non
2628 1743 2684 1944 repente
2624 1466 2686 1710 integrum
2622 1304 2669 1433 vitae

2707 2751 2769 2968 vigorem
2704 2468 2766 2716 recepisse
2703 2214 2762 2432 videtur,
2701 2114 2747 2163 id
2702 1936 2762 2065 quod
2707 1850 2747 1899 et
2702 1624 2747 1815 veritati
2706 1540 2747 1589 et
2702 1307 2747 1506 deorum

2786 2700 2832 2967 inferorum
2788 2454 2829 2656 naturae
2787 2029 2827 2406 consentaneum
2786 1875 2838 1976 est,
2780 1740 2842 1837 qui,
2780 1501 2826 1690 etiamsi
2781 1304 2835 1456 inviti,

2868 2805 2910 2965 tamen
2878 2530 2923 2771 nunquam
2861 2281 2924 2491 gratuito
2876 2155 2907 2244 nec
2860 2015 2906 2119 siue
2859 1748 2906 1979 mercede
2859 1529 2905 1714 iuribus
2859 1407 2905 1507 suis
2874 1304 2904 1385 ce—

2944 2848 2990 2965 dere
2943 2476 2989 2813 credebantur.
2940 2315 2986 2405 llis
2940 2209 2986 2277 sic
2940 1947 3000 2173 peractis,
2939 1538 2999 1912 gratulationem
2942 1451 2985 1501 et
2952 1303 2998 1417 sup—

3023 2658 3085 2966 plicationem
3037 2510 3067 2621 cum
3019 2281 3066 2473 choreis
3018 2050 3081 2244 publice
3018 1846 3064 2017 indicit
3018 1546 3077 1811 Admetus,
3017 1304 3063 1495 Hercu-

3102 2894 3149 2966 les
3102 2631 3148 2859 continuo
3116 2519 3155 2595 eo,
3115 2388 3161 2481 quo
3098 2190 3153 2366 tendit,
3098 1808 3159 2155 proficiscitur.

3180 2646 3227 2832 Summi
3179 2369 3225 2601 momenti
3179 2264 3223 2323 ad
3177 1860 3223 2210 aestimandam
3192 1720 3223 1813 non
3176 1524 3223 1668 huius
3180 1301 3222 1491 tantum

3259 2769 3305 2961 fabulae
3264 2486 3313 2734 naturam,
3258 2349 3303 2436 sed
3257 2114 3302 2313 aliarum
3271 1864 3317 2075 quoque,
3272 1704 3318 1829 quae
3256 1449 3302 1667 eiusdem
3259 1299 3302 1412 sunt

3339 2740 3401 2963 generis,
3342 2654 3382 2701 et
3337 2409 3381 2619 onmium
3335 2121 3396 2370 Euripidis
3350 1880 3397 2083 operum
3335 1514 3382 1841 conditionem
3349 1300 3397 1479 cogno-

3418 2729 3463 2960 scendam
3414 2361 3476 2685 fragmentum
3422 2236 3459 2311 est
3413 1792 3471 2188 didascaliarum,
3414 1607 3475 1734 qnod
3414 1504 3460 1554 in
3414 1296 3458 1469 codice

3494 2722 3542 2957 Vaticano
3495 2444 3540 2685 inventum
3494 2347 3538 2405 G.
3492 2030 3538 2306 Dindorfius
3508 1838 3554 1993 nuper
3492 1529 3553 1802 divulgavit.
3492 1296 3537 1461 Doce—

3589 2852 3621 2959 mnr
3574 2675 3620 2804 enim
3573 2426 3634 2621 satyrici
3570 2146 3617 2377 dramatis
3571 1939 3617 2099 locum
3572 1622 3617 1887 Alcestidis
3571 1391 3617 1586 fabulae
3570 1299 3615 1358 ab

3654 2721 3715 2956 Euripide
3653 2390 3715 2686 assignatum
3651 2175 3702 2355 fuisse,
3656 2068 3695 2118 et
3655 1851 3697 2023 natura.
3666 1721 3697 1806 sua
3650 1459 3711 1684 satyricis
3664 1294 3703 1423 esse,

3748 2814 3794 2957 quam
3732 2568 3794 2778 tragicis,
3731 2356 3778 2533 sabulis
3730 2039 3791 2318 propiorem
3730 1857 3775 2003 visam
3746 1718 3776 1827 esse
3729 1467 3790 1693 antiquis.
3728 1302 3774 1395 Cu-

3812 2883 3857 2959 ius
3810 2682 3857 2848 iudicii
3826 2426 3857 2646 caussam
3826 2298 3856 2393 non
3809 2213 3854 2263 in
3808 2074 3854 2178 solo
3809 1878 3867 2037 exitu,
3810 1704 3870 1833 quod
3809 1608 3854 1656 iu
3808 1412 3854 1562 laetas
3822 1294 3854 1375 res

3891 2747 3936 2958 miserae
3894 2326 3949 2694 convertantur,
3888 2187 3933 2274 sed
3888 2091 3933 2139 in
3889 1824 3935 2048 universa
3888 1585 3934 1777 fabulae
3891 1292 3934 1537 structura

3970 2632 4031 2958 quaerendam
3984 2486 4016 2596 esse
3972 2236 4031 2452 apparet.
3967 1951 4029 2169 Excepta
3967 1686 4014 1916 Herculis
3982 1448 4028 1655 persona
3966 1296 4011 1414 nihil

4048 2780 4108 2960 vigoris
4063 2658 4094 2747 nec
4049 2436 4095 2623 roboris
4048 2286 4094 2399 huic
4046 2047 4093 2251 dramati
4046 1823 4106 2012 inesse,
4046 1688 4094 1774 sed
4046 1504 4092 1651 molle
4051 1418 4092 1469 et
4046 1296 4091 1382 lle<-

4126 2858 4173 2958 bile
4142 2627 4173 2822 carmen
4126 2438 4173 2593 videri
4132 2260 4188 2404 atque
4126 2040 4188 2223 elegiae
4127 1703 4188 1998 propiorem,
4141 1525 4187 1666 qnam
4128 1295 4184 1490 tragoe-

4205 2819 4264 2955 diae,
4206 2558 4266 2771 speciem
4207 2328 4253 2512 habere
4210 2132 4251 2269 recte
4204 1857 4252 2085 iudicavit
4205 1484 4253 1812 Ilei-mannus.
4200 1292 4247 1392 Sed

4283 2848 4345 2951 ipsa
4283 2737 4330 2815 illa
4284 2476 4333 2701 Herculis
4300 2231 4347 2439 persona
4284 2084 4332 2194 talis
4287 1955 4343 2045 est,
4284 1766 4345 1917 qualis
4284 1522 4346 1731 satyrico
4280 1292 4330 1499 dramati

1683 802 2071 821 “a-“W
2107 804 2121 813 “1

1787 853 1854 865 h*
1863 849 2053 866 ...ἨΛῒ-Ἵέἒ

1934 768 2055 775 κγ-ῇ,
2072 763 2317 774 “m—-

2128 799 2337 813 *³*m

2166 859 2170 861 .
2189 844 2431 860 ’«Ἇ“”-;’..ῗ.ὶ’--ᾕ<ἰ“ᾎ

2326 760 2494 769 ῌιι»««-ο-

2433 844 2507 858 :nn-‘C'
2517 845 2532 857 .-
2543 852 2566 857 ‚v

2514 691 2540 720 j
2556 692 2557 696 ,

2634 694 2641 708 l

2527 761 2548 765 8,
2703 760 2709 762 -
2747 758 2756 763 0
2788 752 2908 763 .“-,·>

2383 773 2980 786 .,⁶——⁶1--—————————

2394 796 2448 809 ,ν’
2578 804 2716 809 .,,,1,
2752 805 2755 807 .

3005 715 3027 731 N

2840 791 2996 807 Zffsszxffff-
3008 794 3015 795 ⁷
3023 801 3027 805 .
3039 794 3043 796 ’
3090 792 3094 795 ”

3068 773 3098 777 ,Α
3102 769 3345 777 ma—ae—

3087 696 3099 712 q
3120 686 3123 688 ,
