5010 3336
1207 3320 1209 3325 ·
1203 3228 1239 3295 illm-

1276 3320 1282 3326 '
1283 3228 1321 3283 {laet

1833 3297 1865 3330 ,ις
1839 3226 1872 3281 amo.

1922 3262 1949 3315 ωε.
1919 3223 1953 3245 et

1998 3227 2042 3327 P'ssssfflffls

2063 3224 2112 3313 mdiu&

2144 3223 2190 3314 camina

2236 3287 2266 3330 κε
2238 3224 2269 3271 mo-

2321 3319 2329 3329 *
2316 3230 2348 3293 safri-

2938 3221 3000 3336 rx.5‚·39j

3021 3223 3062 3309 ‘mm

3116 3308 3124 3321 -·
3098 3225 3141 3286 ritu<

3178 3290 3217 3312 li
3176 3222 3222 3279 elci.

3271 3283 3302 3333 τηε
3255 3220 3301 3271 Plu.-

3334 3222 3397 3312 {zpri-

1044 2197 1099 2307 141

1208 3006 1242 3066 ex
1192 2776 1241 2975 historia
1196 2456 1248 2743 removeret,
1188 2210 1251 2421 stipitem
1184 2119 1232 2176 ab
1183 1883 1231 2083 Althaea
1182 1570 1230 1848 devoratum
1193 1436 1226 1539 rur-

1286 2887 1334 3066 susque
1275 2703 1333 2842 partu
1269 2476 1318 2654 editum
1282 2336 1315 2445 esse
1262 2135 1311 2305 finxit..
1261 1719 1308 2089 Accuratissime
1258 1431 1320 1686 Apollodo-

1365 2962 1396 3066 rum
1350 2774 1397 2927 nostri
1348 2542 1410 2741 vestigia
1346 2334 1407 2508 legisse
1342 2180 1389 2301 haec
1340 2045 1388 2148 eius
1340 1867 1386 2010 verba
1339 1572 1398 1844 ostendunt,
1354 1429 1385 1537 cum

1427 2821 1491 3064 Euripidis
1427 2619 1475 2777 verbis
1420 2220 1471 2573 convenientia:
1415 2085 1475 2176 τὰς
1413 1814 1479 2044 ἀπαρχὰς
1409 1602 1473 1783 Οἰνεὺς
1417 1427 1472 1570 θεοῖς

1508 2942 1554 3066 πᾶσι
1504 2730 1565 2909 θύων,
1502 2537 1568 2697 μόνης
1494 2207 1563 2499 Ἀρτέμιδος
1495 1898 1557 2174 ἐξελάθετο.
1495 1588 1556 1831 Euripidis
1494 1427 1543 1553 enim

1585 2920 1633 3065 verba
1586 2769 1632 2889 hacc
1584 2543 1631 2735 fuerunt
1579 2316 1643 2507 (fragm.
1578 2174 1638 2280 11.):

1661 2785 1711 2937 θύων
1656 2504 1723 2733 ἀπαρχὰς
1655 2372 1706 2468 οὐκ
1653 2149 1704 2339 ἔθυσεν
1647 1861 1717 2112 Ἀρτέμιδι

1754 2504 1788 2598 scr.
1735 2372 1786 2468 οὐκ
1734 2194 1785 2341 ἔθυσ’
1730 2044 1796 2159 ἐμοὶ
1729 1864 1797 2013 μόνῃ.

1822 2941 1868 3063 Cum
1818 2616 1884 2907 Apollodoro
1822 2423 1864 2583 autem
1815 2168 1877 2385 Hyginus
1820 2084 1861 2133 et
1812 1815 1859 2049 Diodorus
1807 1685 1869 1794 (IV,
1806 1561 1872 1662 34.)
1823 1425 1856 1538 con*

1901 2837 1948 3062 sentiunt.
1896 2610 1944 2771 Attii
1894 2283 1958 2578 tragoediam
1893 2195 1939 2255 de
1891 1911 1953 2173 Euripidea
1902 1614 1951 1889 expressam
1886 1420 1951 1589 fuisse,

1977 2868 2039 3061 quidam
1989 2668 2022 2835 versus
1972 2388 2036 2633 Euripidis
1971 2137 2019 2356 versibus
1967 1873 2017 2102 simillimi
1964 1569 2014 1841 ostendunt.
1964 1421 2013 1520 Ne-

2070 2968 2117 3061 que
2070 2842 2102 2935 non
2054 2665 2101 2808 etiam
2052 2471 2099 2629 Ovidii
2048 2208 2113 2439 quaedam
2048 2046 2095 2172 dicta
2045 1699 2093 2015 imitationem
2043 1419 2106 1668 Euripidis

2133 2743 2181 3061 manifestant.
2131 2520 2193 2678 Atque
2130 2353 2192 2488 ipsae
2142 2130 2189 2318 quoque
2127 1978 2173 2103 inter
2140 1898 2171 1951 se
2123 1618 2186 1870 utriusque
2127 1418 2187 1591 poetae

2211 2768 2259 3061 imitationes
2210 2434 2272 2732 conspirant:
2206 2175 2255 2399 conferas
2204 2021 2251 2142 haec
2202 1772 2250 1986 Attiana:

2287 2579 2351 2932 „Gaudent‚
2291 2266 2344 2550 currunt,
2282 1876 2339 2229 celebrant,
2280 1579 2327 1840 herbam
2295 1420 2327 1554 con-

2363 1996 2425 2233 ferunt
2358 1771 2418 1961 dono,
2364 1508 2406 1737 tenent

2445 2814 2493 2925 Pro
2460 2705 2493 2770 se
2446 2363 2510 2664 quisque,
2456 2180 2489 2316 cum
2453 1894 2487 2133 corona
2438 1604 2485 1847 clarum
2452 1417 2486 1555 con·-

2520 1956 2567 2231 nectzmt
2521 1727 2580 1921 capnt
2515 1585 2553 1682 —-’'

2620 2947 2653 3055 cum
2603 2778 2651 2913 hisce
2600 2474 2650 2744 Ovidianis:

2678 2634 2741 2928 „Gaudia
2682 2255 2725 2601 testantur
2676 2060 2724 2232 socii
2675 1745 2722 2027 clamore
2672 1412 2733 1713 secundo,

2758 2425 2821 2918 Victricemque
2761 2156 2820 2396 petunt
2753 1847 2801 2129 dextrae
2752 1414 2815 1819 coniungere

2833 2207 2882 2241 d
2849 2116 2881 2188 ea·
2839 2081 2880 2102 t
2848 2041 2879 2066 r
2831 1883 2879 2025 am.''

2918 2874 2966 2925 ln
2915 2500 2964 2839 concinnandis
2914 2324 2963 2467 huius
2912 2015 2976 2289 tragoediae
2909 1770 2973 1980 reliquiis
2924 1543 2972 1737 operam
2908 1411 2958 1503 uti-

2997 2823 3047 3053 lissimam
2999 2526 3059 2789 posuerunt
2992 2147 3042 2492 Valckenarius
2995 2047 3038 2097 et
2988 1692 3048 2005 Welckerus,
2988 1579 3035 1641 de
2992 1410 3036 1537 stru-

3083 2918 3126 3053 ctura
3090 2777 3122 2891 vero
3073 2518 3121 2745 dramatis
3071 2210 3135 2493 reperienda
3070 1852 3132 2183 desperarunt,
3070 1770 3113 1818 et
3066 1655 3115 1737 hic
3066 1407 3127 1622 quidem,

3154 2827 3203 3052 diffidens
3154 2677 3217 2783 ipse
3151 2343 3198 2630 coniecturis
3150 2170 3208 2297 suis,
3152 1931 3210 2120 gratum
3145 1791 3193 1885 sibi
3146 1680 3192 1747 ait
3145 1408 3194 1649 facturum

3250 2924 3293 3050 esse,
3232 2846 3279 2887 si
3232 2705 3293 2812 quis
3229 2470 3276 2670 meliora
3228 2159 3276 2437 invenisset.

3310 2619 3359 2923 Prooemium
3307 2499 3354 2573 his
3306 2295 3354 2453 verbis
3304 2084 3352 2246 reddit
3301 1720 3367 2040 Apollodorus
3301 1571 3361 1686 1‚8:
3300 1408 3361 1527 „Al-

3393 2909 3440 3051 thaea
3404 2803 3436 2863 ex
3386 2592 3434 2757 Oeneo
3388 2262 3446 2545 conceptum
3381 1912 3445 2217 Meleagrum
3380 1639 3443 1858 peperit,
3394 1404 3442 1580 quem

3470 2844 3519 3050 Marte
3470 2588 3514 2796 satum
3462 2294 3525 2542 quidam
3460 2037 3507 2245 fuisse
3459 1721 3507 1993 tradunt.
3458 1581 3504 1654 Ad
3472 1403 3520 1544 quem

3553 2860 3611 3049 septem
3545 2720 3593 2825 dies
3548 2526 3591 2689 natum
3540 2301 3588 2479 Parcas
3541 2137 3586 2266 aiunt
3537 1903 3585 2092 venisse
3553 1806 3584 1861 ac
3536 1554 3595 1759 dixisse,
3539 1405 3582 1506 tum

3626 2749 3687 3048 Meleagrum
3622 2420 3670 2713 exstinctum
3619 2303 3679 2389 iri,
3634 2147 3665 2254 cum
3617 1925 3679 2099 stipeS,
3615 1798 3677 1877 qui
3614 1628 3661 1755 forte
3614 1548 3661 1596 in
3612 1401 3661 1514 foco

3705 2828 3762 3047 arderet,
3702 2514 3751 2791 combustus
3705 2334 3747 2480 esset.
3696 2128 3757 2267 Quod
3696 2016 3743 2096 ubi
3698 1831 3741 1983 mater
3692 1594 3748 1797 audivit,
3691 1401 3755 1541 stipi-

3788 2945 3832 3045 tem
3798 2851 3830 2911 ex
3783 2711 3845 2819 igne
3779 2435 3827 2676 sublatum
3778 2354 3825 2401 in
3791 2208 3823 2319 arca
3774 1895 3822 2175 recondidit.
3770 1577 3835 1827 Meleager
3776 1398 3819 1560 autem

3877 2898 3925 3044 quum
3866 2718 3908 2851 esset
3863 2517 3907 2684 natura
3853 2131 3905 2485 invulnerabilis
3868 2041 3900 2096 ac
3865 1716 3914 2007 generosus,
3850 1574 3897 1668 hoc
3850 1396 3896 1539 modo

3941 2778 3989 3044 exstinctus
3942 2653 3986 2744 est.
3936 2464 3983 2584 Cum
3949 2246 3983 2427 annuae
3948 2153 3981 2213 ex
3946 2007 3994 2119 agro
3930 1815 3992 1982 fruges
3928 1530 3987 1788 redissent,
3926 1395 3989 1495 pri-

4019 2885 4067 3044 mitias
4018 2657 4066 2850 Oeneus
4016 2527 4064 2621 diis
4014 2274 4063 2494 omnibus
4011 2041 4070 2239 obtulit,
4008 1847 4056 1995 solius
4006 1621 4055 1799 Dianae
4006 1396 4055 1574 oblitus

4102 2949 4146 3042 est.
4096 2642 4158 2881 Quocirca
4095 2473 4142 2594 irata
4094 2348 4141 2439 dea
4107 2148 4155 2315 aprum
4087 1917 4137 2115 immisit
4091 1835 4135 1884 et
4085 1474 4151 1800 magnitudine
4089 1394 4132 1445 et

4176 2868 4224 3041 robore
4175 2558 4239 2823 insignem,
4173 2426 4235 2509 qui
4176 2330 4221 2381 et
4173 2092 4235 2284 segetes
4169 1713 4230 2046 corrumperet
4171 1616 4213 1664 et
4178 1392 4227 1572 pecora

2275 685 2319 697 <ab

1998 757 2086 764 ⁴...-
2097 757 2142 762 —ae

1798 808 2336 833 :22225oe-szmzssoe
2351 808 2414 821 2(
2434 817 2438 819 .

2373 773 2466 782 „2-„7

2431 680 2477 721 2.
