5010 3336
3845 2120 3901 2239 286

3699 1348 3765 1627 plaudentia
3712 1660 3762 1854 theatra
3708 1887 3760 2074 soleant
3704 2107 3755 2351 admirari.
3701 2418 3750 2503 An
3685 2554 3747 2698 quia
3682 2746 3744 3011 publice

3637 1347 3683 1404 in
3635 1441 3667 1586 arce
3628 1620 3682 2114 Atheniensium
3622 2153 3669 2496 coenaret?
3620 2531 3652 2590 an
3604 2628 3665 2737 quia
3611 2774 3667 3008 Macedo-

3556 1344 3589 1459 num
3539 1496 3602 1664 populi
3552 1699 3584 1809 eum
3539 1844 3598 2116 laudabant,
3546 2148 3593 2284 coelo
3529 2316 3593 2512 dignum
3537 2539 3588 2838 iudicasti‘P'
3519 2876 3583 3006 lude,

3460 1340 3518 1639 quantopere
3471 1674 3519 1886 carmina
3469 1920 3516 2021 eius
3453 2056 3513 2489 praestantissimis
3444 2526 3507 2801 quibusque
3454 2833 3503 3007 civium

3381 1336 3443 1529 probati
3382 1565 3442 1676 sint,
3392 1710 3438 1869 verius
3372 1905 3435 2200 rectiusque,
3372 2240 3417 2379 quam
3383 2417 3414 2474 ex
3369 2504 3427 2823 certaminum
3375 2850 3423 3006 victo-

3306 1336 3365 1452 riis,
3316 1503 3346 1528 a
3310 1564 3360 1887 multitudinis
3309 1923 3355 2120 arbitrio
3291 2157 3353 2506 pendentibuS,
3299 2542 3346 2788 aestimari
3280 2821 3337 3004 potest.

3237 1338 3287 1524 Verum
3219 1572 3280 1699 quod
3215 1742 3276 2093 rempublicam
3227 2139 3274 2267 nulla
3225 2303 3255 2363 ex
3208 2399 3264 2539 parte
3204 2575 3267 2817 attingens
3215 2854 3263 3003 vitam

3141 1334 3197 1579 perpetuo
3151 1629 3200 1833 otiosam
3135 1884 3197 2114 degeret,
3130 2168 3177 2314 saepe
3145 2362 3190 2419 ab
3141 2468 3188 2634 amicis
3124 2671 3184 3002 reprehensus

3066 1335 3120 1427 est,
3078 1465 3124 1512 id
3060 1550 3121 1677 quod
3073 1715 3103 1775 ex
3054 1810 3117 2048 Antiopae
3067 2084 3115 2249 sabula
3049 2283 3112 2588 intelligitur,
3060 2637 3105 2683 in
3044 2721 3090 2812 qua
3056 2847 3102 2999 maui-

2999 1331 3047 1460 festo
2996 1506 3044 1629 fecit
2977 1663 3041 1986 Amphionem
2987 2023 3020 2242 caussam
2970 2278 3016 2366 pro
2982 2403 3022 2557 semet
2964 2592 3026 2700 ipso
2976 2737 3025 2997 dicent-em.

2919 1328 2967 1488 Huius
2916 1525 2962 1653 enim
2913 1689 2958 1841 oratio
2911 1879 2952 1983 tum
2907 2018 2955 2241 universa
2905 2277 2951 2386 talis
2890 2423 2944 2530 est,
2886 2567 2946 2695 quali
2881 2733 2946 2997 Euripides

2840 1326 2886 1397 uti
2823 1434 2884 1706 potuisset,
2834 1756 2872 1859 tum
2831 1907 2878 2029 haec
2828 2076 2875 2224 verba
2826 2254 2873 2380 vitae
2823 2416 2870 2519 eius
2819 2552 2868 2775 instituto
2799 2810 2864 2997 optime

2757 1324 2805 1583 convenire
2753 1618 2803 1866 videntur:

2666 1455 2729 1590 ὅςτις
2674 1624 2725 1679 δὲ
2659 1714 2720 1935 πράσσει
2659 1968 2717 2150 πολλά,
2649 2187 2718 2258 μὴ
2648 2292 2714 2545 πράσσειν
2645 2579 2709 2768 παρόν,

2580 1450 2644 1644 μῶρος,
2578 1680 2639 1853 παρὸν
2571 1891 2636 1983 ζῆν
2571 2016 2638 2183 ἡδέως
2568 2219 2634 2536 ἀπράγμονα
2579 2570 2626 2676 κτλ.

2502 1451 2568 1551 ἐγὼ
2499 1587 2565 1683 μὲν
2510 1720 2565 1818 οὖν
2491 1852 2557 2029 ᾄδοιμι
2506 2062 2556 2149 καὶ
2487 2183 2553 2385 λέγοιμί
2500 2418 2532 2467 τι

2418 1449 2481 1635 σοφόν,
2415 1672 2478 1948 ταράσσων
2409 1982 2474 2144 μηδὲν
2422 2180 2483 2255 ὧν
2410 2289 2469 2438 πόλις
2418 2472 2466 2629 νοσεῖ.

2355 1316 2406 1474 Musis
2353 1510 2385 1603 non
2349 1643 2396 1789 vitam
2335 1829 2388 2030 tantum,
2343 2069 2389 2154 sed
2341 2192 2373 2293 rem
2324 2331 2370 2524 quoque
2338 2548 2386 2838 familiarem
2336 2865 2370 2988 con·-

2274 1314 2321 1547 secravit:
2254 1607 2318 1801 collegit
2265 1837 2312 1966 enim
2262 2002 2311 2234 librorum
2245 2271 2306 2459 copiam
2247 2496 2300 2709 tantam,
2243 2761 2299 2988 quantam

2182 1314 2230 1473 neque
2191 1519 2234 1659 antea
2172 1705 2233 1955 quisquam
2168 2004 2230 2221 privatus
2166 2271 2225 2561 possederat
2163 2608 2210 2767 neque
2162 2813 2220 2985 postea

2099 1311 2161 1535 possedit
2096 1592 2150 1787 praeter
2104 1839 2152 2155 Aristotelem
2091 2203 2149 2409 (Athen.
2097 2445 2146 2481 I.
2084 2518 2129 2566 p.
2099 2602 2143 2646 3.
2089 2686 2146 2788 A.).
2098 2882 2147 2983 Sed

2021 1310 2068 1457 quum
2031 1493 2064 1672 vacuus
2027 1708 2075 1975 ambitione
2025 2009 2072 2222 honores
2006 2259 2068 2668 magistratusque
2020 2704 2067 2861 nullos
2004 2892 2050 2981 pe-

1944 1306 2000 1451 teret,
1954 1489 2000 1607 nihil
1950 1644 1982 1736 non
1947 1773 1994 1975 curabat
1934 2008 1977 2188 rerum,
1929 2228 1975 2350 quae
1943 2386 1988 2433 in
1926 2464 1988 2717 republica
1926 2741 1986 2981 gereban-

1864 1304 1921 1400 tur,
1859 1436 1907 1596 neque
1869 1629 1919 1876 levissime
1866 1913 1912 2198 movebatur
1850 2232 1910 2419 patriae
1849 2456 1907 2674 casibus,
1861 2712 1901 2761 ut
1861 2796 1907 2830 ii
1842 2868 1906 2979 ipsi,

1783 1304 1845 1387 qui
1793 1422 1844 1647 fluctibus
1787 1684 1838 1981 iactarentur
1774 2019 1832 2254 civilibus,
1783 2290 1815 2384 non
1767 2426 1827 2676 potuerint
1778 2711 1827 2978 vehemen-

1717 1302 1764 1400 tius
1702 1439 1747 1582 quam
1701 1620 1758 1728 ille,
1694 1776 1755 1855 qui
1691 1890 1752 2061 procul
1690 2111 1746 2383 spectaret,
1703 2430 1750 2506 vel
1701 2554 1747 2699 rebus
1698 2748 1746 2977 secundis

1624 1300 1683 1515 gaudere
1634 1567 1679 1641 vel
1629 1690 1678 1858 dolere
1626 1908 1674 2140 adversis.
1612 2235 1672 2563 Quamobrem
1605 2612 1651 2761 quum
1618 2813 1665 2977 studio

1541 1298 1605 1468 iraque
1551 1503 1601 1704 minime
1548 1739 1581 1918 vacuus
1534 1956 1587 2104 esset,
1530 2143 1576 2289 quum
1541 2329 1583 2517 careret
1540 2543 1587 2686 animi
1525 2713 1586 2975 aequitate,

1463 1298 1510 1391 qua
1475 1426 1522 1473 in
1460 1511 1518 1719 partium
1451 1756 1515 2147 populorumque
1465 2176 1511 2351 studiis
1447 2388 1506 2648 pensandis
1460 2685 1507 2865 veritas
1459 2892 1491 2975 co·-

1381 1294 1441 1561 gnoscitur,
1378 1598 1423 1746 quum
1390 1782 1435 1839 ad
1371 1878 1434 2181 dirigendam
1384 2218 1431 2392 civium
1369 2428 1428 2756 voluntatem,
1380 2789 1426 2850 ad
1380 2887 1412 2972 ex-

1315 1295 1365 1545 citandum
1314 1592 1360 1668 vel
1293 1716 1355 2118 restinguendum
1304 2172 1352 2442 animorum
1302 2489 1349 2713 ardorem
1280 2767 1348 2971 aptiora,

1222 1292 1270 1439 quam
1234 1476 1281 1535 ad
1230 1573 1279 1778 otiosam
1229 1816 1274 1917 veri
1211 1952 1274 2210 pulcrique
1208 2247 1270 2570 cognitionem
1223 2601 1269 2813 carmina
1221 2836 1253 2970 com-

1143 1291 1190 1477 ponere
1141 1512 1200 1688 vellet,
1135 1737 1180 1884 quum
1147 1920 1193 1979 ad
1144 2018 1192 2383 similitudinem
1132 2418 1174 2613 rerum,
1128 2653 1173 2776 quae
1142 2810 1189 2857 in
1139 2893 1171 2970 rc-

1063 1290 1125 1486 publica
1057 1521 1119 1830 gerebantur,
1053 1868 1114 2089 cupidius
1065 2128 1112 2304 famam
1048 2332 1110 2634 antiquitatis
1047 2662 1109 2968 deflecteret,

999 1291 1041 1403 nata
996 1438 1037 1548 sunt
979 1583 1041 1691 illa,
974 1739 1021 1862 quae
988 1909 1018 1935 a
984 1973 1034 2260 lentIOribus
967 2295 1031 2773 languidioribusque
982 2807 1029 2966 homi-

918 1289 967 1433 nibus
916 1470 963 1516 in
912 1552 961 1684 vitiis
894 1722 949 1993 ponuntur:
904 2040 951 2177 cuius
888 2228 951 2418 generis
904 2455 946 2531 est
902 2566 950 2728 odium
886 2766 949 2964 Sparta-

837 1288 871 1462 norum
833 1494 881 1621 male
816 1659 877 1900 celatum,
827 1956 869 2005 et
825 2039 875 2254 Menelai
808 2290 872 2607 Helenaeque
807 2643 854 2882 personae
822 2916 869 2965 in

752 1291 807 1661 similitudinem
748 1687 798 1916 detorsae
745 1946 795 2198 hominum
731 2229 793 2747 Lacedaemoniorum,
743 2784 790 2963 Asiati-

679 1290 713 1394 cam
671 1433 725 1673 luxuriam
670 1710 702 1770 ex
665 1806 717 2079 domestica
651 2113 713 2389 frugalitate
662 2424 712 2753 adamantium
662 2790 706 2839 et
663 2872 710 2962 ho-

1624 3177 1628 3179 *
1636 3176 1773 3188 ”m
1783 3177 1950 3189 &ew-
1954 3178 2034 3189 ³-—..*
2031 3179 2061 3189 ›5-
2067 3179 2122 3189 ᾖ*
