5010 3336
1034 2157 1086 2233 17

1165 2849 1214 3026 Pudori
1167 2710 1215 2802 sibi
1169 2525 1218 2660 ducit
1170 2238 1221 2492 Menelaus
1191 2098 1223 2191 non
1182 1813 1244 2062 suscipere
1187 1496 1238 1777 societatem
1209 1374 1256 1462 pe-

1244 2887 1292 3029 riculi
1262 2684 1309 2841 neque
1264 2549 1311 2638 pro
1250 2322 1312 2501 Ulysse
1269 2217 1300 2271 se
1254 1958 1305 2181 Diomedi
1262 1648 1325 1909 adiungere
1271 1374 1332 1612 comitem,

1323 2946 1384 3030 qui
1330 2818 1372 2901 aut
1331 2619 1374 2777 morte
1327 2440 1375 2574 illum
1330 2202 1393 2402 eripiat,
1338 2068 1382 2151 aut
1353 1941 1384 2034 una
1344 1614 1392 1906 occumbens
1364 1375 1410 1578 poenam

1401 2802 1463 3030 iniuriae,
1406 2638 1466 2765 quod
1406 2420 1455 2603 bellum
1412 2163 1460 2385 omnibus
1420 2077 1462 2127 et
1417 1772 1478 2042 periculum
1421 1524 1474 1743 Diomedi
1444 1374 1479 1488 con-

1480 2878 1542 3031 flarit,
1486 2635 1545 2840 patiatur
1484 2262 1537 2603 iustissimam:

1561 2756 1619 2901 „Aut
1579 2628 1624 2719 ego
1564 2449 1613 2595 illum
1569 2169 1633 2413 eripiam,
1579 2040 1620 2131 aut
1574 1922 1622 2006 illi
1594 1700 1641 1897 poenas
1584 1378 1649 1669 szsfferam’'.

1637 2934 1685 3033 Sed
1656 2873 1685 2899 a
1639 2688 1688 2838 fratre
1645 2304 1694 2651 contumeliose
1650 1960 1713 2269 repudiatur,
1671 1818 1703 1911 non
1660 1703 1720 1781 pie
1664 1375 1714 1666 retrahitur:

1716 2902 1765 3036 illum
1719 2760 1765 2884 enim
1719 2522 1770 2743 Diomedi
1725 2432 1770 2507 vel
1726 2255 1789 2419 Ulyssi
1746 2072 1791 2237 parem
1734 1705 1798 2055 aequalemque
1755 1571 1788 1682 esse
1748 1376 1807 1545 negat:

1798 2750 1857 2907 „Illos
1808 2534 1866 2718 suapte
1803 2291 1853 2500 induxit
1808 2073 1869 2258 virtch,
1817 1966 1858 2024 tu
1813 1723 1863 1931 laudem
1818 1485 1869 1690 illorum
1823 1379 1870 1451 le-

1889 2014 1935 2136 vas''
1888 1916 1953 1983 *).

1954 2783 2017 3039 Ulyssem,
1960 2524 2020 2736 quamvis
1963 2282 2010 2476 maximi
1969 1997 2015 2232 momenti
1977 1796 2021 1961 essent
1982 1553 2038 1749 partes,
1994 1375 2041 1499 quas<

2032 2804 2083 3042 Diomede
2036 2512 2087 2768 deferente
2043 2151 2105 2476 suscipiebat,
2050 1913 2108 2104 tamen,
2053 1654 2114 1875 quoniam
2072 1524 2105 1617 non
2059 1379 2121 1490 plus

2112 2886 2160 3042 tribus
2116 2598 2164 2840 actoribus
2119 2492 2165 2562 uti
2119 2256 2183 2459 licebat,
2125 2005 2174 2205 tacitum
2128 1844 2177 1960 huic
2133 1564 2197 1806 colloquio
2137 1382 2184 1530 inter—

2189 2887 2240 3045 fuisse
2210 2638 2242 2842 necesse
2201 2486 2245 2591 est:
2201 2294 2261 2423 quod
2219 2150 2251 2245 non
2207 1775 2269 2101 mirabuntur,
2215 1627 2275 1708 qui
2214 1380 2278 1578 Pyladis

2270 2903 2331 3046 quale
2273 2823 2319 2871 iu
2274 2570 2336 2790 pluribus
2279 2272 2339 2534 tragoediis
2297 2061 2329 2235 munus
2286 1959 2331 2023 sit
2293 1560 2351 1923 comparabunt.

2349 2864 2395 2914 ln
2352 2738 2397 2829 hac
2354 2481 2401 2704 Attianae
2356 2254 2403 2446 fabulae
2365 2081 2420 2218 parte
2364 1938 2423 2046 quis
2380 1808 2412 1901 non
2369 1528 2430 1779 Euripidis
2373 1383 2421 1494 imi-

2428 3266 2460 3330 ἱ
2426 2816 2474 3048 tationem
2429 2424 2492 2779 deprehendit?
2434 2220 2482 2387 Nonne
2439 2068 2485 2192 enim
2442 1762 2491 2040 Atridarum
2449 1489 2495 1734 contentio
2466 1382 2498 1463 ea-

2511 3267 2539 3333 ustus
2505 2938 2552 3049 dem
2506 2789 2553 2901 huic
2510 2600 2566 2753 actui,
2527 2422 2571 2544 quae
2512 2111 2574 2385 Iphigeniae
2518 1822 2568 2075 Aulidensi
2528 1642 2586 1787 atque
2526 1384 2592 1607 Telepho

2590 3274 2619 3336 ὸιε’ᾱ·
2584 2832 2631 3050 eiusdem
2591 2620 2648 2797 poetae
2588 2420 2636 2584 inest?
2591 2161 2654 2367 Negavit
2593 1916 2645 2127 Vaterus
2601 1801 2647 1880 illa
2603 1703 2650 1763 de
2604 1386 2670 1666 Euripideis

2671 3276 2700 3333 mm.
2677 2818 2725 3050 expressa
2680 2651 2721 2784 esse,
2673 2314 2731 2597 argumento
2672 2084 2733 2279 quidem
2681 1907 2724 2048 utens
2695 1787 2740 1870 eo,
2685 1606 2744 1736 quod
2686 1388 2735 1571 nullum

2747 2963 2789 3052 est.
2743 2561 2808 2928 „Quanquam”,
2748 2359 2810 2533 inquit,
2750 2200 2807 2331 „loci
2756 1970 2802 2172 mutatio
2756 1900 2802 1944 in
2756 1675 2808 1876 Graecis
2766 1388 2828 1651 tragoediis

2827 3266 2859 3309 „u
2833 3168 2883 3170 ζ
2836 2958 2869 3052 non
2824 2768 2869 2921 semel
2826 2459 2888 2734 reperitur,
2827 2360 2875 2407 in
2829 2222 2878 2313 hac
2836 2022 2880 2185 tamen
2838 1737 2899 1987 tragoedia
2844 1511 2890 1701 omnino
2859 1389 2893 1475 ne-

2891 3168 2962 3170 f
2902 2888 2964 3053 quibat
2902 2619 2950 2854 adhiberi.
2904 2360 2970 2549 Nempe
2910 2286 2956 2323 si
2910 2038 2959 2250 indolem
2914 1705 2966 2000 Graecarum
2924 1390 2985 1663 tragoedi&

2990 3271 3022 3316 :w
2966 3168 2994 3169 ³
2995 2949 3027 3054 rum
2982 2602 3046 2912 perspiciam,
2985 2497 3032 2566 ibi
2990 2281 3034 2462 tantum
2989 2150 3036 2243 loci
2994 1945 3040 2115 mutati
3000 1702 3057 1919 potestas
2999 1507 3062 1673 fuerit,
3003 1389 3050 1473 ubi

3059 2927 3107 3055 idem
3066 2735 3109 2896 manet
3063 2515 3126 2708 chorus,
3066 2350 3113 2477 sieut
3067 2278 3113 2324 in
3069 2104 3116 2253 Aiace
3070 1804 3135 2076 Sophoclea
3082 1726 3124 1775 et
3078 1654 3124 1700 in
3079 1388 3143 1624 Aeschyli

3151 3275 3181 3326 :sc
3136 2689 3188 3055 Eumenidibus.
3143 2476 3203 2617 Quod
3160 2333 3192 2428 non
3148 2153 3194 2284 eadit
3150 2059 3197 2106 in
3151 1769 3213 2016 Rhesum,
3156 1674 3202 1720 in
3172 1534 3218 1628 qua
3160 1390 3206 1488 illic

3230 3268 3267 3322 ’,ω-
3216 2878 3263 3055 milites
3218 2641 3275 2846 Graeci,
3223 2527 3269 2606 hic
3222 2296 3271 2492 Troiani
3227 2060 3274 2262 chorum
3228 1715 3280 2024 efficerent.⁷'
3236 1591 3281 1654 At
3254 1534 3283 1560 a
3253 1393 3299 1510 pro-

3272 3315 3277 3317 *
3294 2932 3357 3058 logis
3296 2720 3344 2894 choros
3301 2476 3359 2680 abesse,
3316 2285 3348 2426 nemo
3311 2175 3349 2248 est
3308 2060 3366 2141 qui
3308 1816 3369 2027 ignoret.
3312 1602 3360 1754 Addit
3314 1396 3376 1567 igitur:

3373 2900 3421 3054 Unica
3378 2663 3423 2878 restabat
3377 2550 3436 2642 via,
3378 2473 3424 2513 si
3382 2325 3424 2436 ante
3380 2163 3426 2295 chori
3384 1878 3432 2135 adventum
3387 1711 3435 1844 locus
3394 1394 3443 1684 mutabatur.

3450 2916 3511 3057 Quod
3456 2688 3516 2878 quantis
3455 2279 3504 2650 difficultatibus
3468 1980 3523 2247 prematur,
3465 1869 3511 1944 vix
3471 1770 3513 1843 est
3483 1625 3529 1745 opus
3473 1397 3519 1598 moneri.

3550 3270 3580 3333 u·
3530 2727 3590 3057 Quomodo
3535 2519 3582 2679 enim
3537 2124 3585 2472 concilium
3541 1681 3593 2070 Graecorum
3548 1398 3597 1619 ducum

3612 2720 3672 3059 potuisset
3613 2341 3672 2671 exhiberi,
3617 2163 3663 2291 nisi
3618 1884 3669 2115 chorus
3640 1734 3671 1835 eos
3627 1399 3687 1685 egisset!

3710 3267 3743 3328 w
3688 2816 3750 3060 Equidem
3693 2540 3753 2781 quomodo
3693 2411 3740 2505 hoc
3694 2154 3743 2374 dubitare
3702 1895 3760 2108 potuerit
3704 1773 3749 1847 vir
3704 1400 3766 1727 doctissimus,

3786 3321 3801 3330 ·
3768 2742 3815 3061 vehementer
3771 2535 3819 2698 miror,
3773 2305 3834 2452 Quasi
3790 2175 3821 2269 non
3792 1995 3840 2140 saepe
3780 1751 3828 1959 universi
3785 1549 3846 1716 populi
3801 1400 3833 1514 con-

3845 2870 3906 3059 cioneS,
3862 2696 3909 2818 quae
3865 2570 3897 2663 non
3856 2394 3912 2533 agant
3869 2107 3915 2361 personam
3858 1905 3915 2070 chori,
3868 1500 3924 1855 convocentur,
3870 1398 3912 1449 et

3925 2924 3986 3061 quasi
3941 2686 3987 2890 unquam
3929 2510 3978 2647 chori
3947 2227 3993 2483 personam
3950 2046 3998 2191 agere
3939 1856 3999 2013 possit
3956 1704 4003 1822 grex
3940 1404 4002 1670 hominum,

4003 2923 4050 3061 cuius
4006 2795 4052 2891 duo
4021 2672 4069 2761 pro
4023 2580 4055 2635 se
4010 2340 4076 2547 quisque
4015 2162 4061 2307 verba
4013 1914 4075 2126 faciunt,
4017 1703 4080 1877 reliqui
4020 1510 4067 1667 silent.

4167 2958 4217 2997 ·)
4168 2860 4211 2927 cf.
4170 2780 4213 2829 11.
4188 2704 4226 2746 η,
4172 2420 4217 2673 109-119.
