5010 3336
4 135 35 164 f.

351 203 392 270 ιζ
447 232 485 273 κ

2 188 69 210 ,α’
106 181 112 186 “

610 241 709 364 3ss

483 257 541 326 19

247 254 303 271 ἶ

161 254 221 279 ι’

72 256 131 276 i

1 259 57 292 ἱ

349 274 448 361 w

209 298 320 359 :³

147 293 199 362 ἐξ

1 298 138 376 i.

3947 2157 4002 2236 20

3794 1364 3831 1480 usus
3798 1516 3833 1630 suos
3793 1667 3853 1979 converterit,
3790 2013 3855 2176 potuit
3808 2203 3858 2351 etiam
3795 2376 3862 2569 prologi
3813 2595 3864 2852 nonnullos
3813 2875 3858 3033 trans-

3716 1364 3765 1597 scribere.
3722 1650 3770 1717 Et
3724 1751 3772 1974 videntur
3727 2009 3773 2072 ad
3712 2106 3777 2420 deperditum
3730 2446 3781 2601 Rhesi
3718 2630 3781 2886 prologum
3735 2913 3783 3037 llaec

3636 1365 3687 1576 frustula
3625 1609 3675 1756 posse
3644 1792 3693 2040 revocari:

3546 1498 3608 1551 l)
3549 1595 3612 1736 ὁμῶς
3563 1772 3615 1827 δὲ
3564 1862 3615 2034 πάντα
3552 2068 3621 2450 τλησικαρδίως
3557 2485 3626 2667 φέρειν

3480 1594 3531 1658 τὰ
3481 1692 3527 1796 νῦν
3468 1829 3536 2075 προςήκει
3474 2109 3536 2274 κάρτα
3489 2308 3537 2350 τ’
3489 2389 3546 2455 αὖ
3490 2491 3543 2799 πεποιθέναι

3387 1728 3450 1796 (v.
3405 1835 3450 1979 1066.
3391 2018 3454 2187 1061).

3317 1365 3367 1618 Diomedis
3305 1662 3356 1904 personae
3326 1949 3373 2072 haec
3327 2120 3376 2424 conveniunt.
3315 2494 3382 2846 Agamemnoni
3335 2880 3379 3042 autem

3236 1366 3284 1530 tribuo
3240 1564 3271 1607 v.
3243 1646 3288 1771 722:

3144 1498 3207 1553 2)
3147 1597 3209 1814 ἄλογος,
3150 1848 3215 2081 ὕπερθεν
3166 2114 3215 2222 τῶν
3154 2258 3219 2398 ἐμῶν
3157 2434 3222 2777 ἐλπισμάτων.

3077 1368 3124 1442 Ex
3078 1456 3128 1711 Diomedis
3082 1730 3114 1899 rursus
3084 1919 3132 2082 verbis
3070 2111 3133 2422 depromtum
3091 2448 3123 2558 esse
3077 2586 3140 2809 suspicor
3091 2834 3129 3045 versum,

2982 1369 3030 1513 quem
2985 1551 3045 1836 corruptum
3004 1873 3052 2099 falsarius
3007 2135 3036 2207 vv.
3008 2235 3053 2379 2003.
3008 2406 3056 2535 2122
3012 2563 3053 2613 et
3013 2636 3058 2778 2407.
3015 2825 3064 3045 iteravit:

2903 1504 2967 1557 3)
2920 1601 2970 1709 ἀλλ’
2908 1748 2973 1984 εἰςίωμεν
2907 2018 2974 2195 ἡσύχῳ
2918 2230 2977 2395 ποδὸς
2913 2431 2979 2593 βάσει.

2837 1500 2885 1599 lam
2839 1635 2885 1696 ad
2828 1732 2872 1817 ea,
2826 1869 2874 1993 quae
2844 2035 2887 2223 servata
2838 2274 2889 2417 sunt,
2849 2463 2890 2678 transeo.
2838 2749 2903 2988 Incipiunt
2856 3022 2886 3048 a

2738 1370 2804 1558 parodo
2747 1618 2806 1921 chorumque
2763 1968 2812 2190 efficiunt
2758 2238 2814 2449 milites,
2754 2515 2818 2598 qui
2756 2645 2820 2829 vigilias
2757 2881 2819 3047 agunt,

2659 1373 2708 1493 quos
2663 1539 2725 1736 quidem
2681 1785 2713 1882 11011
2683 1927 2714 2039 6666
2669 2089 2733 2340 gregarios
2689 2386 2735 2500 iude
2676 2548 2739 2864 intelligitur,
2680 2918 2744 3050 quod

2594 1371 2629 1542 eorum
2599 1587 2645 1638 in
2599 1686 2635 1892 numero
2604 1938 2652 2096 Dolon
2595 2144 2648 2247 est,
2608 2299 2655 2543 nobilibus
2612 2593 2660 2859 maioribus
2605 2896 2657 3052 ortus,

2500 1373 2565 1602 quodque
2520 1636 2566 1686 in
2521 1722 2570 1978 consilinm
2525 2016 2572 2313 adhibentur
2527 2348 2573 2405 ab
2520 2442 2575 2685 Hectore,
2519 2733 2565 2892 neque
2535 2938 2567 3051 sen-

2434 1372 2483 1523 tentia
2439 1557 2473 1726 eorum
2426 1771 2490 2050 negligitur.
2433 2123 2494 2388 Gregarios
2434 2435 2496 2579 igitur
2451 2624 2499 2806 milites
2455 2853 2500 2901 in
2456 2951 2496 3051 sta—

2354 1372 2405 1590 tionibus
2361 1638 2409 1839 relictos
2364 1890 2395 2001 esse
2349 2047 2407 2196 puto„
2367 2248 2408 2297 et
2369 2331 2415 2461 solos
2371 2499 2417 2649 duces
2373 2686 2420 2746 ad
2374 2781 2421 3052 Hectorem

2274 1375 2308 1430 se
2272 1467 2327 1759 contulisse,
2283 1795 2329 1844 id
2267 1880 2331 2008 qnod
2268 2045 2333 2168 ipsi„
2286 2204 2317 2257 se
2280 2293 2340 2622 ὑπασπιστὰς
2291 2658 2339 2794 (lucis
2294 2832 2326 2942 esse
2298 2980 2345 3053 di-

2189 1376 2241 1573 centes,
2200 1623 2249 1890 declarant.
2204 1962 2251 2027 Et
2190 2073 2253 2271 quidem
2207 2322 2240 2381 ex
2194 2427 2254 2639 quinque
2212 2683 2260 2842 noctis
2199 2876 2265 3054 vigiliis

2101 1375 2160 1596 quartam
2121 1632 2168 1727 sibi
2107 1762 2169 1998 obtigisse
2114 2047 2172 2342 ostendunt,
2128 2389 2174 2451 de
2113 2488 2171 2742 tempore,
2118 2793 2165 2887 quo
2135 2931 2181 3055 haec

2020 1376 2083 1454 agi
2022 1488 2085 1759 fingantur,
2043 1796 2089 2029 docentes
2027 2063 2092 2366 planissime.
2048 2425 2098 2836 Commodissime
2054 2870 2101 3055 sactum

1945 1377 1999 1471 est,
1943 1509 2006 1639 quod
1945 1673 2008 1898 vigilibus
1964 1934 1995 2109 munus
1965 2137 2011 2271 chori
1951 2296 2015 2559 Euripides
1956 2586 2018 2841 delegavit,
1959 2879 2021 3055 quibus

1876 1377 1919 1508 stato
1864 1542 1921 1769 tempore
1884 1805 1931 2156 decedentibus
1886 2203 1927 2253 et
1871 2298 1934 2532 temporis
1890 2581 1936 2818 decursus
1878 2872 1942 3056 signifi-

1796 1380 1841 1577 caretur
1802 1611 1843 1659 et
1803 1696 1834 1839 scena
1789 1876 1848 2154 opportune
1807 2188 1849 2491 vacuaretur.
1809 2551 1856 2736 Caussa
1813 2772 1857 2934 autem
1814 2971 1862 3057 ad-

1718 1380 1766 1528 eundi
1722 1574 1770 1805 Hectoris
1724 1855 1774 2119 multitudo
1727 2169 1767 2246 est
1710 2290 1774 2506 ignium,
1714 2571 1761 2692 quos
1731 2744 1778 2795 in
1733 2841 1781 3059 hostium

1638 1380 1687 1554 castris
1627 1588 1689 1795 flagrare
1635 1830 1693 2295 animadverterunt,
1632 2335 1695 2610 quibusque
1640 2641 1698 2823 territi,
1653 2858 1696 3058 noetur-

1556 1380 1591 1496 num
1561 1522 1610 1689 dolum
1564 1716 1611 1792 vel
1549 1822 1612 2061 impetum
1566 2089 1613 2306 Graecos
1567 2332 1615 2495 moliri
1554 2517 1616 2840 suspicantur.
1574 2879 1622 3058 Trans-

1478 1382 1527 1493 tulit
1465 1537 1530 1689 igitur
1485 1734 1532 1795 ad
1485 1833 1534 2052 Graecos
1470 2089 1534 2354 Euripides
1473 2401 1534 2532 quod
1491 2568 1536 2629 de
1491 2664 1541 2887 Troianis
1495 2922 1542 3061 finxit

1390 1381 1447 1660 Homerus,
1403 1710 1446 1765 ut
1390 1807 1453 2000 ignibus
1392 2051 1439 2193 quam
1392 2240 1456 2464 plurimis
1411 2500 1460 2719 accensis
1414 2754 1462 3061 alacritatem

1306 1383 1368 1597 bellique
1308 1632 1371 1834 gerendi
1310 1871 1374 2193 cupiditatem
1314 2230 1377 2561 significarent
1317 2601 1364 2755 eaque
1333 2798 1364 2854 re
1334 2901 1376 3060 terro-

1240 1385 1272 1489 rem
1243 1537 1291 1795 iniicerent
1245 1838 1293 2083 hostibus.
1233 2165 1295 2262 Qui
1235 2305 1297 2441 ignes
1236 2488 1300 2619 quod
1237 2657 1295 2829 quarta
1254 2864 1302 3062 demum

1142 1387 1209 1554 vigilia
1163 1612 1212 1799 animos
1149 1856 1213 2057 vigilum
1167 2108 1216 2431 Troianorum
1159 2483 1217 2826 adverterunt,
1157 2887 1207 3061 posses

1079 1389 1129 1633 coniicere
1084 1682 1117 1765 eos
1086 1799 1133 1883 illo
1085 1920 1132 2118 demum
1072 2165 1128 2389 tempore
1091 2432 1122 2491 ex
1080 2539 1137 2750 ducum,
1078 2804 1140 2888 qui
1079 2932 1142 3063 apud

985 1388 1047 1738 imperatorem
990 1775 1054 2050 congregati
996 2074 1055 2288 fuerunt,
1010 2323 1058 2522 consilio
1011 2547 1058 2774 incensos
1005 2805 1046 2933 6666,
1017 2968 1064 3064 11ἰ6ἰ

920 1391 969 1590 Troiani
923 1611 956 1698 eos
908 1726 956 1815 per
924 1834 969 1983 totam
927 2011 973 2105 iam
924 2129 971 2324 noctem
930 2353 978 2534 arsisse
932 2560 975 2857 testarentur
920 2892 984 2959 (v.
936 2984 983 3064 42.

843 1394 887 1444 et
842 1476 875 1522 v.
829 1556 894 1678 95).
845 1744 893 1864 Inde
831 1900 878 2014 eos,
830 2064 894 2148 qui
829 2180 895 2368 priores
834 2404 899 2593 vigilias
836 2630 898 2864 egerunt,
855 2901 903 3063 minus

763 1394 812 1707 vehementer
765 1739 813 1835 hoc
764 1868 813 1972 viso
764 2003 808 2164 motos
766 2200 800 2310 esse
770 2345 819 2656 statuendum
774 2699 816 2789 est.
