<?xml version="1.0" encoding="UTF-8"?>
<!DOCTYPE html PUBLIC "-//W3C//DTD XHTML 1.0 Transitional//EN"
    "http://www.w3.org/TR/xhtml1/DTD/xhtml1-transitional.dtd">
<html xmlns="http://www.w3.org/1999/xhtml" xml:lang="en" lang="en">
 <head>
  <title>
</title>
<meta http-equiv="Content-Type" content="text/html;charset=utf-8" />
  <meta name='ocr-system' content='tesseract 3.04.00' />
  <meta name='ocr-capabilities' content='ocr_page ocr_carea ocr_par ocr_line ocrx_word'/>
</head>
<body>
  <div class='ocr_page' id='page_1' title='image "./euripidesrestitu00hartuoft_raw_0458.png"; bbox 0 0 5010 3336; ppageno 0'>
   <div class='ocr_carea' id='block_1_1' title="bbox 0 635 0 860">
    <p class='ocr_par' dir='ltr' id='par_1_1' title="bbox 0 635 0 860">
     <span class='ocr_line' id='line_1_1' title="bbox 0 635 0 860; textangle 270"><span class='ocrx_word' id='word_1_1' title='bbox 0 635 0 860; x_wconf 95' lang='lat' dir='ltr'> </span> 
     </span>
    </p>
   </div>
   <div class='ocr_carea' id='block_1_2' title="bbox 1142 680 1340 701">
    <p class='ocr_par' dir='ltr' id='par_1_2' title="bbox 1142 680 1340 701">
     <span class='ocr_line' id='line_1_2' title="bbox 1294 682 1340 701; textangle 270"><span class='ocrx_word' id='word_1_2' title='bbox 1294 682 1340 688; x_wconf 53' lang='grc' dir='ltr'>ξ</span> <span class='ocrx_word' id='word_1_3' title='bbox 1313 700 1317 701; x_wconf 15' lang='grc' dir='ltr'>ι</span> 
     </span>
     <span class='ocr_line' id='line_1_3' title="bbox 1239 681 1265 688; textangle 270"><span class='ocrx_word' id='word_1_4' title='bbox 1239 681 1265 688; x_wconf 58' lang='lat' dir='ltr'><em>s</em></span> 
     </span>
     <span class='ocr_line' id='line_1_4' title="bbox 1198 682 1232 687; textangle 270"><span class='ocrx_word' id='word_1_5' title='bbox 1198 682 1232 687; x_wconf 67' lang='grc' dir='ltr'>ἐ</span> 
     </span>
     <span class='ocr_line' id='line_1_5' title="bbox 1142 680 1196 688; textangle 270"><span class='ocrx_word' id='word_1_6' title='bbox 1142 680 1196 688; x_wconf 74' lang='grc' dir='ltr'><strong>ὲ</strong></span> 
     </span>
    </p>
   </div>
   <div class='ocr_carea' id='block_1_3' title="bbox 3819 0 5010 3332">
    <p class='ocr_par' dir='ltr' id='par_1_3' title="bbox 3819 0 5010 3332">
     <span class='ocr_line' id='line_1_6' title="bbox 3819 0 5010 3332; textangle 270"><span class='ocrx_word' id='word_1_7' title='bbox 3819 0 5010 3332; x_wconf 95' lang='lat' dir='ltr'> </span> 
     </span>
    </p>
   </div>
   <div class='ocr_carea' id='block_1_4' title="bbox 3848 2106 3902 2228">
    <p class='ocr_par' dir='ltr' id='par_1_4' title="bbox 3848 2106 3902 2228">
     <span class='ocr_line' id='line_1_7' title="bbox 3848 2106 3902 2228; textangle 270"><span class='ocrx_word' id='word_1_8' title='bbox 3848 2106 3902 2228; x_wconf 76' lang='lat'>440</span> 
     </span>
    </p>
   </div>
   <div class='ocr_carea' id='block_1_5' title="bbox 669 1250 3769 2995">
    <p class='ocr_par' dir='ltr' id='par_1_5' title="bbox 669 1250 3769 2995">
     <span class='ocr_line' id='line_1_8' title="bbox 3677 1325 3769 2994; textangle 270"><span class='ocrx_word' id='word_1_9' title='bbox 3704 1325 3769 1496; x_wconf 87' lang='lat' dir='ltr'>pandri</span> <span class='ocrx_word' id='word_1_10' title='bbox 3718 1530 3767 1590; x_wconf 88' lang='lat' dir='ltr'>ad</span> <span class='ocrx_word' id='word_1_11' title='bbox 3702 1610 3768 1872; x_wconf 78' lang='lat' dir='ltr'>Phrynidis</span> <span class='ocrx_word' id='word_1_12' title='bbox 3697 1909 3746 2064; x_wconf 87' lang='lat' dir='ltr'>usque</span> <span class='ocrx_word' id='word_1_13' title='bbox 3706 2100 3753 2311; x_wconf 87' lang='lat' dir='ltr'>aetatem</span> <span class='ocrx_word' id='word_1_14' title='bbox 3701 2348 3749 2505; x_wconf 89' lang='lat' dir='ltr'>tenuis</span> <span class='ocrx_word' id='word_1_15' title='bbox 3677 2535 3747 2843; x_wconf 80' lang='lat' dir='ltr'>simplexque</span> <span class='ocrx_word' id='word_1_16' title='bbox 3685 2868 3737 2994; x_wconf 86' lang='lat' dir='ltr'>fuit:</span> 
     </span>
     <span class='ocr_line' id='line_1_9' title="bbox 3601 1323 3688 2994; textangle 270"><span class='ocrx_word' id='word_1_17' title='bbox 3626 1323 3674 1482; x_wconf 90' lang='lat' dir='ltr'>neque</span> <span class='ocrx_word' id='word_1_18' title='bbox 3639 1517 3688 1645; x_wconf 92' lang='lat' dir='ltr'>enim</span> <span class='ocrx_word' id='word_1_19' title='bbox 3637 1682 3686 1799; x_wconf 87' lang='lat' dir='ltr'>olim</span> <span class='ocrx_word' id='word_1_20' title='bbox 3618 1835 3667 1924; x_wconf 90' lang='lat' dir='ltr'>pro</span> <span class='ocrx_word' id='word_1_21' title='bbox 3633 1960 3665 2045; x_wconf 91' lang='lat' dir='ltr'>sua</span> <span class='ocrx_word' id='word_1_22' title='bbox 3614 2083 3676 2258; x_wconf 84' lang='lat' dir='ltr'>cuique</span> <span class='ocrx_word' id='word_1_23' title='bbox 3608 2293 3672 2511; x_wconf 72' lang='lat' dir='ltr'>libidine,</span> <span class='ocrx_word' id='word_1_24' title='bbox 3619 2548 3661 2603; x_wconf 88' lang='lat' dir='ltr'>ut</span> <span class='ocrx_word' id='word_1_25' title='bbox 3601 2636 3649 2779; x_wconf 88' lang='lat' dir='ltr'>nunc,</span> <span class='ocrx_word' id='word_1_26' title='bbox 3607 2815 3659 2994; x_wconf 84' lang='lat' dir='ltr'>fidibus</span> 
     </span>
     <span class='ocr_line' id='line_1_10' title="bbox 3515 1323 3609 2995; textangle 270"><span class='ocrx_word' id='word_1_27' title='bbox 3561 1323 3594 1499; x_wconf 89' lang='lat' dir='ltr'>canere</span> <span class='ocrx_word' id='word_1_28' title='bbox 3545 1546 3609 1752; x_wconf 75' lang='lat' dir='ltr'>licebat,</span> <span class='ocrx_word' id='word_1_29' title='bbox 3540 1808 3587 1968; x_wconf 86' lang='lat' dir='ltr'>neque</span> <span class='ocrx_word' id='word_1_30' title='bbox 3547 2013 3598 2289; x_wconf 81' lang='lat' dir='ltr'>harmonias</span> <span class='ocrx_word' id='word_1_31' title='bbox 3544 2345 3587 2395; x_wconf 86' lang='lat' dir='ltr'>et</span> <span class='ocrx_word' id='word_1_32' title='bbox 3537 2441 3573 2671; x_wconf 88' lang='lat' dir='ltr'>numeros</span> <span class='ocrx_word' id='word_1_33' title='bbox 3515 2719 3582 2995; x_wconf 84' lang='lat' dir='ltr'>immutare,</span> 
     </span>
     <span class='ocr_line' id='line_1_11' title="bbox 3448 1320 3530 2993; textangle 270"><span class='ocrx_word' id='word_1_34' title='bbox 3468 1320 3530 1559; x_wconf 85' lang='lat' dir='ltr'>siquidem</span> <span class='ocrx_word' id='word_1_35' title='bbox 3480 1594 3528 1642; x_wconf 89' lang='lat' dir='ltr'>in</span> <span class='ocrx_word' id='word_1_36' title='bbox 3476 1676 3525 1835; x_wconf 88' lang='lat' dir='ltr'>modis</span> <span class='ocrx_word' id='word_1_37' title='bbox 3456 1873 3524 2099; x_wconf 81' lang='grc' dir='ltr'>(νόμοις)</span> <span class='ocrx_word' id='word_1_38' title='bbox 3467 2139 3500 2276; x_wconf 87' lang='lat' dir='ltr'>suam</span> <span class='ocrx_word' id='word_1_39' title='bbox 3448 2313 3511 2489; x_wconf 90' lang='lat' dir='ltr'>cuique</span> <span class='ocrx_word' id='word_1_40' title='bbox 3453 2523 3506 2798; x_wconf 74' lang='lat' dir='ltr'>retinebant</span> <span class='ocrx_word' id='word_1_41' title='bbox 3449 2834 3499 2993; x_wconf 90' lang='lat' dir='ltr'>inten-</span> 
     </span>
     <span class='ocr_line' id='line_1_12' title="bbox 3362 1319 3452 2992; textangle 270"><span class='ocrx_word' id='word_1_42' title='bbox 3393 1319 3452 1537; x_wconf 85' lang='lat' dir='ltr'>sionem,</span> <span class='ocrx_word' id='word_1_43' title='bbox 3399 1575 3448 1703; x_wconf 87' lang='lat' dir='ltr'>unde</span> <span class='ocrx_word' id='word_1_44' title='bbox 3395 1739 3443 1885; x_wconf 88' lang='lat' dir='ltr'>etiam</span> <span class='ocrx_word' id='word_1_45' title='bbox 3390 1923 3425 2099; x_wconf 90' lang='lat' dir='ltr'>nomen</span> <span class='ocrx_word' id='word_1_46' title='bbox 3374 2134 3436 2454; x_wconf 81' lang='lat' dir='ltr'>invenerunt,</span> <span class='ocrx_word' id='word_1_47' title='bbox 3381 2491 3423 2543; x_wconf 90' lang='lat' dir='ltr'>ut</span> <span class='ocrx_word' id='word_1_48' title='bbox 3362 2576 3427 2734; x_wconf 79' lang='grc' dir='ltr'><em>νόμοι</em></span> <span class='ocrx_word' id='word_1_49' title='bbox 3369 2770 3421 2992; x_wconf 86' lang='lat' dir='ltr'>diceren-</span> 
     </span>
     <span class='ocr_line' id='line_1_13' title="bbox 3279 1314 3370 2987; textangle 270"><span class='ocrx_word' id='word_1_50' title='bbox 3324 1314 3368 1396; x_wconf 86' lang='lat' dir='ltr'>tur</span> <span class='ocrx_word' id='word_1_51' title='bbox 3309 1432 3370 1568; x_wconf 85' lang='lat' dir='ltr'>quasi</span> <span class='ocrx_word' id='word_1_52' title='bbox 3303 1603 3368 1811; x_wconf 85' lang='lat' dir='ltr'>leges,</span> <span class='ocrx_word' id='word_1_53' title='bbox 3300 1847 3360 1976; x_wconf 90' lang='lat' dir='ltr'>quod</span> <span class='ocrx_word' id='word_1_54' title='bbox 3294 2014 3357 2251; x_wconf 88' lang='lat' dir='ltr'>cuiusque</span> <span class='ocrx_word' id='word_1_55' title='bbox 3300 2286 3353 2574; x_wconf 83' lang='lat' dir='ltr'>intensionis</span> <span class='ocrx_word' id='word_1_56' title='bbox 3279 2599 3338 2848; x_wconf 83' lang='lat' dir='ltr'>receptam</span> <span class='ocrx_word' id='word_1_57' title='bbox 3290 2884 3339 2987; x_wconf 90' lang='lat' dir='ltr'>for·</span> 
     </span>
     <span class='ocr_line' id='line_1_14' title="bbox 3197 1313 3291 2988; textangle 270"><span class='ocrx_word' id='word_1_58' title='bbox 3244 1313 3278 1440; x_wconf 92' lang='lat' dir='ltr'>mam</span> <span class='ocrx_word' id='word_1_59' title='bbox 3241 1475 3291 1656; x_wconf 89' lang='lat' dir='ltr'>violare</span> <span class='ocrx_word' id='word_1_60' title='bbox 3237 1690 3286 1831; x_wconf 84' lang='lat' dir='ltr'>nefas</span> <span class='ocrx_word' id='word_1_61' title='bbox 3232 1867 3280 2021; x_wconf 84' lang='lat' dir='ltr'>erat.&#39;&#39;</span> <span class='ocrx_word' id='word_1_62' title='bbox 3229 2070 3279 2123; x_wconf 88' lang='lat' dir='ltr'>C.</span> <span class='ocrx_word' id='word_1_63' title='bbox 3228 2160 3275 2250; x_wconf 77' lang='lat'>18:</span> <span class='ocrx_word' id='word_1_64' title='bbox 3207 2287 3273 2524; x_wconf 77' lang='lat' dir='ltr'>„Antiqui</span> <span class='ocrx_word' id='word_1_65' title='bbox 3216 2559 3251 2654; x_wconf 92' lang='lat' dir='ltr'>non</span> <span class='ocrx_word' id='word_1_66' title='bbox 3200 2689 3263 2822; x_wconf 90' lang='lat' dir='ltr'>ideo,</span> <span class='ocrx_word' id='word_1_67' title='bbox 3197 2858 3258 2988; x_wconf 90' lang='lat' dir='ltr'>quod</span> 
     </span>
     <span class='ocr_line' id='line_1_15' title="bbox 3119 1309 3214 2987; textangle 270"><span class='ocrx_word' id='word_1_68' title='bbox 3164 1309 3214 1459; x_wconf 87' lang='lat' dir='ltr'>rudes</span> <span class='ocrx_word' id='word_1_69' title='bbox 3161 1496 3203 1664; x_wconf 88' lang='lat' dir='ltr'>essent</span> <span class='ocrx_word' id='word_1_70' title='bbox 3142 1697 3206 1997; x_wconf 88' lang='lat' dir='ltr'>reliquorum</span> <span class='ocrx_word' id='word_1_71' title='bbox 3146 2034 3191 2355; x_wconf 86' lang='lat' dir='ltr'>concentuum</span> <span class='ocrx_word' id='word_1_72' title='bbox 3133 2377 3155 2390; x_wconf 95' lang='lat'>,</span> <span class='ocrx_word' id='word_1_73' title='bbox 3143 2427 3189 2501; x_wconf 88' lang='lat' dir='ltr'>usi</span> <span class='ocrx_word' id='word_1_74' title='bbox 3137 2537 3179 2648; x_wconf 89' lang='lat' dir='ltr'>sunt</span> <span class='ocrx_word' id='word_1_75' title='bbox 3119 2680 3180 2867; x_wconf 90' lang='lat' dir='ltr'>paucis,</span> <span class='ocrx_word' id='word_1_76' title='bbox 3130 2903 3163 2987; x_wconf 91' lang='lat' dir='ltr'>ne-</span> 
     </span>
     <span class='ocr_line' id='line_1_16' title="bbox 3035 1309 3133 2985; textangle 270"><span class='ocrx_word' id='word_1_77' title='bbox 3072 1309 3119 1405; x_wconf 92' lang='lat' dir='ltr'>que</span> <span class='ocrx_word' id='word_1_78' title='bbox 3070 1437 3133 1708; x_wconf 86' lang='lat' dir='ltr'>ignorantia</span> <span class='ocrx_word' id='word_1_79' title='bbox 3078 1743 3126 1802; x_wconf 89' lang='lat' dir='ltr'>iis</span> <span class='ocrx_word' id='word_1_80' title='bbox 3074 1840 3107 2010; x_wconf 86' lang='lat' dir='ltr'>caussa</span> <span class='ocrx_word' id='word_1_81' title='bbox 3071 2045 3120 2142; x_wconf 90' lang='lat' dir='ltr'>suit</span> <span class='ocrx_word' id='word_1_82' title='bbox 3051 2167 3113 2419; x_wconf 80' lang='lat' dir='ltr'>angustiae</span> <span class='ocrx_word' id='word_1_83' title='bbox 3040 2448 3109 2840; x_wconf 85' lang='lat' dir='ltr'>chordarumque</span> <span class='ocrx_word' id='word_1_84' title='bbox 3035 2864 3082 2985; x_wconf 90' lang='lat' dir='ltr'>pau-</span> 
     </span>
     <span class='ocr_line' id='line_1_17' title="bbox 2955 1309 3055 2983; textangle 270"><span class='ocrx_word' id='word_1_85' title='bbox 2992 1309 3055 1488; x_wconf 84' lang='lat' dir='ltr'>citatis,</span> <span class='ocrx_word' id='word_1_86' title='bbox 2987 1520 3035 1678; x_wconf 92' lang='lat' dir='ltr'>neque</span> <span class='ocrx_word' id='word_1_87' title='bbox 2983 1714 3030 1803; x_wconf 90' lang='lat' dir='ltr'>per</span> <span class='ocrx_word' id='word_1_88' title='bbox 2993 1838 3043 2076; x_wconf 88' lang='lat' dir='ltr'>inscitiam</span> <span class='ocrx_word' id='word_1_89' title='bbox 2973 2114 3039 2350; x_wconf 89' lang='lat' dir='ltr'>Olympus</span> <span class='ocrx_word' id='word_1_90' title='bbox 2984 2401 3026 2449; x_wconf 86' lang='lat' dir='ltr'>et</span> <span class='ocrx_word' id='word_1_91' title='bbox 2962 2485 3029 2778; x_wconf 87' lang='lat' dir='ltr'>Terpander</span> <span class='ocrx_word' id='word_1_92' title='bbox 2971 2813 3014 2865; x_wconf 89' lang='lat' dir='ltr'>et</span> <span class='ocrx_word' id='word_1_93' title='bbox 2955 2900 3017 2983; x_wconf 83' lang='lat' dir='ltr'>qui</span> 
     </span>
     <span class='ocr_line' id='line_1_18' title="bbox 2884 1306 2971 2980; textangle 270"><span class='ocrx_word' id='word_1_94' title='bbox 2927 1306 2960 1392; x_wconf 88' lang='lat' dir='ltr'>eos</span> <span class='ocrx_word' id='word_1_95' title='bbox 2924 1430 2971 1586; x_wconf 90' lang='lat' dir='ltr'>secuti</span> <span class='ocrx_word' id='word_1_96' title='bbox 2920 1634 2961 1748; x_wconf 87' lang='lat' dir='ltr'>sunt</span> <span class='ocrx_word' id='word_1_97' title='bbox 2915 1794 2966 1965; x_wconf 89' lang='lat' dir='ltr'>fidium</span> <span class='ocrx_word' id='word_1_98' title='bbox 2896 2010 2961 2290; x_wconf 86' lang='lat' dir='ltr'>frequentia</span> <span class='ocrx_word' id='word_1_99' title='bbox 2884 2336 2951 2667; x_wconf 74' lang='lat' dir='ltr'>varietateque</span> <span class='ocrx_word' id='word_1_100' title='bbox 2888 2703 2932 2980; x_wconf 89' lang='lat' dir='ltr'>caruerunt.</span> 
     </span>
     <span class='ocr_line' id='line_1_19' title="bbox 2810 1306 2898 2982; textangle 270"><span class='ocrx_word' id='word_1_101' title='bbox 2845 1306 2898 1577; x_wconf 85' lang='lat' dir='ltr'>Testantur</span> <span class='ocrx_word' id='word_1_102' title='bbox 2840 1611 2890 1742; x_wconf 91' lang='lat' dir='ltr'>enim</span> <span class='ocrx_word' id='word_1_103' title='bbox 2824 1778 2877 2006; x_wconf 84' lang='lat' dir='ltr'>poemata</span> <span class='ocrx_word' id='word_1_104' title='bbox 2817 2051 2880 2303; x_wconf 75' lang='lat' dir='ltr'>ipsorum,</span> <span class='ocrx_word' id='word_1_105' title='bbox 2811 2349 2857 2473; x_wconf 90' lang='lat' dir='ltr'>quae</span> <span class='ocrx_word' id='word_1_106' title='bbox 2819 2521 2869 2637; x_wconf 88' lang='lat' dir='ltr'>licet</span> <span class='ocrx_word' id='word_1_107' title='bbox 2813 2685 2862 2830; x_wconf 87' lang='lat' dir='ltr'>trium</span> <span class='ocrx_word' id='word_1_108' title='bbox 2810 2884 2858 2982; x_wconf 85' lang='lat' dir='ltr'>sint</span> 
     </span>
     <span class='ocr_line' id='line_1_20' title="bbox 2731 1303 2818 2978; textangle 270"><span class='ocrx_word' id='word_1_109' title='bbox 2764 1303 2818 1598; x_wconf 89' lang='lat' dir='ltr'>chordarum</span> <span class='ocrx_word' id='word_1_110' title='bbox 2762 1633 2794 1689; x_wconf 88' lang='lat' dir='ltr'>ac</span> <span class='ocrx_word' id='word_1_111' title='bbox 2741 1726 2806 1982; x_wconf 87' lang='lat' dir='ltr'>simplicia,</span> <span class='ocrx_word' id='word_1_112' title='bbox 2752 2019 2798 2184; x_wconf 87' lang='lat' dir='ltr'>tamen</span> <span class='ocrx_word' id='word_1_113' title='bbox 2742 2220 2794 2518; x_wconf 88' lang='lat' dir='ltr'>antecellunt</span> <span class='ocrx_word' id='word_1_114' title='bbox 2736 2535 2785 2677; x_wconf 75' lang='lat' dir='ltr'>variis</span> <span class='ocrx_word' id='word_1_115' title='bbox 2734 2705 2783 2815; x_wconf 91' lang='lat' dir='ltr'>istis</span> <span class='ocrx_word' id='word_1_116' title='bbox 2731 2851 2778 2978; x_wconf 88' lang='lat' dir='ltr'>mul-</span> 
     </span>
     <span class='ocr_line' id='line_1_21' title="bbox 2644 1300 2733 2977; textangle 270"><span class='ocrx_word' id='word_1_117' title='bbox 2670 1300 2733 1562; x_wconf 88' lang='lat' dir='ltr'>tarumque</span> <span class='ocrx_word' id='word_1_118' title='bbox 2677 1600 2730 1889; x_wconf 89' lang='lat' dir='ltr'>chordarum</span> <span class='ocrx_word' id='word_1_119' title='bbox 2659 1926 2719 2194; x_wconf 86' lang='lat' dir='ltr'>poematis,</span> <span class='ocrx_word' id='word_1_120' title='bbox 2670 2244 2712 2298; x_wconf 94' lang='lat' dir='ltr'>ut</span> <span class='ocrx_word' id='word_1_121' title='bbox 2649 2335 2717 2531; x_wconf 81' lang='lat' dir='ltr'>Olympi</span> <span class='ocrx_word' id='word_1_122' title='bbox 2644 2578 2691 2733; x_wconf 82' lang='lat' dir='ltr'>genus</span> <span class='ocrx_word' id='word_1_123' title='bbox 2651 2770 2699 2977; x_wconf 87' lang='lat' dir='ltr'>canendi</span> 
     </span>
     <span class='ocr_line' id='line_1_22' title="bbox 2558 1299 2659 2975; textangle 270"><span class='ocrx_word' id='word_1_124' title='bbox 2607 1299 2659 1481; x_wconf 87' lang='lat' dir='ltr'>imitari</span> <span class='ocrx_word' id='word_1_125' title='bbox 2602 1515 2638 1659; x_wconf 90' lang='lat' dir='ltr'>nemo</span> <span class='ocrx_word' id='word_1_126' title='bbox 2584 1695 2641 1855; x_wconf 84' lang='lat' dir='ltr'>queat,</span> <span class='ocrx_word' id='word_1_127' title='bbox 2595 1893 2638 1942; x_wconf 85' lang='lat' dir='ltr'>et</span> <span class='ocrx_word' id='word_1_128' title='bbox 2591 1965 2641 2223; x_wconf 82' lang='lat' dir='ltr'>inferiores</span> <span class='ocrx_word' id='word_1_129' title='bbox 2588 2250 2636 2346; x_wconf 91' lang='lat' dir='ltr'>sint</span> <span class='ocrx_word' id='word_1_130' title='bbox 2567 2368 2633 2643; x_wconf 88' lang='lat' dir='ltr'>quicunque</span> <span class='ocrx_word' id='word_1_131' title='bbox 2577 2667 2625 2715; x_wconf 91' lang='lat' dir='ltr'>iu</span> <span class='ocrx_word' id='word_1_132' title='bbox 2558 2740 2624 2975; x_wconf 91' lang='lat' dir='ltr'>frequen-</span> 
     </span>
     <span class='ocr_line' id='line_1_23' title="bbox 2492 1296 2577 2972; textangle 270"><span class='ocrx_word' id='word_1_133' title='bbox 2528 1296 2577 1427; x_wconf 86' lang='lat' dir='ltr'>tibus</span> <span class='ocrx_word' id='word_1_134' title='bbox 2523 1463 2573 1642; x_wconf 88' lang='lat' dir='ltr'>fidibus</span> <span class='ocrx_word' id='word_1_135' title='bbox 2502 1679 2566 1924; x_wconf 74' lang='lat' dir='ltr'>variisque</span> <span class='ocrx_word' id='word_1_136' title='bbox 2498 1953 2561 2123; x_wconf 78' lang='lat' dir='ltr'>figuris</span> <span class='ocrx_word' id='word_1_137' title='bbox 2506 2149 2550 2452; x_wconf 77' lang='lat' dir='ltr'>versantur.”</span> <span class='ocrx_word' id='word_1_138' title='bbox 2501 2519 2550 2609; x_wconf 90' lang='lat' dir='ltr'>Ilis</span> <span class='ocrx_word' id='word_1_139' title='bbox 2497 2646 2545 2772; x_wconf 89' lang='lat' dir='ltr'>adde</span> <span class='ocrx_word' id='word_1_140' title='bbox 2492 2794 2542 2972; x_wconf 89' lang='lat' dir='ltr'>Athen.</span> 
     </span>
     <span class='ocr_line' id='line_1_24' title="bbox 2414 1295 2500 2973; textangle 270"><span class='ocrx_word' id='word_1_141' title='bbox 2448 1295 2500 1426; x_wconf 89' lang='lat' dir='ltr'>X1V.</span> <span class='ocrx_word' id='word_1_142' title='bbox 2430 1461 2478 1511; x_wconf 89' lang='lat' dir='ltr'>p.</span> <span class='ocrx_word' id='word_1_143' title='bbox 2441 1549 2489 1658; x_wconf 83' lang='lat'>631.</span> <span class='ocrx_word' id='word_1_144' title='bbox 2441 1696 2489 1754; x_wconf 88' lang='grc' dir='ltr'>Ε.</span> <span class='ocrx_word' id='word_1_145' title='bbox 2421 1792 2470 1927; x_wconf 76' lang='lat' dir='ltr'>seq-z</span> <span class='ocrx_word' id='word_1_146' title='bbox 2423 1965 2483 2258; x_wconf 84' lang='lat' dir='ltr'>„Prioribus</span> <span class='ocrx_word' id='word_1_147' title='bbox 2414 2295 2475 2493; x_wconf 86' lang='lat' dir='ltr'>quidem</span> <span class='ocrx_word' id='word_1_148' title='bbox 2418 2531 2466 2741; x_wconf 85' lang='lat' dir='ltr'>saeculis</span> <span class='ocrx_word' id='word_1_149' title='bbox 2415 2774 2464 2824; x_wconf 91' lang='lat' dir='ltr'>in</span> <span class='ocrx_word' id='word_1_150' title='bbox 2414 2860 2446 2973; x_wconf 92' lang='lat' dir='ltr'>mu-</span> 
     </span>
     <span class='ocr_line' id='line_1_25' title="bbox 2328 1292 2419 2970; textangle 270"><span class='ocrx_word' id='word_1_151' title='bbox 2369 1292 2419 1407; x_wconf 82' lang='lat' dir='ltr'>sicis</span> <span class='ocrx_word' id='word_1_152' title='bbox 2352 1445 2412 1575; x_wconf 92' lang='lat' dir='ltr'>quod</span> <span class='ocrx_word' id='word_1_153' title='bbox 2360 1612 2402 1746; x_wconf 87' lang='lat' dir='ltr'>esset</span> <span class='ocrx_word' id='word_1_154' title='bbox 2355 1780 2405 2011; x_wconf 90' lang='lat' dir='ltr'>decorum</span> <span class='ocrx_word' id='word_1_155' title='bbox 2353 2057 2396 2106; x_wconf 88' lang='lat' dir='ltr'>et</span> <span class='ocrx_word' id='word_1_156' title='bbox 2347 2140 2399 2401; x_wconf 87' lang='lat' dir='ltr'>honestum</span> <span class='ocrx_word' id='word_1_157' title='bbox 2328 2441 2388 2723; x_wconf 86' lang='lat' dir='ltr'>servabant,</span> <span class='ocrx_word' id='word_1_158' title='bbox 2333 2774 2377 2970; x_wconf 86' lang='lat' dir='ltr'>ornatus</span> 
     </span>
     <span class='ocr_line' id='line_1_26' title="bbox 2243 1290 2333 2966; textangle 270"><span class='ocrx_word' id='word_1_159' title='bbox 2289 1290 2325 1406; x_wconf 87' lang='lat' dir='ltr'>suus</span> <span class='ocrx_word' id='word_1_160' title='bbox 2267 1454 2333 1727; x_wconf 84' lang='lat' dir='ltr'>quibusque</span> <span class='ocrx_word' id='word_1_161' title='bbox 2274 1775 2322 2066; x_wconf 86' lang='lat' dir='ltr'>carminibus</span> <span class='ocrx_word' id='word_1_162' title='bbox 2254 2114 2316 2343; x_wconf 90' lang='lat' dir='ltr'>proprius</span> <span class='ocrx_word' id='word_1_163' title='bbox 2256 2389 2312 2710; x_wconf 86' lang='lat' dir='ltr'>tribuebatur.</span> <span class='ocrx_word' id='word_1_164' title='bbox 2243 2783 2304 2966; x_wconf 77' lang='lat' dir='ltr'>Quam-</span> 
     </span>
     <span class='ocr_line' id='line_1_27' title="bbox 2164 1287 2257 2963; textangle 270"><span class='ocrx_word' id='word_1_165' title='bbox 2208 1287 2257 1459; x_wconf 89' lang='lat' dir='ltr'>obrem</span> <span class='ocrx_word' id='word_1_166' title='bbox 2189 1510 2251 1708; x_wconf 83' lang='lat' dir='ltr'>singulis</span> <span class='ocrx_word' id='word_1_167' title='bbox 2193 1754 2241 2069; x_wconf 89' lang='lat' dir='ltr'>concentibus</span> <span class='ocrx_word' id='word_1_168' title='bbox 2171 2119 2242 2442; x_wconf 75' lang='grc' dir='ltr'>(ἁρμονίαις)</span> <span class='ocrx_word' id='word_1_169' title='bbox 2180 2489 2230 2638; x_wconf 88' lang='lat' dir='ltr'>tibiae</span> <span class='ocrx_word' id='word_1_170' title='bbox 2164 2686 2224 2963; x_wconf 86' lang='lat' dir='ltr'>peculiares</span> 
     </span>
     <span class='ocr_line' id='line_1_28' title="bbox 2086 1288 2175 2961; textangle 270"><span class='ocrx_word' id='word_1_171' title='bbox 2130 1288 2174 1430; x_wconf 88' lang='lat' dir='ltr'>erant</span> <span class='ocrx_word' id='word_1_172' title='bbox 2109 1463 2175 1681; x_wconf 87' lang='lat' dir='ltr'>itemque</span> <span class='ocrx_word' id='word_1_173' title='bbox 2102 1716 2167 1919; x_wconf 79' lang='lat' dir='ltr'>siugulis</span> <span class='ocrx_word' id='word_1_174' title='bbox 2111 1956 2162 2235; x_wconf 87' lang='lat' dir='ltr'>tibicinibus</span> <span class='ocrx_word' id='word_1_175' title='bbox 2107 2287 2155 2435; x_wconf 87' lang='lat' dir='ltr'>tibiae</span> <span class='ocrx_word' id='word_1_176' title='bbox 2086 2471 2151 2675; x_wconf 79' lang='lat' dir='ltr'>siugulis</span> <span class='ocrx_word' id='word_1_177' title='bbox 2095 2712 2142 2961; x_wconf 83' lang='lat' dir='ltr'>concenti-</span> 
     </span>
     <span class='ocr_line' id='line_1_29' title="bbox 2015 1283 2102 2961; textangle 270"><span class='ocrx_word' id='word_1_178' title='bbox 2052 1283 2102 1375; x_wconf 90' lang='lat' dir='ltr'>bus</span> <span class='ocrx_word' id='word_1_179' title='bbox 2033 1411 2091 1557; x_wconf 88' lang='lat' dir='ltr'>aptae</span> <span class='ocrx_word' id='word_1_180' title='bbox 2044 1593 2092 1642; x_wconf 90' lang='lat' dir='ltr'>iu</span> <span class='ocrx_word' id='word_1_181' title='bbox 2042 1677 2090 1806; x_wconf 87' lang='lat' dir='ltr'>ludis</span> <span class='ocrx_word' id='word_1_182' title='bbox 2024 1842 2085 2067; x_wconf 89' lang='lat' dir='ltr'>publicis.</span> <span class='ocrx_word' id='word_1_183' title='bbox 2033 2137 2081 2279; x_wconf 82' lang='lat' dir='ltr'>Nunc</span> <span class='ocrx_word' id='word_1_184' title='bbox 2028 2327 2069 2491; x_wconf 87' lang='lat' dir='ltr'>autem</span> <span class='ocrx_word' id='word_1_185' title='bbox 2021 2536 2065 2727; x_wconf 88' lang='lat' dir='ltr'>temere</span> <span class='ocrx_word' id='word_1_186' title='bbox 2019 2763 2050 2819; x_wconf 94' lang='lat' dir='ltr'>ac</span> <span class='ocrx_word' id='word_1_187' title='bbox 2015 2854 2064 2961; x_wconf 88' lang='lat' dir='ltr'>sine</span> 
     </span>
     <span class='ocr_line' id='line_1_30' title="bbox 1922 1279 2020 2957; textangle 270"><span class='ocrx_word' id='word_1_188' title='bbox 1971 1279 2020 1472; x_wconf 90' lang='lat' dir='ltr'>ratione</span> <span class='ocrx_word' id='word_1_189' title='bbox 1964 1504 2013 1741; x_wconf 91' lang='lat' dir='ltr'>musicam</span> <span class='ocrx_word' id='word_1_190' title='bbox 1958 1777 2004 2003; x_wconf 89' lang='lat' dir='ltr'>tractant.</span> <span class='ocrx_word' id='word_1_191' title='bbox 1956 2072 2004 2139; x_wconf 83' lang='lat' dir='ltr'>Et</span> <span class='ocrx_word' id='word_1_192' title='bbox 1953 2189 2001 2302; x_wconf 90' lang='lat' dir='ltr'>olim</span> <span class='ocrx_word' id='word_1_193' title='bbox 1933 2351 1995 2574; x_wconf 89' lang='lat' dir='ltr'>populari</span> <span class='ocrx_word' id='word_1_194' title='bbox 1940 2620 1989 2795; x_wconf 87' lang='lat' dir='ltr'>turbae</span> <span class='ocrx_word' id='word_1_195' title='bbox 1922 2840 1969 2957; x_wconf 87' lang='lat' dir='ltr'>pro-</span> 
     </span>
     <span class='ocr_line' id='line_1_31' title="bbox 1843 1278 1944 2955; textangle 270"><span class='ocrx_word' id='word_1_196' title='bbox 1894 1278 1944 1385; x_wconf 88' lang='lat' dir='ltr'>bari</span> <span class='ocrx_word' id='word_1_197' title='bbox 1876 1421 1939 1607; x_wconf 83' lang='lat' dir='ltr'>signum</span> <span class='ocrx_word' id='word_1_198' title='bbox 1884 1646 1926 1750; x_wconf 88' lang='lat' dir='ltr'>erat</span> <span class='ocrx_word' id='word_1_199' title='bbox 1863 1785 1921 2047; x_wconf 89' lang='lat' dir='ltr'>corruptae</span> <span class='ocrx_word' id='word_1_200' title='bbox 1861 2083 1923 2234; x_wconf 90' lang='lat' dir='ltr'>artis,</span> <span class='ocrx_word' id='word_1_201' title='bbox 1870 2288 1917 2418; x_wconf 90' lang='lat' dir='ltr'>unde</span> <span class='ocrx_word' id='word_1_202' title='bbox 1865 2452 1914 2600; x_wconf 89' lang='lat' dir='ltr'>etiam</span> <span class='ocrx_word' id='word_1_203' title='bbox 1843 2635 1910 2955; x_wconf 88' lang='lat' dir='ltr'>Asopodorus</span> 
     </span>
     <span class='ocr_line' id='line_1_32' title="bbox 1767 1276 1865 2954; textangle 270"><span class='ocrx_word' id='word_1_204' title='bbox 1811 1276 1865 1522; x_wconf 85' lang='lat' dir='ltr'>Phliasius</span> <span class='ocrx_word' id='word_1_205' title='bbox 1805 1556 1855 1756; x_wconf 88' lang='lat' dir='ltr'>tibicine</span> <span class='ocrx_word' id='word_1_206' title='bbox 1788 1804 1846 2014; x_wconf 90' lang='lat' dir='ltr'>quodam</span> <span class='ocrx_word' id='word_1_207' title='bbox 1781 2051 1829 2226; x_wconf 82' lang='lat' dir='ltr'>magno</span> <span class='ocrx_word' id='word_1_208' title='bbox 1776 2261 1838 2499; x_wconf 88' lang='lat' dir='ltr'>applausu</span> <span class='ocrx_word' id='word_1_209' title='bbox 1767 2546 1833 2772; x_wconf 82' lang='lat' dir='ltr'>laudato,</span> <span class='ocrx_word' id='word_1_210' title='bbox 1776 2820 1811 2954; x_wconf 91' lang='lat' dir='ltr'>com-</span> 
     </span>
     <span class='ocr_line' id='line_1_33' title="bbox 1696 1273 1778 2953; textangle 270"><span class='ocrx_word' id='word_1_211' title='bbox 1732 1273 1769 1470; x_wconf 89' lang='lat' dir='ltr'>morans</span> <span class='ocrx_word' id='word_1_212' title='bbox 1716 1504 1778 1611; x_wconf 83' lang='lat' dir='ltr'>ipse</span> <span class='ocrx_word' id='word_1_213' title='bbox 1723 1637 1774 1894; x_wconf 88' lang='lat' dir='ltr'>etiamtum</span> <span class='ocrx_word' id='word_1_214' title='bbox 1721 1922 1769 1971; x_wconf 91' lang='lat' dir='ltr'>in</span> <span class='ocrx_word' id='word_1_215' title='bbox 1700 2010 1767 2341; x_wconf 84' lang='lat' dir='ltr'>hyposcenio,</span> <span class='ocrx_word' id='word_1_216' title='bbox 1696 2377 1757 2654; x_wconf 78' lang='lat' dir='ltr'>„Quidnam</span> <span class='ocrx_word' id='word_1_217' title='bbox 1702 2680 1751 2776; x_wconf 88' lang='lat' dir='ltr'>hoc</span> <span class='ocrx_word' id='word_1_218' title='bbox 1699 2811 1741 2885; x_wconf 88' lang='lat' dir='ltr'>est</span> <span class='ocrx_word' id='word_1_219' title='bbox 1697 2899 1747 2953; x_wconf 70' lang='lat'>‘3³&#39;</span> 
     </span>
     <span class='ocr_line' id='line_1_34' title="bbox 1604 1272 1705 2951; textangle 270"><span class='ocrx_word' id='word_1_220' title='bbox 1640 1272 1705 1460; x_wconf 88' lang='lat' dir='ltr'>inquit:</span> <span class='ocrx_word' id='word_1_221' title='bbox 1640 1502 1696 1802; x_wconf 87' lang='lat' dir='ltr'>„manifesto</span> <span class='ocrx_word' id='word_1_222' title='bbox 1628 1836 1674 2063; x_wconf 82' lang='lat' dir='ltr'>magnum</span> <span class='ocrx_word' id='word_1_223' title='bbox 1635 2100 1683 2283; x_wconf 88' lang='lat' dir='ltr'>malum</span> <span class='ocrx_word' id='word_1_224' title='bbox 1617 2332 1678 2535; x_wconf 77' lang='lat' dir='ltr'>accidit3</span> <span class='ocrx_word' id='word_1_225' title='bbox 1625 2580 1658 2691; x_wconf 92' lang='lat' dir='ltr'>nam</span> <span class='ocrx_word' id='word_1_226' title='bbox 1604 2737 1668 2951; x_wconf 87' lang='lat' dir='ltr'>alioquin</span> 
     </span>
     <span class='ocr_line' id='line_1_35' title="bbox 1529 1268 1621 2948; textangle 270"><span class='ocrx_word' id='word_1_227' title='bbox 1576 1268 1609 1365; x_wconf 90' lang='lat' dir='ltr'>non</span> <span class='ocrx_word' id='word_1_228' title='bbox 1559 1400 1621 1694; x_wconf 90' lang='lat' dir='ltr'>probaretur</span> <span class='ocrx_word' id='word_1_229' title='bbox 1558 1726 1613 2082; x_wconf 80' lang='lat' dir='ltr'>multitudini.”</span> <span class='ocrx_word' id='word_1_230' title='bbox 1556 2148 1604 2246; x_wconf 88' lang='lat' dir='ltr'>Alii</span> <span class='ocrx_word' id='word_1_231' title='bbox 1553 2291 1601 2386; x_wconf 88' lang='lat' dir='ltr'>hoc</span> <span class='ocrx_word' id='word_1_232' title='bbox 1551 2429 1597 2488; x_wconf 90' lang='lat' dir='ltr'>ab</span> <span class='ocrx_word' id='word_1_233' title='bbox 1529 2524 1595 2822; x_wconf 79' lang='lat' dir='ltr'>Antigenide</span> <span class='ocrx_word' id='word_1_234' title='bbox 1540 2869 1587 2948; x_wconf 88' lang='lat' dir='ltr'>di-</span> 
     </span>
     <span class='ocr_line' id='line_1_36' title="bbox 1456 1270 1542 2944; textangle 270"><span class='ocrx_word' id='word_1_235' title='bbox 1496 1270 1542 1403; x_wconf 89' lang='lat' dir='ltr'>ctum</span> <span class='ocrx_word' id='word_1_236' title='bbox 1491 1440 1526 1551; x_wconf 88' lang='lat' dir='ltr'>esse</span> <span class='ocrx_word' id='word_1_237' title='bbox 1485 1586 1537 1799; x_wconf 87' lang='lat' dir='ltr'>tradunt.</span> <span class='ocrx_word' id='word_1_238' title='bbox 1480 1872 1531 2051; x_wconf 88' lang='lat' dir='ltr'>Contra</span> <span class='ocrx_word' id='word_1_239' title='bbox 1475 2080 1522 2262; x_wconf 86' lang='lat' dir='ltr'>nostris</span> <span class='ocrx_word' id='word_1_240' title='bbox 1456 2298 1517 2605; x_wconf 87' lang='lat' dir='ltr'>temporibus</span> <span class='ocrx_word' id='word_1_241' title='bbox 1458 2641 1514 2944; x_wconf 87' lang='lat' dir='ltr'>theatrorum</span> 
     </span>
     <span class='ocr_line' id='line_1_37' title="bbox 1368 1267 1467 2943; textangle 270"><span class='ocrx_word' id='word_1_242' title='bbox 1415 1267 1467 1486; x_wconf 82' lang='lat' dir='ltr'>favorem</span> <span class='ocrx_word' id='word_1_243' title='bbox 1392 1522 1459 1821; x_wconf 88' lang='lat' dir='ltr'>plaususque</span> <span class='ocrx_word' id='word_1_244' title='bbox 1390 1857 1452 2047; x_wconf 82' lang='lat' dir='ltr'>signum</span> <span class='ocrx_word' id='word_1_245' title='bbox 1397 2084 1430 2196; x_wconf 88' lang='lat' dir='ltr'>esse</span> <span class='ocrx_word' id='word_1_246' title='bbox 1381 2229 1436 2403; x_wconf 88' lang='lat' dir='ltr'>putant</span> <span class='ocrx_word' id='word_1_247' title='bbox 1387 2432 1424 2652; x_wconf 89' lang='lat' dir='ltr'>summae</span> <span class='ocrx_word' id='word_1_248' title='bbox 1384 2674 1431 2791; x_wconf 85' lang='lat' dir='ltr'>artis</span> <span class='ocrx_word' id='word_1_249' title='bbox 1368 2827 1414 2943; x_wconf 89' lang='lat' dir='ltr'>per-</span> 
     </span>
     <span class='ocr_line' id='line_1_38' title="bbox 1289 1265 1387 2942; textangle 270"><span class='ocrx_word' id='word_1_250' title='bbox 1335 1265 1387 1545; x_wconf 84' lang='lat' dir='ltr'>fectionis.&#39;&#39;</span> <span class='ocrx_word' id='word_1_251' title='bbox 1327 1615 1379 1807; x_wconf 89' lang='lat' dir='ltr'>Rursus</span> <span class='ocrx_word' id='word_1_252' title='bbox 1319 1836 1374 2129; x_wconf 85' lang='lat' dir='ltr'>Plutarchus</span> <span class='ocrx_word' id='word_1_253' title='bbox 1317 2159 1349 2200; x_wconf 90' lang='lat' dir='ltr'>c.</span> <span class='ocrx_word' id='word_1_254' title='bbox 1315 2229 1362 2319; x_wconf 87' lang='lat'>15:</span> <span class='ocrx_word' id='word_1_255' title='bbox 1294 2363 1362 2736; x_wconf 87' lang='lat' dir='ltr'>„Veneranda,&#39;’</span> <span class='ocrx_word' id='word_1_256' title='bbox 1289 2770 1353 2942; x_wconf 88' lang='lat' dir='ltr'>inquit,</span> 
     </span>
     <span class='ocr_line' id='line_1_39' title="bbox 1222 1262 1301 2940; textangle 270"><span class='ocrx_word' id='word_1_257' title='bbox 1247 1262 1300 1379; x_wconf 87' lang='lat' dir='ltr'>„est</span> <span class='ocrx_word' id='word_1_258' title='bbox 1241 1411 1301 1613; x_wconf 88' lang='lat' dir='ltr'>musica,</span> <span class='ocrx_word' id='word_1_259' title='bbox 1234 1652 1280 1798; x_wconf 93' lang='lat' dir='ltr'>quum</span> <span class='ocrx_word' id='word_1_260' title='bbox 1246 1836 1293 1900; x_wconf 90' lang='lat' dir='ltr'>sit</span> <span class='ocrx_word' id='word_1_261' title='bbox 1240 1934 1290 2139; x_wconf 89' lang='lat' dir='ltr'>deorum</span> <span class='ocrx_word' id='word_1_262' title='bbox 1223 2168 1285 2432; x_wconf 81' lang='lat' dir='ltr'>inventum,</span> <span class='ocrx_word' id='word_1_263' title='bbox 1232 2470 1273 2519; x_wconf 90' lang='lat' dir='ltr'>et</span> <span class='ocrx_word' id='word_1_264' title='bbox 1226 2552 1270 2834; x_wconf 81' lang='lat' dir='ltr'>reverenter</span> <span class='ocrx_word' id='word_1_265' title='bbox 1222 2865 1269 2940; x_wconf 90' lang='lat' dir='ltr'>usi</span> 
     </span>
     <span class='ocr_line' id='line_1_40' title="bbox 1140 1261 1222 2936; textangle 270"><span class='ocrx_word' id='word_1_266' title='bbox 1178 1261 1221 1376; x_wconf 89' lang='lat' dir='ltr'>sunt</span> <span class='ocrx_word' id='word_1_267' title='bbox 1164 1411 1209 1484; x_wconf 86' lang='lat' dir='ltr'>ea,</span> <span class='ocrx_word' id='word_1_268' title='bbox 1171 1522 1222 1651; x_wconf 89' lang='lat' dir='ltr'>sicut</span> <span class='ocrx_word' id='word_1_269' title='bbox 1168 1674 1216 1820; x_wconf 89' lang='lat' dir='ltr'>etiam</span> <span class='ocrx_word' id='word_1_270' title='bbox 1149 1846 1213 2047; x_wconf 88' lang='lat' dir='ltr'>reliquis</span> <span class='ocrx_word' id='word_1_271' title='bbox 1146 2076 1206 2269; x_wconf 89' lang='lat' dir='ltr'>studiis,</span> <span class='ocrx_word' id='word_1_272' title='bbox 1140 2305 1202 2507; x_wconf 88' lang='lat' dir='ltr'>antiqui.</span> <span class='ocrx_word' id='word_1_273' title='bbox 1149 2575 1199 2744; x_wconf 89' lang='lat' dir='ltr'>Nostri</span> <span class='ocrx_word' id='word_1_274' title='bbox 1143 2771 1189 2936; x_wconf 89' lang='lat' dir='ltr'>autem</span> 
     </span>
     <span class='ocr_line' id='line_1_41' title="bbox 1056 1258 1144 2934; textangle 270"><span class='ocrx_word' id='word_1_275' title='bbox 1084 1258 1144 1499; x_wconf 89' lang='lat' dir='ltr'>temporis</span> <span class='ocrx_word' id='word_1_276' title='bbox 1078 1534 1142 1786; x_wconf 89' lang='lat' dir='ltr'>homines,</span> <span class='ocrx_word' id='word_1_277' title='bbox 1069 1834 1131 2092; x_wconf 88' lang='lat' dir='ltr'>repudiata</span> <span class='ocrx_word' id='word_1_278' title='bbox 1078 2129 1126 2233; x_wconf 89' lang='lat' dir='ltr'>eius</span> <span class='ocrx_word' id='word_1_279' title='bbox 1060 2268 1123 2533; x_wconf 80' lang='lat' dir='ltr'>gravitate,</span> <span class='ocrx_word' id='word_1_280' title='bbox 1056 2568 1103 2660; x_wconf 89' lang='lat' dir='ltr'>pro</span> <span class='ocrx_word' id='word_1_281' title='bbox 1069 2695 1117 2820; x_wconf 81' lang='lat' dir='ltr'>virili</span> <span class='ocrx_word' id='word_1_282' title='bbox 1064 2852 1113 2934; x_wconf 83' lang='lat' dir='ltr'>illa</span> 
     </span>
     <span class='ocr_line' id='line_1_42' title="bbox 982 1257 1066 2932; textangle 270"><span class='ocrx_word' id='word_1_283' title='bbox 1021 1257 1063 1309; x_wconf 86' lang='lat' dir='ltr'>et</span> <span class='ocrx_word' id='word_1_284' title='bbox 1013 1342 1066 1622; x_wconf 89' lang='lat' dir='ltr'>admiranda</span> <span class='ocrx_word' id='word_1_285' title='bbox 1012 1642 1054 1690; x_wconf 89' lang='lat' dir='ltr'>et</span> <span class='ocrx_word' id='word_1_286' title='bbox 1009 1713 1057 1805; x_wconf 92' lang='lat' dir='ltr'>diis</span> <span class='ocrx_word' id='word_1_287' title='bbox 993 1826 1047 1962; x_wconf 81' lang='lat' dir='ltr'>grata</span> <span class='ocrx_word' id='word_1_288' title='bbox 1000 1984 1034 2211; x_wconf 66' lang='lat' dir='ltr'>enervem</span> <span class='ocrx_word' id='word_1_289' title='bbox 998 2232 1041 2282; x_wconf 89' lang='lat' dir='ltr'>et</span> <span class='ocrx_word' id='word_1_290' title='bbox 982 2301 1043 2540; x_wconf 81' lang='lat' dir='ltr'>garrulam</span> <span class='ocrx_word' id='word_1_291' title='bbox 992 2576 1039 2633; x_wconf 91' lang='lat' dir='ltr'>in</span> <span class='ocrx_word' id='word_1_292' title='bbox 992 2669 1039 2731; x_wconf 92' lang='lat' dir='ltr'>th</span> <span class='ocrx_word' id='word_1_293' title='bbox 990 2746 1021 2773; x_wconf 88' lang='lat' dir='ltr'>e</span> <span class='ocrx_word' id='word_1_294' title='bbox 987 2788 1030 2889; x_wconf 90' lang='lat' dir='ltr'>atr</span> <span class='ocrx_word' id='word_1_295' title='bbox 984 2904 1015 2932; x_wconf 88' lang='lat' dir='ltr'>a</span> 
     </span>
     <span class='ocr_line' id='line_1_43' title="bbox 906 1254 989 2928; textangle 270"><span class='ocrx_word' id='word_1_296' title='bbox 936 1254 989 1522; x_wconf 86' lang='lat' dir='ltr'>inducunt:</span> <span class='ocrx_word' id='word_1_297' title='bbox 932 1581 979 1710; x_wconf 87' lang='lat' dir='ltr'>uude</span> <span class='ocrx_word' id='word_1_298' title='bbox 927 1759 977 1897; x_wconf 88' lang='lat' dir='ltr'>Plato</span> <span class='ocrx_word' id='word_1_299' title='bbox 924 1948 971 1994; x_wconf 89' lang='lat' dir='ltr'>iu</span> <span class='ocrx_word' id='word_1_300' title='bbox 918 2042 970 2321; x_wconf 87' lang='lat' dir='ltr'>huiusmodi</span> <span class='ocrx_word' id='word_1_301' title='bbox 915 2367 963 2602; x_wconf 86' lang='lat' dir='ltr'>musicam</span> <span class='ocrx_word' id='word_1_302' title='bbox 906 2649 957 2928; x_wconf 80' lang='lat' dir='ltr'>stomacha-</span> 
     </span>
     <span class='ocr_line' id='line_1_44' title="bbox 820 1253 908 2925; textangle 270"><span class='ocrx_word' id='word_1_303' title='bbox 861 1253 905 1332; x_wconf 92' lang='lat' dir='ltr'>tur</span> <span class='ocrx_word' id='word_1_304' title='bbox 856 1367 908 1495; x_wconf 85' lang='lat' dir='ltr'>etc.⁷’</span> <span class='ocrx_word' id='word_1_305' title='bbox 856 1533 888 1573; x_wconf 88' lang='lat' dir='ltr'>c.</span> <span class='ocrx_word' id='word_1_306' title='bbox 851 1601 899 1679; x_wconf 77' lang='lat'>30.</span> <span class='ocrx_word' id='word_1_307' title='bbox 839 1730 898 2054; x_wconf 85' lang='lat' dir='ltr'>„Timotheus</span> <span class='ocrx_word' id='word_1_308' title='bbox 827 2090 890 2265; x_wconf 82' lang='lat' dir='ltr'>lyram,</span> <span class='ocrx_word' id='word_1_309' title='bbox 824 2301 869 2426; x_wconf 86' lang='lat' dir='ltr'>quae</span> <span class='ocrx_word' id='word_1_310' title='bbox 820 2461 877 2653; x_wconf 81' lang='lat' dir='ltr'>septem</span> <span class='ocrx_word' id='word_1_311' title='bbox 831 2683 879 2807; x_wconf 85' lang='lat' dir='ltr'>fides</span> <span class='ocrx_word' id='word_1_312' title='bbox 829 2837 875 2925; x_wconf 90' lang='lat' dir='ltr'>ha-</span> 
     </span>
     <span class='ocr_line' id='line_1_45' title="bbox 737 1252 830 2922; textangle 270"><span class='ocrx_word' id='word_1_313' title='bbox 765 1252 830 1451; x_wconf 89' lang='lat' dir='ltr'>buerat,</span> <span class='ocrx_word' id='word_1_314' title='bbox 776 1499 823 1546; x_wconf 90' lang='lat' dir='ltr'>in</span> <span class='ocrx_word' id='word_1_315' title='bbox 759 1601 821 1767; x_wconf 83' lang='lat' dir='ltr'>plures</span> <span class='ocrx_word' id='word_1_316' title='bbox 765 1815 815 2021; x_wconf 82' lang='lat' dir='ltr'>chordas</span> <span class='ocrx_word' id='word_1_317' title='bbox 760 2057 810 2264; x_wconf 85' lang='lat' dir='ltr'>disiecit.</span> <span class='ocrx_word' id='word_1_318' title='bbox 758 2337 806 2435; x_wconf 86' lang='lat' dir='ltr'>Sed</span> <span class='ocrx_word' id='word_1_319' title='bbox 757 2470 799 2520; x_wconf 84' lang='lat' dir='ltr'>ct</span> <span class='ocrx_word' id='word_1_320' title='bbox 753 2554 802 2702; x_wconf 86' lang='lat' dir='ltr'>tibiae</span> <span class='ocrx_word' id='word_1_321' title='bbox 737 2738 792 2922; x_wconf 69' lang='lat' dir='ltr'>cautus,</span> 
     </span>
     <span class='ocr_line' id='line_1_46' title="bbox 669 1250 749 2921; textangle 270"><span class='ocrx_word' id='word_1_322' title='bbox 690 1250 749 1332; x_wconf 89' lang='lat' dir='ltr'>qui</span> <span class='ocrx_word' id='word_1_323' title='bbox 683 1369 746 1635; x_wconf 83' lang='lat' dir='ltr'>simplicior</span> <span class='ocrx_word' id='word_1_324' title='bbox 687 1675 734 1814; x_wconf 83' lang='lat' dir='ltr'>antea</span> <span class='ocrx_word' id='word_1_325' title='bbox 670 1851 736 2039; x_wconf 70' lang='lat' dir='ltr'>fuerat,</span> <span class='ocrx_word' id='word_1_326' title='bbox 682 2077 729 2123; x_wconf 87' lang='lat' dir='ltr'>in</span> <span class='ocrx_word' id='word_1_327' title='bbox 679 2157 728 2390; x_wconf 86' lang='lat' dir='ltr'>maiorem</span> <span class='ocrx_word' id='word_1_328' title='bbox 673 2426 723 2679; x_wconf 87' lang='lat' dir='ltr'>modorum</span> <span class='ocrx_word' id='word_1_329' title='bbox 669 2716 719 2921; x_wconf 81' lang='lat' dir='ltr'>varieta-</span> 
     </span>
    </p>
   </div>
   <div class='ocr_carea' id='block_1_6' title="bbox 0 0 0 2707">
    <p class='ocr_par' dir='ltr' id='par_1_6' title="bbox 0 0 0 2707">
     <span class='ocr_line' id='line_1_47' title="bbox 0 0 0 2707; textangle 270"><span class='ocrx_word' id='word_1_330' title='bbox 0 0 0 2707; x_wconf 95' lang='lat' dir='ltr'>                                            </span> 
     </span>
    </p>
   </div>
   <div class='ocr_carea' id='block_1_7' title="bbox 2734 3333 3753 3336">
    <p class='ocr_par' dir='ltr' id='par_1_7' title="bbox 2734 3333 3753 3336">
     <span class='ocr_line' id='line_1_48' title="bbox 2734 3333 3753 3336; textangle 270"><span class='ocrx_word' id='word_1_331' title='bbox 2734 3333 3753 3336; x_wconf 95' lang='lat' dir='ltr'> </span> 
     </span>
    </p>
   </div>
   <div class='ocr_carea' id='block_1_8' title="bbox 1756 3334 2595 3336">
    <p class='ocr_par' dir='ltr' id='par_1_8' title="bbox 1756 3334 2595 3336">
     <span class='ocr_line' id='line_1_49' title="bbox 1756 3334 2595 3336; textangle 270"><span class='ocrx_word' id='word_1_332' title='bbox 1756 3334 2595 3336; x_wconf 95' lang='lat' dir='ltr'> </span> 
     </span>
    </p>
   </div>
   <div class='ocr_carea' id='block_1_9' title="bbox 1182 3333 2595 3336">
    <p class='ocr_par' dir='ltr' id='par_1_9' title="bbox 1182 3333 2595 3336">
     <span class='ocr_line' id='line_1_50' title="bbox 1182 3333 2595 3336; textangle 270"><span class='ocrx_word' id='word_1_333' title='bbox 1182 3333 2595 3336; x_wconf 95' lang='lat' dir='ltr'> </span> 
     </span>
    </p>
   </div>
   <div class='ocr_carea' id='block_1_10' title="bbox 0 2633 0 3336">
    <p class='ocr_par' dir='ltr' id='par_1_10' title="bbox 0 2633 0 3336">
     <span class='ocr_line' id='line_1_51' title="bbox 0 2633 0 3336; textangle 270"><span class='ocrx_word' id='word_1_334' title='bbox 0 2633 0 3336; x_wconf 95' lang='lat' dir='ltr'>  </span> 
     </span>
    </p>
   </div>
  </div>
 </body>
</html>
