5010 3336
3791 2064 3848 2186 304

3639 1414 3704 1553 μηδ’,
3654 1589 3704 1657 ἄν
3654 1691 3689 1740 τι
3637 1775 3703 1955 συμβῇ
3636 1992 3704 2247 δυςχερές,
3651 2284 3704 2486 δουλοῦ
3636 2525 3703 2700 πάλιν,

3573 1414 3623 1525 ἀλλ’
3563 1562 3624 1721 αὐτὸς
3572 1757 3624 1856 αἰεὶ
3557 1891 3623 2061 μίμνε,
3555 2096 3623 2192 τὴν
3570 2228 3616 2431 σαυτοῦ
3556 2467 3621 2633 φύσιν

3481 1413 3543 1595 σώζων
3476 1630 3542 1872 βεβαίως,
3481 1910 3544 2033 ὥςτε
3474 2066 3541 2260 χρυσὸς
3489 2295 3541 2351 ἐν
3474 2387 3540 2532 πυρί.

3412 1415 3462 1529 Fuit
3412 1562 3459 1658 hoc
3411 1695 3458 1862 drama
3410 1898 3441 1956 ex
3396 1990 3441 2169 genere
3398 2194 3441 2381 eorum,
3394 2417 3440 2543 quae
3394 2569 3458 2821 implicata
3408 2843 3457 2956 κατ’

3317 1279 3386 1462 ἐξοχὴν
3315 1497 3379 1756 appellavit
3317 1791 3378 2111 Aristoteles„
3314 2147 3360 2351 quorum
3328 2391 3371 2687 structuram
3313 2725 3378 2956 deperdi-

3252 1278 3295 1441 torum
3252 1492 3283 1553 ex
3234 1603 3299 1887 fragmentis
3234 1937 3298 2227 indiciisque
3249 2276 3295 2555 coniectura
3234 2591 3296 2786 assequi
3250 2823 3296 2956 disfi-

3172 1279 3220 1507 cillimum
3171 1546 3214 1633 est.
3171 1720 3219 1948 Ceterum
3154 1998 3217 2243 Euripidis
3153 2281 3215 2524 ingenium
3170 2561 3216 2608 in
3170 2644 3216 2739 hoc
3155 2775 3202 2957 genere

3093 1277 3139 1489 maxime
3077 1536 3138 1749 viguisse
3092 1799 3122 1858 ex
3091 1907 3138 2035 Ionis
3089 2086 3137 2251 fabula
3075 2296 3136 2601 intelligitur.
3089 2690 3137 2956 Praeterea

3012 1276 3060 1424 etiam
3012 1461 3051 1645 morata
2996 1684 3058 1881 egregie
3011 1935 3059 2029 suit
3009 2076 3056 2199 haec
3009 2245 3057 2412 sabula
3008 2460 3040 2625 senem
3009 2677 3058 2955 exhibendo

2924 1276 2973 1488 cautum,
2932 1523 2979 1899 formidolosum
2915 1938 2972 2086 atque
2928 2122 2975 2266 etiam
2917 2301 2975 2540 uxorium,
2929 2576 2976 2835 mulierem
2930 2860 2977 2954 im-

2835 1273 2895 1527 potentem
2853 1565 2893 1615 et
2853 1648 2899 1708 ad
2836 1746 2898 1932 quidvis
2849 1968 2897 2243 audendum
2833 2293 2879 2525 pronam,
2848 2574 2895 2799 iuvenem
2832 2848 2897 2955 glo-

2773 1272 2820 1377 riae
2758 1413 2820 1659 cupidum,
2772 1698 2818 1758 ad
2755 1795 2818 1977 optima
2754 2014 2817 2237 exempla
2768 2271 2815 2416 vitam
2754 2453 2801 2714 moresque
2754 2750 2801 2953 compo-

2684 1272 2735 1489 nentem,
2677 1527 2724 1685 neque
2691 1721 2739 1880 minus
2690 1918 2736 2121 consilio
2673 2158 2736 2450 prudentem
2673 2490 2719 2631 qnam
2690 2669 2721 2812 manu
2690 2847 2738 2951 for-

2614 1272 2656 1371 tem
2613 1401 2655 1450 et
2613 1472 2660 1531 ad
2597 1564 2659 1787 pericula
2609 1824 2656 2076 subeunda
2592 2113 2649 2377 promtum.
2608 2448 2656 2594 Unde
2608 2628 2641 2723 non
2610 2759 2658 2952 vilissi-

2531 1270 2565 1460 marum
2530 1496 2580 1769 fabularum
2528 1807 2561 2013 numero
2514 2048 2575 2270 Aegeum
2528 2307 2576 2465 fuisse
2512 2500 2577 2740 suspicari
2529 2774 2577 2906 licet.

2142 1671 2197 1734 C.
2139 1814 2194 2540 Heraclidae.

2004 1402 2055 1697 Marathone
2003 1743 2051 1792 in
1986 1839 2052 2160 Tetrapolide
1986 2186 2050 2235 *)
2001 2285 2032 2431 scena
2002 2482 2052 2716 dramatis
2005 2764 2054 2947 consti-

1915 1267 1975 1447 tuitnr3
1910 1482 1965 1881 repraesentatur
1906 1917 1967 2153 templum
1920 2187 1967 2306 lovis
1921 2331 1969 2563 Forensis
1907 2597 1974 2947 (Ἀγοραίου);

1831 1265 1893 1630 conspiciuntur
1845 1666 1892 1754 filii
1842 1793 1891 2020 Herculis
1840 2058 1880 2221 aetate
1841 2256 1887 2468 minores
1843 2505 1888 2553 in
1843 2578 1874 2659 ara
1843 2681 1883 2794 ante
1844 2820 1887 2948 tem-

1751 1264 1813 1399 plum
1752 1437 1813 1691 collocati,
1763 1727 1809 1876 ramis
1751 1914 1808 2087 olivae,
1745 2128 1791 2249 quos
1761 2289 1792 2457 secum
1751 2495 1809 2743 tulerunt,
1763 2780 1810 2827 in
1763 2863 1796 2947 ara

1670 1264 1734 1517 depositis,
1669 1553 1733 1780 interque
1684 1816 1715 1899 eos
1670 1936 1729 2113 Iolaus¹
1681 2152 1728 2385 Herculis
1666 2423 1729 2665 quondam
1683 2703 1715 2867 comes
1683 2898 1726 2948 et

1606 1261 1654 1481 laborum
1592 1519 1651 1713 socius,
1604 1766 1635 1893 nnnc
1602 1927 1649 2193 liberorum
1602 2232 1647 2451 eiusdem
1601 2490 1642 2635 tutor.
1602 2703 1650 2756 In
1586 2792 1635 2945 pene-

1525 1262 1573 1468 tralibus
1507 1506 1570 1679 templi
1522 1713 1570 1885 eadem
1521 1922 1569 2111 ratione
1521 2148 1567 2277 filiae
1520 2312 1568 2545 Herculis
1521 2584 1552 2693 cum
1523 2731 1568 2831 avia
1523 2860 1570 2944 Al-

1446 1262 1477 1434 cmena
1428 1481 1490 1726 supplices
1443 1774 1488 1831 ad
1442 1872 1473 2004 aram
1440 2043 1487 2328 consedisse
1424 2363 1487 2628 finguntur.
1427 2699 1490 2944 Exagitati

1366 1260 1397 1286 a
1365 1323 1407 1496 cuncta
1362 1534 1412 1746 Graecia
1348 1781 1408 2093 Heraclidae,
1345 2132 1391 2278 quum
1343 2315 1399 2522 propter
1346 2547 1409 2815 Eurysthei
1347 2853 1393 2943 po-

1285 1259 1331 1459 tentiam
1268 1496 1331 1750 minasque
1282 1785 1329 1916 nulla
1280 1953 1326 2120 civitas
1279 2159 1311 2243 eos
1265 2279 1326 2505 recipere
1270 2537 1328 2758 auderet,
1267 2795 1313 2943 repu-

1206 1257 1253 1379 diati
1189 1418 1236 1573 nuper
1204 1609 1233 1635 a
1189 1672 1251 1979 Trachiniis,
1199 2028 1246 2075 in
1199 2127 1246 2221 hoc
1200 2258 1247 2487 Herculis
1188 2522 1254 2736 τέμενος
1202 2771 1250 2942 confu-

1110 1256 1166 1433 gerunt
1111 1454 1174 1562 **),
1123 1613 1170 1730 freti
1122 1779 1164 1830 et
1105 1879 1167 2168 cognatione
1119 2212 1161 2261 et
1110 2296 1166 2529 amicitia,
1105 2583 1152 2677 qua
1121 2713 1169 2942 Theseus

1030 1256 1095 1602 Herculesque
1040 1648 1088 1892 coniuncti
1038 1946 1088 2162 suerunt.
1037 2245 1086 2437 Abesse
1022 2496 1087 2698 fingitur
1026 2762 1090 2941 Hyllus

872 1328 925 1372 *)
883 1404 924 1567 Strabo
882 1599 922 1712 VIII.
868 1746 906 1788 p.
879 1820 922 1918 383.
878 1952 920 2080 docet
867 2120 922 2380 Tetrapolin
867 2411 917 2586 partem
879 2635 922 2805 Atticae
881 2851 919 2942 ter-

813 1396 841 1474 rae
812 1506 853 1669 dictam
810 1700 851 1839 fuisse
796 1872 836 1997 eam,
796 2045 835 2157 quae
808 2189 849 2368 Oenoen
797 2388 817 2398 ‚
801 2440 849 2737 Marathona,
811 2768 852 2940 Proba-

741 1397 784 1588 linthum
741 1619 777 1661 et
726 1689 780 1988 Tricorython
737 2020 778 2274 contineret.

658 1299 712 1364 **)
657 1394 711 1543 Eurip.
670 1577 710 1711 Herc.
670 1745 711 1830 fur.
668 1859 709 1980 1329.
666 2014 708 2194 Diodor.
667 2227 709 2316 Sic.
661 2347 710 2418 IV,
669 2445 711 2515 57.
666 2538 710 2691 Schol.
667 2716 711 2825 Oed.
669 2842 711 2937 Col.

595 1393 642 1490 701.
584 1522 641 1712 Longin.
583 1744 640 1913 fragm.
596 1944 637 2053 vlu.
583 2085 622 2128 p.
595 2163 641 2232 85.
597 2262 640 2331 ed.
583 2362 639 2535 Egger.
