5010 3336
1131 2059 1185 2174 341

1280 2821 1342 2934 plex
1279 2725 1325 2786 sit
1292 2547 1335 2691 usus,
1276 2382 1323 2510 nulla
1274 2084 1327 2346 serviente,
1273 1906 1320 2034 nulla
1274 1580 1335 1872 imperante,
1270 1295 1318 1528 universis

1364 2775 1404 2933 autem
1355 2472 1402 2738 admirabili
1355 2219 1416 2419 quadam
1353 2141 1397 2183 vi
1352 1979 1398 2106 inter
1367 1889 1398 1942 se
1351 1461 1413 1854 conspirantibus.
1350 1294 1396 1391 lta-

1452 2839 1498 2932 que
1435 2545 1483 2803 blanditiae
1434 2366 1495 2498 ipsae
1431 2122 1477 2332 Medeae
1430 1794 1476 2087 iracundiam
1430 1652 1475 1755 eius
1429 1294 1487 1615 manifestant,

1530 2824 1560 2931 cum
1513 2741 1560 2788 in
1513 2509 1559 2707 ironiam
1513 2313 1558 2473 abiens
1509 1951 1570 2278 impudentem
1508 1736 1553 1913 Iasonis
1509 1384 1569 1701 arrogantiam
1509 1292 1553 1357 ir-

1592 2751 1649 2934 rideat3
1597 2569 1647 2699 tum,
1590 2390 1652 2523 quasi
1589 2298 1634 2344 in
1602 2026 1650 2261 praeceps
1587 1782 1632 1989 adducta
1586 1413 1633 1746 dissimulandi
1602 1293 1632 1377 au-

1672 2782 1727 2933 dacia,
1675 2546 1733 2747 repente
1671 2317 1729 2514 abrepta
1665 2101 1713 2281 doloris
1665 2018 1711 2063 vi
1666 1924 1711 1983 ad
1664 1626 1725 1899 prodendos
1680 1456 1711 1595 veros
1665 1291 1710 1435 animi

1765 2762 1796 2932 sensus
1749 2462 1803 2725 delabitur,
1746 2299 1792 2425 uude
1760 2079 1802 2264 rursus,
1744 1909 1807 2043 quasi
1758 1828 1789 1886 ex
1743 1621 1789 1792 mentis
1744 1294 1800 1595 alienatione,

1828 2711 1885 2934 rediens,
1826 2565 1872 2676 dum
1825 2393 1871 2530 fictas
1839 2162 1871 2357 caussas
1824 2001 1871 2127 veris
1823 1706 1870 1964 affectibus
1822 1399 1885 1658 praetexit,
1838 1290 1868 1351 ex

1907 2829 1968 2935 ipsa
1907 2642 1963 2796 ruina,
1908 2384 1965 2607 tanquam
1918 2285 1950 2346 ex
1903 2054 1960 2252 insidiis,
1903 1972 1949 2018 in
1917 1740 1948 1936 caecum
1901 1512 1947 1705 hostem
1900 1290 1961 1473 impetu

1983 2788 2042 2933 facto,
1984 2612 2030 2754 citius
1999 2476 2029 2583 eum
1982 2128 2044 2449 miseriusque
1981 1818 2043 2108 prosternit3
1979 1560 2039 1783 denique,
1979 1421 2025 1533 dum
1995 1290 2024 1392 ma-

2078 2846 2110 2935 nus
2077 2758 2108 2809 se
2062 2608 2108 2723 dare
2062 2428 2107 2574 victas
2060 2184 2118 2391 simulat,
2061 1900 2107 2149 victoriam
2060 1774 2106 1864 sibi
2058 1473 2121 1738 gratulatur
2061 1292 2118 1439 atque

2141 2654 2203 2935 triumphat.
2140 2447 2187 2610 Liberi
2139 2209 2186 2418 Medeae
2140 2088 2185 2181 hoc
2140 1956 2201 2061 ipso
2142 1683 2200 1919 tempore,
2152 1554 2198 1646 quo
2140 1292 2182 1514 ornatum

2220 2877 2267 2936 ad
2219 2635 2267 2852 Glaucen
2218 2277 2279 2609 deferunt,·ad
2224 2045 2266 2253 mortem
2218 1774 2281 2017 proficisci
2218 1517 2274 1754 videntur,
2230 1292 2275 1499 quorum

2303 2753 2347 2936 sortem
2299 2478 2362 2733 deplorans
2299 2283 2346 2459 chorus
2299 2125 2345 2267 simul
2303 2052 2345 2099 et
2314 1778 2359 2024 sponsam,
2297 1496 2344 1749 funeream
2299 1292 2340 1476 vestem

2394 2846 2442 2937 pro
2378 2611 2440 2811 nuptiali
2379 2283 2436 2574 induturam,
2383 2196 2424 2246 et
2378 1942 2424 2161 Iasonem
2382 1858 2423 1906 et
2376 1596 2422 1823 Medeam
2374 1292 2419 1561 miseratur.

2456 2578 2503 2804 Reversis
2457 2366 2503 2532 liberis
2457 2136 2502 2315 certior
2456 1964 2502 2091 facta
2455 1738 2501 1914 Medea
2459 1438 2513 1693 acceptum
2466 1289 2497 1401 esse

2535 2758 2582 2935 donum
2541 2671 2582 2721 et
2535 2478 2597 2639 sugam
2535 2336 2580 2430 illis
2536 2016 2592 2293 remissam,
2534 1870 2580 1964 iam
2532 1430 2579 1825 immanissimum
2530 1288 2575 1380 sibi

2614 2750 2661 2936 facinus
2613 2430 2676 2713 patrandum
2628 2284 2658 2392 esse
2613 2068 2669 2249 videns,
2613 1748 2675 2033 ingemiscit.
2609 1368 2658 1678 Adstantibus
2608 1291 2653 1349 fi-

2692 2858 2738 2937 liis
2694 2613 2739 2820 obscure
2692 2236 2753 2577 conqueritur,
2693 2058 2752 2184 quod
2692 1974 2736 2022 in
2696 1652 2752 1940 perpetuum
2690 1558 2734 1616 iis
2688 1290 2750 1522 privetur,

2771 2807 2834 2934 quod
2771 2592 2817 2772 frustra
2771 2281 2832 2557 pepererit,
2769 2051 2815 2231 frustra
2768 1754 2824 1998 educarit,
2768 1517 2814 1702 frustra
2765 1289 2812 1483 dolores

2850 2649 2909 2936 laboresque
2848 2324 2909 2613 susceperit,
2848 2157 2909 2286 quod
2848 1898 2893 2121 acerbam
2850 1564 2893 1863 transactura
2846 1467 2891 1529 sit
2844 1290 2890 1434 vitam

2929 2688 2991 2937 reliquam.
2926 2490 2973 2621 Inter
2928 2346 2973 2468 haec
2926 2156 2973 2323 liberis
2927 2083 2972 2125 ei
2926 1708 2983 2051 arridentibus,
2930 1573 2970 1674 tam·
2923 1289 2970 1549 vehemen-

3014 2862 3055 2937 ter
3008 2656 3053 2830 horum
3005 2359 3052 2621 securitate
3011 1967 3060 2324 commovetur,
3010 1867 3050 1918 ut
3020 1732 3051 1825 non
3004 1483 3049 1685 multum
3002 1288 3060 1431 absit,

3087 2826 3148 2936 quin
3085 2630 3131 2791 valere
3085 2397 3131 2594 consilia
3100 2276 3131 2361 sua
3084 2052 3131 2228 iubeat.
3084 1860 3130 1986 Hinc
3087 1563 3145 1817 postquam
3080 1288 3128 1513 recorda·

3166 2803 3212 2935 tione
3180 2701 3211 2755 se
3164 2494 3210 2655 irrisui
3163 2226 3209 2448 hostibus
3178 2069 3209 2178 esse
3178 1968 3208 2021 se
3178 1768 3209 1934 rursus
3161 1495 3223 1722 collegit,
3160 1287 3206 1447 denuo

3244 2741 3305 2935 pietatis
3257 2558 3288 2705 sensu
3242 2290 3300 2525 vincitur,
3240 2125 3287 2238 dum
3240 2030 3286 2077 in
3240 1788 3287 1982 domum
3240 1476 3287 1741 destinatos
3238 1287 3285 1427 caedi

3324 2759 3369 2935 intrare
3321 2577 3367 2725 iubet.
3321 2447 3366 2508 At
3322 2297 3366 2422 enim
3319 1867 3365 2259 committendum
3334 1739 3365 1831 non
3334 1593 3365 1703 esse
3323 1375 3375 1559 censet,
3321 1287 3363 1340 ut

3401 2724 3447 2935 hostium
3399 2519 3445 2689 ultioni
3399 2334 3445 2472 liberi
3404 1960 3461 2286 exponantur:
3412 1793 3460 1910 ergo
3413 1580 3443 1747 eorum
3396 1288 3442 1534 interitum

3494 2839 3527 2935 non
3494 2684 3525 2794 esse
3478 2378 3526 2640 vitandum.
3478 2066 3524 2301 Ultimum
3478 1873 3537 2021 igitur
3476 1537 3522 1815 dulcissima
3489 1287 3537 1492 corpora

3558 2688 3605 2935 osculatur
3563 2512 3619 2655 atque
3558 2146 3620 2479 amplectitur,
3555 1823 3603 2099 vehementi
3554 1593 3617 1786 quidem
3554 1390 3599 1557 dolore
3553 1288 3599 1358 vi-

3643 2822 3696 2933 cta,
3638 2682 3684 2769 sed
3637 2284 3683 2644 vehementiore
3636 1991 3683 2249 iracundia.
3634 1788 3681 1923 I-Iaec
3635 1646 3680 1751 sine
3634 1467 3680 1612 dubio
3648 1288 3694 1431 prae-

3717 2638 3764 2934 stantissima
3720 2526 3764 2602 est
3716 2254 3763 2479 dramatis
3731 2064 3777 2206 pars,
3720 1958 3761 2008 et
3713 1572 3774 1910 frequentibus
3712 1289 3758 1527 artificum

3796 2591 3843 2935 imitationibus
3796 2313 3842 2553 celebrata
3795 2173 3853 2279 fuit,
3810 2022 3856 2136 quas
3796 1817 3856 1987 postea
3792 1290 3839 1789 commemorabimus.

3876 2679 3922 2805 Dum
3875 2443 3933 2644 Medea,
3890 2136 3937 2389 quemnam
3875 1971 3920 2093 dona
3876 1699 3919 1923 eventum
3872 1435 3918 1663 habitura
3872 1290 3929 1401 sint,

3955 2794 4002 2934 anxie
3959 2482 4016 2759 exspectat,
3954 2242 4001 2436 interim
3954 2032 3999 2207 chorus
3952 1754 3999 1995 subtiliori
3952 1537 3998 1721 ratione
3951 1288 4014 1505 philoso-

4035 2781 4097 2936 phans
4035 2543 4096 2746 quaerit,
4038 2228 4097 2507 praestetne
4033 2007 4095 2194 prolem
4031 1775 4094 1973 gignere
4047 1687 4077 1745 an
4030 1493 4077 1659 liberis
4046 1289 4088 1470 carere,

4130 2877 4159 2933 ac
4114 2524 4161 2841 consideratis
4114 2214 4171 2489 laboribus,
4112 1916 4158 2157 aerumnis
4126 1826 4156 1881 ac
4110 1512 4167 1791 doloribus,
4109 1288 4169 1460 quibus

4198 2709 4255 2935 parentes
4209 2649 4239 2675 a
4192 2451 4239 2615 liberis
4193 2281 4239 2413 affici
4190 2014 4250 2228 soleant,
4206 1877 4238 1970 non
4190 1630 4254 1830 gignere.
4188 1288 4235 1586 commodius

4286 2821 4319 2931 esse
4277 2610 4319 2788 censet.
4271 2396 4321 2543 Venit
4272 2176 4320 2349 deinde.
4270 1948 4320 2143 nuntius
4274 1774 4332 1917 atque
4267 1415 4331 1739 interponitur
4267 1288 4314 1383 hu-
