5010 3336
2086 3270 2116 3333 tem

2162 3275 2195 3331 uie-

2245 3284 2273 3313 issi

1052 2234 1081 2258 f

1054 2142 1109 2260 003

1212 2911 1261 3031 nihil
1226 2781 1257 2875 non
1211 2585 1270 2746 potest
1202 2293 1264 2550 explicari,
1212 2082 1258 2243 neque
1203 1958 1242 2035 est
1193 1783 1238 1907 ullus
1191 1566 1244 1731 locuS‚
1200 1376 1247 1517 quem

1309 2936 1340 3029 non
1289 2737 1342 2900 adire,
1290 2620 1332 2701 aut
1283 2437 1330 2586 ullum
1286 2178 1339 2399 tempus7
1276 2072 1321 2129 ad
1271 1907 1335 2033 quod
1286 1776 1317 1870 non
1279 1486 1315 1742 recurrere
1278 1373 1308 1451 res

1375 2867 1435 3030 gestas
1364 2505 1413 2833 referentibus
1362 2310 1406 2468 liceat.
1355 2060 1401 2240 Contra
1349 1766 1398 2023 imitationi
1350 1546 1410 1743 praeter
1346 1373 1389 1512 natu—

1450 2911 1497 3027 ralia
1451 2825 1493 2874 et
1443 2498 1499 2790 communia,
1440 2413 1486 2461 id
1442 2301 1483 2377 est
1433 2000 1480 2266 animorum
1444 1823 1476 1963 sensa
1427 1470 1484 1788 affectusque„
1420 1372 1467 1434 nil

1529 2922 1575 3029 sere
1525 2659 1570 2889 idoneum
1527 2533 1569 2622 est.
1520 2248 1579 2464 Quorum
1512 1947 1558 2213 affectuum
1520 1730 1553 1924 caussas
1506 1508 1565 1704 oportet
1514 1370 1562 1479 gra-

1621 2945 1652 3027 ves
1609 2860 1650 2908 et
1602 2500 1649 2825 conditionem
1612 2302 1645 2463 rerum
1607 2067 1647 2266 novam,
1589 1813 1641 2015 miram,
1581 1515 1643 1775 ancipitem
1592 1368 1624 1479 esse

1685 2707 1746 3027 dignamque,
1696 2547 1741 2670 quae
1679 2297 1725 2513 moretur
1677 2018 1718 2261 catervam
1666 1690 1718 1983 vicinorum,
1659 1480 1705 1655 civium
1656 1369 1701 1444 vel

1762 2721 1826 3024 popularium
1761 2624 1807 2684 ad
1770 2346 1805 2590 rumorem
1751 2226 1799 2299 vel
1747 1922 1810 2178 strepitum
1741 1800 1788 1875 vel
1740 1494 1786 1755 clamorem
1750 1372 1781 1448 ac-

1841 2699 1898 3024 currentium3
1852 2506 1899 2663 neque
1833 2314 1881 2472 minus
1831 2129 1878 2279 totius
1824 1861 1873 2092 dramatis
1816 1543 1882 1835 compositio
1814 1364 1874 1507 digna

1936 2910 1968 3021 esse
1920 2710 1975 2873 debet,
1916 2537 1963 2673 cuius
1910 2246 1977 2500 spectandi
1923 2040 1955 2210 caussa
1915 1726 1966 2005 magnarum
1895 1500 1943 1690 urbium
1892 1364 1938 1463 fre-

1999 2827 2062 3021 quentia
1997 2745 2042 2792 in
1996 2518 2042 2710 theatra
1992 2214 2047 2482 conveniat,
2002 2057 2049 2178 quae
1985 1854 2031 2023 doctos
1978 1484 2035 1820 immotosque,
1985 1363 2018 1449 no-

2078 2899 2125 3022 biles
2074 2558 2134 2864 humilesque
2074 2205 2118 2509 commoveat
2072 2108 2112 2158 et
2063 2002 2110 2061 ad
2055 1645 2123 1954 percipienda
2051 1363 2114 1599 graviora,

2156 2762 2212 3021 severiora,
2152 2446 2199 2725 sublimiora
2148 2178 2194 2418 traducat.
2136 1688 2203 2108 Quemadmodum
2134 1513 2197 1662 igitur
2144 1359 2192 1477 pro-

2252 2938 2282 3021 sae
2234 2828 2280 2904 vel
2231 2549 2294 2792 pedestris
2226 2280 2275 2511 orationis
2239 2092 2287 2245 genus
2220 1877 2267 2058 nullum
2214 1648 2279 1839 gravius
2215 1538 2257 1613 est
2224 1360 2270 1503 quam

2314 2749 2370 3020 contentio,
2326 2607 2371 2699 qua
2310 2513 2355 2560 in
2305 2275 2353 2466 iudiciis
2300 1828 2357 2237 concionibusque
2295 1469 2353 1793 disceptatur:
2288 1357 2332 1421 ita

2393 2753 2440 3019 carminum
2403 2568 2451 2720 genus
2386 2348 2433 2532 nullum
2382 2154 2429 2313 acrius
2384 2028 2425 2102 est
2392 1850 2438 1994 quam
2370 1568 2434 1815 tragoedia
2404 1533 2423 1545 ‚
2380 1356 2428 1479 quae

2471 2900 2519 3020 nihil
2471 2740 2525 2866 lene,
2467 2588 2514 2703 nihil
2465 2346 2518 2554 remissi,
2460 2188 2509 2307 nihil
2456 1958 2521 2152 placidi,
2452 1803 2501 1920 nihil
2447 1520 2511 1766 tranquilli
2444 1358 2509 1485 pati—

2555 2924 2608 3018 tur,
2549 2801 2596 2886 sed
2547 2549 2612 2765 grandia,
2542 2242 2607 2511 splendida,
2538 2004 2595 2207 fervida,
2534 1700 2588 1965 concitata,
2524 1355 2574 1663 vehementia

2629 2743 2684 3017 desiderat;
2642 2581 2689 2706 quae
2624 2365 2675 2547 flectit,
2620 2032 2675 2327 inflammat,
2613 1801 2669 1996 incitat,
2607 1571 2670 1751 abripit
2605 1355 2651 1537 animos

2707 2690 2762 3017 audientium3
2719 2516 2764 2639 quae
2697 2051 2762 2465 repraesentando
2704 1687 2754 2003 quaecunque
2683 1352 2731 1638 mortalibus

2785 2718 2851 3015 gravissima,
2780 2350 2836 2682 atrocissima,
2776 2044 2822 2313 miserrima
2770 1784 2817 2010 accidere
2768 1530 2829 1751 possunt,
2760 1352 2808 1495 sami-

2865 2755 2912 3014 liaritatem
2859 2482 2923 2719 quandam
2859 2274 2903 2447 harum
2868 2077 2900 2239 rerum
2849 1869 2896 2039 animis
2844 1576 2903 1833 contrahit,
2846 1487 2887 1538 ut
2854 1350 2886 1454 me-

2943 2777 2990 3014 ditatione
2939 2508 2986 2742 malorum
2941 2312 2982 2472 metus
2930 1851 2989 2277 miserationisque
2924 1616 2971 1819 affectus
2919 1348 2982 1580 quodam—

3023 2868 3069 3013 modo
3022 2554 3082 2834 purgentur.
3015 2315 3076 2482 ltaque
3011 2053 3059 2281 Herculis
3006 1741 3069 2029 insignibus,
3002 1570 3048 1704 clava
3004 1500 3045 1547 et
2996 1347 3061 1476 pelle

3100 2829 3156 3011 leonis,
3096 2508 3159 2779 praeditam
3092 2272 3138 2464 Musam
3087 1945 3149 2223 tragoediae
3090 1706 3130 1900 veteres
3079 1348 3131 1660 effinxerunt,

3177 2723 3225 3007 fortitudine
3174 2548 3219 2675 illam
3176 2450 3217 2497 et
3169 2129 3233 2402 granditate
3162 1882 3213 2083 summis
3158 1600 3207 1834 heroibus
3154 1347 3203 1555 similem

3273 2896 3305 3007 esse
3254 2510 3318 2861 significantes.

3334 2740 3381 2879 Hanc
3331 2556 3394 2705 igitur
3330 2429 3374 2521 rim
3328 2061 3386 2391 virtutemque
3323 1991 3369 2039 in
3319 1722 3381 1963 Euripide
3318 1539 3362 1701 inesse
3312 1343 3361 1512 videns

3412 2716 3463 3006 Aristoteles
3425 2569 3457 2677 curn
3408 2322 3454 2530 maxime
3405 2065 3451 2277 omnium
3406 1762 3465 2015 poetarum
3395 1489 3458 1727 tragicum
3406 1342 3438 1451 esse

3491 2729 3541 3005 affirmavit.
3489 2525 3547 2659 Quae
3488 2336 3533 2490 virtus
3484 2142 3545 2299 qualis
3483 2029 3540 2105 sit,
3480 1840 3541 1989 magis
3475 1593 3524 1805 elucebit
3473 1338 3537 1560 planum-

3590 2909 3636 3003 que
3571 2773 3623 2875 fiet,
3570 2693 3614 2733 si
3568 2525 3612 2659 illum
3582 2380 3612 2489 cum
3563 2123 3609 2336 Goethio
3566 1922 3607 2087 nostro
3570 1590 3619 1885 componeS,
3552 1471 3614 1551 qui
3555 1340 3596 1435 tra-

3650 2815 3716 3003 goediis
3646 2508 3693 2777 scribendis
3644 2187 3706 2481 tragicisque
3640 1902 3687 2161 affectibus
3633 1554 3699 1880 exprimendis
3629 1337 3675 1533 minime

3747 2950 3778 3003 se
3728 2685 3776 2917 idoneum
3740 2539 3771 2649 esse
3725 2397 3786 2506 ipse
3721 2191 3769 2360 sensit.
3719 2015 3766 2120 Non
3716 1819 3763 1978 defuit
3713 1672 3761 1786 huic
3709 1446 3772 1643 quidem
3706 1339 3752 1413 sa-

3809 2846 3857 3000 cultas
3804 2417 3853 2813 inveniendarum
3816 2100 3847 2379 caussarum
3813 1942 3844 2055 vere
3794 1613 3858 1907 tragicarum
3788 1336 3847 1574 effingen-

3890 2733 3948 3000 dorumque
3899 2486 3931 2682 casuum
3881 2055 3928 2436 miserrimorum
3876 1887 3939 2016 (nam
3868 1567 3920 1838 citharoedi
3866 1337 3929 1531 quidem

3982 2778 4029 3000 persona,
3980 2617 4026 2740 quae
3968 2504 4009 2581 est
3963 2426 4008 2471 in
3959 2226 4007 2389 sabula
3956 1946 4004 2195 Guilielmi
3951 1690 4015 1928 Magistri,
3948 1594 3994 1652 ad
3946 1334 3993 1556 afficien-

4045 2909 4091 2999 dos
4044 2542 4090 2872 misericordia
4042 2311 4087 2491 animos
4037 2008 4100 2261 aptissima
4050 1902 4081 1958 ac
4049 1794 4079 1855 ne
4028 1570 4090 1759 Oedipo
4025 1336 4087 1532 quidem

4124 2841 4170 2997 minus
4122 2628 4183 2807 tragica
4123 2462 4183 2593 est);
4118 2336 4166 2425 sed
4132 2193 4163 2301 cum
4119 2023 4161 2157 esset
4113 1854 4178 1990 pacis
4116 1681 4172 1828 atque
4102 1332 4165 1658 *tranquillini*

4202 2931 4249 2996 tis
4200 2662 4247 2897 amantior
4205 2579 4247 2629 et
4214 2386 4247 2547 rerum
4195 2114 4244 2348 atrocium
4193 1996 4240 2068 vel
4190 1605 4254 1947 cogitationem
4185 1332 4235 1570 horreret,
