5010 3336
3936 2113 3990 2231 174

3785 1329 3851 1518 σχῆμα.
3800 1590 3849 1839 Converso
3797 1875 3848 2052 sideris
3780 2089 3829 2261 cursu,
3778 2307 3837 2613 pereundum
3784 2647 3835 2826 fuisset
3765 2860 3814 3016 popu-

3710 1325 3769 1406 lis,
3708 1440 3769 1548 nisi,
3706 1582 3767 1874 tempestive
3701 1907 3764 2095 moniti,
3697 2133 3746 2454 quaecunque
3705 2489 3757 2827 institutorum
3687 2852 3747 3017 publi-

3642 1330 3675 1501 corum
3624 1535 3688 1934 privatorumque
3637 1972 3668 2032 ex
3632 2076 3682 2294 siderum
3630 2328 3673 2463 motu
3612 2514 3675 2796 pendebant
3619 2829 3663 3017 mutato

3561 1324 3606 1525 naturae
3560 1573 3609 1724 statui
3552 1771 3602 2227 accommodassent
3543 2254 3600 2322 *).
3548 2418 3598 2571 Simul
3530 2635 3594 2784 igitur
3540 2835 3586 3017 servati

3482 1324 3525 1437 sunt
3480 1469 3528 1713 beneficio
3477 1747 3527 1894 liuius
3472 1929 3524 2216 inventionis
3456 2253 3518 2447 populi,
3450 2500 3514 2743 simulque
3445 2786 3509 3015 prodigio

3389 1324 3449 1509 edocti,
3401 1541 3449 1657 vitio
3383 1671 3442 1817 atque
3396 1833 3444 1993 invitis
3393 2010 3440 2176 avibus
3375 2194 3440 2407 Thyesti
3371 2433 3420 2636 regnum
3367 2655 3431 2871 delatum
3367 2886 3413 3015 esse,

3322 1321 3366 1375 ut
3306 1409 3368 1491 qui
3304 1525 3368 1662 prius
3315 1699 3362 1946 ostentum
3315 1981 3362 2028 in
3311 2065 3345 2201 suam
3308 2236 3358 2431 domum
3291 2469 3338 2559 per
3302 2593 3353 2819 fraudem
3299 2854 3344 3014 trans-

3239 1319 3289 1533 tulisset.
3239 1605 3288 1729 Cum
3237 1765 3285 1840 his
3234 1876 3284 2059 faciunt
3228 2095 3279 2389 scholiastae
3224 2417 3273 2589 verba:
3207 2627 3274 2894 ἀπέδειξεν
3218 2919 3269 3013 αὐ-

3150 1319 3217 1447 τοὺς
3141 1481 3210 1928 ἀσεβοῦντας,
3154 1966 3205 2009 εἰ
3137 2050 3203 2286 Θυέστην
3133 2319 3197 2535 βασιλέα
3139 2571 3194 2792 ἕλωνται
3137 2824 3186 2932 κτλ.

3079 1449 3129 1599 Prius
3063 1628 3127 1778 igitur
3059 1811 3107 1964 regno
3070 2010 3119 2191 Atreus
3052 2240 3116 2350 ipse
3049 2402 3111 2639 spoliatus
3046 2686 3106 2814 fuit,
3042 2866 3089 3012 quam

2983 1314 3042 1610 recuperato
2981 1646 3046 1852 imperio
2992 1887 3041 2093 fratrem
2991 2130 3033 2180 et
2972 2214 3019 2365 regno
2985 2416 3026 2465 et
2965 2514 3026 2669 patria
2960 2722 3024 3012 expelleret.

2918 1313 2967 1426 Hoc
2918 1461 2961 1626 autem
2915 1662 2963 1834 exsule
2899 1868 2956 2014 atque
2893 2048 2941 2221 egeno,
2894 2259 2954 2458 Atreus,
2902 2491 2943 2547 ut
2898 2576 2942 2689 sunt
2882 2718 2943 2913 tyranni
2895 2945 2943 3010 ti-

2838 1313 2886 1435 midi
2839 1470 2870 1527 ac
2820 1565 2885 1857 suspiciosi,
2830 1893 2882 2130 delatoris
2810 2166 2876 2437 cuiuspiam
2815 2474 2869 2887 criminationibus
2815 2924 2847 3010 au-

2758 1312 2790 1394 res
2742 1428 2805 1659 praebuit
2751 1691 2803 2044 insusurrantis
2732 2081 2797 2339 Thyesten
2728 2383 2774 2535 regno
2722 2570 2787 2799 vitaeque
2719 2849 2784 3008 ipsius

2677 1311 2726 1473 denuo
2676 1524 2725 1742 insidiari
2674 1788 2716 1839 et
2669 1884 2721 2193 clandestina
2664 2229 2713 2431 consilia
2661 2467 2693 2575 cum
2644 2606 2705 2775 regina
2641 2807 2687 2899 per
2653 2932 2700 3007 in·

2597 1308 2645 1587 ternuntios
2593 1624 2644 1866 conferre.
2591 1935 2641 2063 Tum
2588 2099 2621 2214 vero
2582 2249 2633 2573 vehementer
2577 2607 2625 2792 exarsit
2575 2826 2624 2898 ira
2557 2928 2612 3006 ty-

2515 1305 2564 1470 ranni:

2422 1440 2485 1730 „Iterum
2414 1764 2482 2078 Thyestes
2422 2107 2475 2384 Atreum
2415 2412 2461 2868 attrectatum
2412 2901 2461 3004 ad-

2332 2166 2391 2376 venia

2273 1439 2323 1702 Iterum
2269 1737 2319 1860 iam
2251 1897 2316 2306 adgreditur
2261 2339 2292 2435 me
2258 2471 2300 2535 et
2237 2570 2301 2872 quietum
2251 2899 2283 3002 ex·-

2179 2151 2228 2486 suscitat:

2111 1443 2162 1667 BIaior
2107 1712 2156 1882 mihi
2092 1927 2152 2164 moles,
2100 2211 2148 2422 maias
2090 2456 2143 2862 miscendam
2088 2899 2130 3001 est

2020 2144 2068 2318 mala
2005 2333 2049 2398 m,

1937 1440 1999 1561 Qui
1948 1597 1997 1798 illius
1942 1836 1992 2144 acerbum
1940 2186 1971 2293 cor
1932 2321 1982 2718 contundam
1930 2754 1971 2815 et
1926 2842 1959 2997 com-

1844 2131 1906 2305 prim
1857 2323 1903 2447 am''
1838 2476 1905 2576 **).

1776 1301 1838 1453 Quasi
1774 1486 1838 1638 igitur
1773 1671 1837 1866 ignarus
1783 1904 1826 2039 esset
1766 2075 1831 2292 fraudis,
1762 2340 1810 2483 quam
1772 2523 1822 2677 frater
1754 2710 1801 2886 parare
1766 2921 1813 2998 di-

1698 1300 1756 1518 cebatur,
1710 1555 1756 1748 nuntios
1707 1784 1754 1844 ad
1705 1880 1735 1990 eum
1700 2027 1749 2225 mittere
1682 2261 1742 2531 constituit,
1677 2568 1738 2651 qui
1690 2688 1736 2748 ad
1685 2779 1735 2994 reditum

1630 1298 1677 1347 in
1614 1384 1677 1594 patriam
1611 1624 1674 1832 benigne
1618 1861 1672 2139 invitarent.
1618 2211 1666 2275 Et
1600 2301 1660 2650 poenitentiam
1606 2678 1656 2875 simulat
1605 2900 1653 2994 ini-

1536 1298 1597 1518 quitatis,
1531 1557 1578 1651 qua
1545 1683 1594 1886 fratrem
1527 1924 1574 2074 regno
1521 2108 1585 2363 patriaque
1516 2397 1579 2679 privaverit,
1527 2714 1569 2765 et
1510 2789 1556 2992 regnum

1470 1298 1517 1459 exsuli
1466 1495 1514 1624 ultro
1465 1661 1497 1715 se
1460 1751 1510 2091 restituturum
1458 2123 1490 2234 esse
1440 2260 1502 2537 pollicetur.
1448 2606 1496 2746 Haec
1431 2766 1493 2911 fingit
1443 2932 1475 2991 eo

1373 1298 1435 1522 consilio„
1371 1558 1427 1638 ut7
1384 1675 1431 1755 ubi
1382 1790 1430 1837 in
1366 1872 1430 2040 plagas
1375 2076 1426 2330 devenerit
1358 2362 1421 2552 frater,
1369 2590 1401 2684 una
1367 2719 1399 2829 cum
1363 2866 1413 2989 libe—

1310 1295 1357 1366 ris
1304 1402 1354 1680 miserrime
1287 1724 1348 2028 pessumdet.
1297 2098 1347 2170 De
1295 2214 1343 2291 his
1292 2340 1341 2487 rebus
1285 2531 1337 2860 conferendus
1282 2897 1332 2987 Se-

1214 1297 1262 1436 neca,
1212 1472 1273 1555 qui
1224 1587 1272 1722 illam
1221 1759 1269 1898 Atrei
1216 1934 1265 2208 orationem
1212 2243 1262 2458 imitatus
1210 2496 1251 2598 est:

1123 1824 1188 2047 „Regna
1134 2082 1166 2218 nunc
1116 2250 1172 2425 sperat·
1128 2460 1161 2609 mea:

1066 1425 1117 1549 Hac
1049 1582 1097 1672 spe
1060 1705 1109 1930 minanti
1044 1949 1104 2158 fulmen
1051 2194 1091 2421 occurret
1035 2461 1097 2589 Iovi,

936 1362 989 1406 ³⁸)
947 1439 987 1565 Conf.
931 1596 985 1749 Eurip.
940 1782 981 1947 Eloctr.
934 1978 979 2236 731-736.

865 1348 918 1413 *Ἴ
876 1443 918 1550 Attii
858 1579 915 1747 fragm.
871 1778 912 1845 13.
868 1906 909 1973 cf.
866 2005 906 2095 Cic.
865 2129 905 2178 N.
864 2210 903 2262 D.
853 2284 902 2362 Ill,
860 2393 903 2468 26:
844 2502 899 2649 „Quid
855 2681 897 2753 illc
851 2785 894 2981 funestas

794 1431 843 1587 epulas
801 1627 843 1755 fratri
785 1797 836 2095 comparans?
792 2124 819 2265 nonne
788 2296 823 2445 versat
786 2476 827 2561 huc
785 2595 822 2635 ct
783 2666 825 2774 illuc
766 2807 821 2978 cogita—

734 1430 777 1546 tione
729 1577 771 1796 rationem
730 1810 770 1835 ’ἐ
725 1893 765 2038 Jslae'or
722 2068 762 2183 etc.''
