5010 3336
1072 2138 1125 2258 479

1222 2968 1268 3029 de
1234 2784 1265 2931 scena
1222 2610 1264 2750 antea
1233 2423 1280 2574 pauca
1218 2181 1264 2387 dicenda
1223 2021 1264 2143 sunt.
1217 1708 1263 1951 Parnasus
1232 1521 1263 1658 mons
1233 1363 1264 1472 cum

1298 2848 1361 3030 templo
1297 2576 1359 2811 Apollinis
1303 2116 1359 2539 repraesentatur,
1313 1856 1358 2061 quorum
1298 1674 1343 1819 sitnm
1297 1558 1342 1635 his
1297 1361 1343 1521 verbis

1377 2763 1425 3028 declaravit
1377 2519 1423 2726 lustinus
1377 2307 1433 2480 xxiv,
1379 2211 1422 2270 6:
1375 1867 1437 2163 „Templum
1375 1593 1437 1829 Apollinis
1375 1361 1439 1565 Delphis

1458 2816 1520 3028 positum
1462 2708 1501 2783 est
1457 2633 1501 2678 in
1464 2439 1501 2603 monte
1456 2198 1501 2411 Parnaso
1455 2121 1499 2167 in
1472 1962 1516 2082 rupe
1455 1717 1516 1925 undique
1457 1361 1516 1692 impendente.

1537 2858 1584 3025 Media
1535 2705 1580 2807 saxi
1551 2513 1595 2659 rupes
1536 2423 1580 2467 in
1534 2180 1579 2385 sormam
1534 1950 1579 2130 theatri
1536 1708 1579 1915 recessit
1533 1607 1595 1673 ²⁸).
1535 1488 1581 1538 In
1535 1358 1581 1452 hoc

1616 2890 1678 3027 rupis
1613 2589 1671 2841 anfractu,
1614 2382 1659 2541 media.
1613 2179 1658 2336 ferme
1613 1966 1658 2143 montis
1613 1634 1671 1915 altitudine,
1613 1358 1676 1584 planities

1696 2852 1756 3025 exigua
1699 2712 1751 2815 est,
1699 2520 1754 2667 atque
1693 2438 1738 2485 iu
1708 2345 1738 2400 ea
1691 2014 1753 2310 profundum
1696 1820 1737 1977 terrae
1692 1535 1748 1786 foramen,
1693 1357 1754 1487 qnod

1774 2977 1820 3025 in
1773 2736 1819 2931 oracula
1771 2506 1833 2691 patet.''
1770 2194 1816 2427 Universa
1769 1845 1832 2144 Delphorum
1773 1685 1817 1797 urbs
1773 1592 1817 1637 in
1772 1356 1819 1543 devexo

1854 2851 1899 3024 montis
1851 2595 1910 2813 margine
1849 2381 1896 2575 condita
1854 2242 1895 2345 erat
1846 2117 1911 2209 **).
1850 1908 1909 2046 Quae
1849 1827 1895 1873 in
1850 1632 1896 1791 media
1868 1480 1913 1601 rupe
1857 1353 1899 1460 erat

1932 2797 1995 3025 planities
1931 2657 1977 2759 sive
1929 2343 1987 2622 anfractus,
1944 2250 1975 2304 ea
1934 2114 1974 2213 tota
1929 1883 1975 2077 oraculo
1930 1491 1992 1845 oceilpabatur3
1947 1356 1978 1438 ae-

2012 2861 2058 3023 dificia
2019 2663 2057 2825 autem
2008 2527 2054 2628 fani
2024 2383 2055 2491 enm
2009 2087 2071 2356 porticibus
2014 2000 2054 2049 et
2008 1748 2071 1975 gradibus
2025 1622 2072 1711 per
2010 1353 2057 1587 declivam

2092 2847 2137 3023 montis
2095 2622 2152 2811 partem
2089 2145 2143 2573 continuabantur3
2087 2023 2133 2084 cf.
2087 1827 2134 1970 Paus.
2087 1703 2145 1777 X„
2092 1612 2134 1656 8.
2106 1529 2150 1575 p.
2092 1355 2137 1480 818:

2168 2785 2230 3020 „Delphis
2168 2633 2215 2749 urbs
2170 2427 2229 2595 quavis
2175 2259 2230 2396 parte
2169 2184 2214 2228 in
2167 1988 2213 2162 clivum
2168 1634 2230 1960 resupinatur.
2169 1352 2215 1583 Eodem

2252 2776 2302 3022 autem,
2263 2595 2307 2711 quo
2248 2210 2309 2539 oppidum„
2248 2018 2293 2147 situ
2248 1645 2310 1966 Apollinis
2254 1495 2295 1590 est
2264 1351 2295 1437 se-

2333 2849 2390 3022 ptum
2326 2711 2373 2811 sive
2325 2431 2371 2686 delubrum
2327 2280 2389 2400 )
2333 2194 2372 2241 et
2327 1866 2389 2168 peramplum
2328 1673 2389 1827 spatio
2328 1600 2373 1645 iu
2344 1349 2391 1575 suprema

2407 2890 2453 3022 urbis
2410 2716 2468 2852 parte
2406 2486 2453 2680 eminet.
2406 2254 2452 2414 Sunt
2413 2003 2452 2217 autem
2407 1773 2453 1965 etiam
2408 1512 2454 1724 exitus
2424 1350 2471 1463 per

2485 2858 2530 3020 illud
2485 2746 2530 2819 im
2484 2550 2530 2728 missi
2486 2199 2548 2510 perpetui
2483 1866 2548 2160 (τέτμηνται
2484 1774 2534 1829 δὲ
2485 1656 2535 1743 καὶ
2484 1451 2545 1622 ἔξοδοι
2484 1351 2535 1417 δι’

2562 2853 2611 3018 αὐτοῦ
2562 2513 2626 2816 συνεχεῖς).”
2566 2336 2611 2443 Non
2567 2066 2612 2284 contiuua
2567 1971 2612 2018 iu
2567 1730 2629 1922 planitie
2568 1474 2614 1693 aedilicia
2583 1347 2613 1439 ex-

2649 2837 2690 3020 structa
2644 2647 2690 2801 fuisse
2644 2449 2703 2610 docet,
2662 2241 2707 2410 eaque,
2662 2060 2707 2202 quum
2646 1818 2708 2037 pluribus
2647 1491 2709 1795 expertibus
2662 1347 2694 1461 con-

2727 2818 2781 3022 starent,
2730 2646 2769 2779 secta
2723 2455 2770 2611 fuisse
2725 2146 2772 2419 itineribus.
2725 2012 2771 2075 Et
2725 1857 2771 1975 duas
2728 1604 2789 1821 porticus
2724 1346 2789 1566 (δίδυμα

2801 2745 2864 3022 πρόςωπα)
2818 2550 2849 2694 scena
2805 2263 2850 2501 exhibitas
2820 2091 2850 2200 esse
2806 1864 2851 2041 chorus
2806 1530 2869 1802 significat,
2807 1345 2854 1476 unde

2882 2896 2930 3018 duos
2898 2666 2944 2857 quoque
2883 2415 2930 2641 introitus
2900 2277 2930 2384 cum
2884 2050 2947 2251 singulis
2885 1929 2930 2022 aris
2884 1620 2932 1899 forensibus
2886 1538 2949 1596 †)
2886 1345 2934 1501 fuisse

2962 2779 3008 3020 coniicere
2962 2612 3008 2742 lieet.

3121 2919 3173 2967 ³³²)
3122 2727 3162 2888 Strabo
3136 2652 3173 2695 p.
3119 2526 3171 2629 288,
3120 2433 3161 2501 17.
3121 2324 3161 2401 lib.
3123 2206 3162 2293 IX:
3122 2124 3164 2173 τὸ
3123 2051 3165 2097 δὲ
3122 1871 3166 2028 νότιον
3122 1628 3179 1845 (πλευρὸν
3122 1344 3178 1606 κατέχουσι)

3190 2683 3241 2877 Δελφοί,
3192 2346 3243 2641 πετρῶδες
3193 2082 3245 2316 χωρίον,
3192 1626 3248 2043 θεατροειδές,
3192 1466 3235 1582 κατὰ
3210 1343 3236 1424 κο-

3256 2724 3313 2876 ρυφὴν
3258 2589 3312 2690 ἕχον
3258 2511 3300 2559 τὸ
3265 2262 3312 2477 μαντεῖον
3261 2156 3303 2231 καὶ
3261 2042 3316 2125 τὴν
3261 1853 3313 2012 πόλιν,
3264 1616 3305 1813 σταδίων
3262 1342 3306 1578 ἑκκαίδεκα

3327 2718 3370 2883 κύκλον
3330 2414 3383 2689 πληροῦσαν.
3329 2075 3385 2356 “Τπὲρκειται
3332 1996 3374 2044 δὲ
3330 1814 3386 1955 αὐτῆς
3328 1454 3387 1775 ἡΛυκώρεια,
3331 1344 3387 1414 ἐφ’

3392 2822 3440 2877 οὗ
3398 2646 3440 2790 τόπου
3397 2391 3454 2613 πρότερον
3401 2176 3455 2359 ἵδρυντο
3402 2099 3444 2141 οἱ
3404 1900 3456 2073 Δὲλφοὶ
3400 1755 3457 1867 ὑπὲρ
3404 1642 3444 1723 τοῦ
3403 1462 3458 1612 ἱεροῦ·
3405 1343 3447 1429 νῦν

3467 2829 3510 2877 δὲ
3467 2731 3510 2797 ἐπ’
3466 2578 3525 2701 αὐτῷ
3472 2374 3511 2546 οἰκοῦσι
3471 2238 3527 2339 περὶ
3470 2126 3524 2207 τὴν
3470 1926 3527 2094 κρήνην
3470 1814 3527 1896 τὴν
3475 1508 3515 1784 Κασταλίαν.

3539 2913 3591 2987 Μ)
3539 2785 3580 2882 Liv.
3540 2614 3588 2750 XLII,
3539 2517 3579 2582 15.
3542 2295 3581 2482 l'uusan.
3544 2208 3594 2261 Χ,
3542 2139 3583 2178 8.
3558 2065 3596 2105 p.
3543 1936 3584 2031 818.

3610 2913 3661 3015 sizssss)
3610 2814 3649 2879 Cf.
3624 2740 3650 2783 v.
3609 2611 3650 2707 739.
3610 2393 3652 2577 αι’πὲινά
3627 2289 3653 2359 τοι
3616 2054 3664 2259 μαντεῖα.

3678 2910 3732 2961 †)
3679 2718 3719 2879 Pollux
3680 2616 3731 2687 lv,
3680 2518 3721 2585 19.
3696 2443 3734 2483 p.
3680 2321 3721 2416 203.
3684 2158 3723 2286 Sub:
3682 2052 3725 2124 ἐπὶ
3681 1972 3724 2020 δὲ
3683 1861 3735 1942 τῆς
3683 1664 3734 1830 σκηνῆς
3682 1558 3724 1634 καὶ
3680 1341 3737 1526 οἷγυιεύς

3747 2733 3791 2876 ἔκειτο
3749 2550 3805 2702 βωμὸς
3749 2435 3804 2521 πρὸ
3753 2312 3792 2402 τῶν
3754 2108 3807 2281 θυρῶν.
3755 1951 3793 2049 Hac
3767 1841 3794 1919 ara
3755 1690 3793 1811 nulla
3754 1512 3793 1665 domus
3768 1342 3806 1482 neque

3833 2749 3860 2878 sacra
3834 2580 3873 2720 neque
3822 2362 3875 2548 profana
3822 2138 3863 2330 caruisse
3824 1913 3872 2113 videtum
3823 1823 3863 1878 cf.
3825 1576 3878 1799 Hesycll.:
3819 1343 3878 1540 ἀγυιεύς,

3886 2852 3931 2877 ὁ
3887 2734 3944 2822 πρὸ
3892 2609 3932 2699 τῶν
3892 2421 3946 2579 θυρῶν
3890 2247 3941 2385 ἑστώς
3890 2057 3948 2208 βωμὸς
3893 1971 3935 2016 ἐν
3893 1744 3947 1937 σχήματι
3896 1551 3943 1716 κίονος.
3894 1342 3935 1490 Schol-

3959 2652 4013 2876 Aristoph.
3962 2491 4015 2619 Vesp.
3961 2352 4003 2459 875:
3958 2295 4004 2318 ὁ
3961 2178 4018 2263 πρὸ
3964 2039 4004 2129 τῶν
3959 1812 4006 2005 αὐλείων
3965 1617 4021 1777 θυρῶν
3961 1340 4017 1587 κωνοειδὴς

4028 2754 4080 2879 κίων,
4028 2604 4086 2722 ἱερὸς
4028 2307 4081 2577 ’Λπόλλωνος
4032 2202 4073 2277 καὶ
4030 2030 4082 2171 αὐτὸς
4032 1876 4083 2001 θεός.
4036 1615 4076 1816 Macrob.
4036 1488 4077 1580 Sat.
4035 1424 4084 1457 Ι,
4033 1344 4074 1394 9ε

4099 2718 4151 2876 „Apud
4102 2492 4143 2687 Graecos
4104 2305 4156 2463 Apollo
4102 2101 4153 2272 colitur,
4104 1995 4157 2070 qui
4107 1770 4162 1967 θυραῖος
4111 1551 4157 1746 vocatur,
4105 1342 4156 1525 eiusque

4180 2774 4208 2873 aras
4175 2644 4212 2743 ante
4172 2497 4213 2615 fores
4187 2364 4214 2466 suas
4174 2094 4221 2331 celebrant,
4174 1878 4228 2063 ipsum
4177 1658 4218 1847 exitus
4180 1574 4216 1625 et
4173 1342 4216 1544 introi—-

4239 2792 4278 2878 tus
4239 2294 4286 2763 demonstrantes
4248 1962 4297 2265 potentem.
4246 1776 4288 1902 Idem
4246 1591 4299 1750 Apollo
4244 1430 4299 1547 apud
4244 1342 4284 1399 il-
