5010 3336
3950 2101 4006 2222 260

3799 1450 3863 1744 Interposito
3813 1780 3863 1960 deinde
3811 1994 3861 2132 chori
3796 2175 3859 2415 carmine,
3792 2464 3851 2635 partus
3790 2687 3854 2794 ipse
3797 2838 3850 2993 Cana-

3735 1317 3766 1402 cae
3736 1426 3783 1474 in
3726 1506 3766 1669 scena,
3719 1707 3776 1939 quantum
3732 1975 3780 2083 fieri
3715 2111 3773 2317 poterat,
3725 2354 3777 2692 exhibebatur.
3718 2762 3772 2994 Testatur

3656 1315 3703 1444 enim
3657 1470 3703 1565 hoc
3641 1591 3703 1873 Suetonius,
3653 1907 3683 1934 a
3652 1966 3700 2162 Nerone
3635 2191 3691 2453 personato
3636 2487 3695 2823 „Canacen
3626 2858 3672 2992 par-

3575 1314 3623 1705 turientem”
3573 1762 3619 1943 cantari
3572 1993 3619 2187 solitam
3570 2239 3602 2350 esse
3567 2398 3616 2618 referens
3551 2657 3615 2763 (vit.
3561 2798 3610 2914 Ner.
3558 2951 3591 2991 c.

3486 1311 3546 1433 21.).
3482 1506 3543 1643 Quae
3479 1679 3526 1790 pars
3492 1826 3540 2058 dramatis
3477 2095 3538 2253 qualis
3477 2289 3538 2464 fuerit,
3487 2512 3519 2573 ex
3484 2610 3534 2781 Ovidio
3479 2829 3527 2989 conie-

3416 1313 3461 1448 ctare
3416 1481 3463 1597 licet
3416 1632 3447 1675 v.
3417 1712 3460 1777 49
3398 1813 3446 1979 seqq.:

3323 1440 3385 1594 „Nec
3334 1624 3366 1796 vocem
3333 1830 3380 1991 tenui.
3317 2028 3380 2219 „62uid,
3317 2259 3375 2350 ait,
3328 2385 3370 2479 tua
3325 2509 3374 2725 crimina
3307 2745 3370 2989 prodis?’'

3236 1577 3302 1783 Oraque
3252 1820 3300 2093 clamantis
3249 2130 3295 2333 conscia
3231 2361 3293 2547 pressit
3241 2590 3277 2734 anus.

3162 1445 3223 1581 Quid
3159 1603 3220 1809 faciam
3159 1846 3220 2071 infelix?
3155 2105 3216 2329 gemitus
3168 2365 3216 2508 dolor
3166 2547 3214 2700 edere
3146 2737 3210 2888 cogit,

3095 1573 3143 1681 Sed
3094 1715 3139 1867 timor
3093 1905 3134 1953 et
3092 1989 3137 2169 nutrix·
3090 2211 3131 2261 et
3072 2291 3136 2462 pudor
3070 2496 3134 2606 ipse
3083 2642 3125 2838 vetant.

3015 1444 3062 1691 Contineo
2998 1724 3060 1961 gemitus,
2994 2002 3058 2278 elapsaque
3008 2312 3055 2468 verba
2990 2502 3051 2773 reprendo,

2934 1566 2981 1642 Et
2918 1680 2965 1832 cogor
2932 1868 2980 2110 lacrimas
2929 2147 2978 2425 combibere
2910 2460 2974 2572 ipsa
2923 2607 2955 2761 meas.

2855 1450 2903 1584 Mors
2854 1623 2895 1737 erat
2853 1776 2894 1898 ante
2842 1935 2899 2121 oculos,
2852 2162 2893 2211 et·
2833 2249 2881 2394 opem
2846 2429 2896 2632 Lucina
2828 2673 2891 2932 negabat:

2774 1564 2821 1641 Et
2757 1677 2805 1854 grave,
2773 1891 2819 1936 si
2759 1964 2803 2211 morerer,
2770 2236 2801 2368 mors
2749 2397 2799 2595 quoque
2764 2618 2811 2808 crimen
2761 2835 2804 2981 erat:

2694 1439 2742 1561 Cum
2676 1596 2739 2062 superincumbens,
2691 2100 2737 2257 scissa
2669 2292 2734 2573 tunicaque
2666 2610 2717 2867 comaque,

2612 1563 2661 1750 Pressa
2597 1785 2657 2019 refovisti
2594 2049 2651 2265 pectora
2607 2301 2648 2476 nostra
2594 2510 2651 2629 tuis,

2534 1431 2581 1507 Et
2533 1540 2580 1666 milei
2533 1685 2561 1703 :
2520 1738 2580 1907 „Vive
2517 1940 2561 2095 soror,
2529 2130 2560 2273 soror
2527 2311 2557 2339 o
2515 2376 2573 2696 carissima‚⁷⁷
2508 2733 2571 2885 dixti,

2441 1563 2463 1593 „
2453 1609 2501 1656 V
2439 1652 2498 1747 ive,
2450 1784 2482 1879 nec
2450 1914 2495 2067 unius
2431 2105 2480 2314 corpore
2429 2344 2493 2505 perde
2442 2541 2492 2681 (litos.

2355 1431 2422 1563 Spes
2372 1600 2419 1730 bona
2371 1766 2419 1853 det
2370 1890 2416 2056 vires:
2354 2089 2399 2335 germano
2348 2371 2405 2535 nupta
2348 2556 2409 2749 futura
2362 2787 2393 2869 es:

2280 1561 2340 1726 Illius,
2291 1765 2321 1817 es
2291 1853 2338 1918 de
2273 1954 2320 2049 quo
2275 2084 2329 2268 mater,
2286 2308 2326 2358 et
2284 2392 2315 2523 uxor
2281 2561 2330 2710 eri3.''
2330 2752 2333 2754 ⁵

2201 1436 2262 1661 Mortua,
2211 1700 2259 1854 crede
2201 1888 2256 2030 milii,
2208 2067 2250 2243 tamen
2207 2281 2254 2350 ad
2205 2384 2246 2477 tua
2205 2512 2251 2667 verba
2190 2702 2250 2886 revixi,

2133 1558 2180 1635 Et
2116 1665 2177 1890 positum
2131 1928 2170 2002 est
2130 2038 2174 2181 uteri
2127 2211 2174 2402 crimen
2106 2439 2156 2663 onusque
2123 2697 2171 2851 mei.'⁷

2054 1295 2103 1530 Solebant
2053 1564 2095 1758 veteres
2052 1793 2099 1946 multa
2038 1982 2096 2261 ostendere,
2032 2298 2077 2422 quae
2045 2456 2077 2544 nos
2030 2570 2091 2888 occultamus,
2041 2925 2084 2975 et

1975 1291 2007 1461 rursus
1975 1496 2021 1590 alia
1961 1624 2020 1888 occultare,
1957 1924 2003 2050 qnae
1970 2085 2001 2174 nos
1964 2211 2014 2531 ostendimus.
1964 2599 2011 2733 Nihil
1964 2767 2011 2835 illi
1962 2877 2010 2971 hu-

1895 1290 1942 1421 mani
1895 1456 1926 1483 a
1894 1519 1926 1666 scena
1892 1703 1939 1918 alienum
1890 1956 1922 2066 esse
1876 2103 1935 2394 censebant3
1885 2444 1929 2613 contra
1883 2662 1931 2817 oculis
1881 2855 1928 2971 sub-

1812 1290 1863 1538 ducebant
1798 1589 1845 1905 quaecunque
1809 1947 1857 2124 melius
1807 2160 1855 2402 narrando
1789 2440 1853 2646 exprimi
1789 2681 1835 2824 quam
1802 2859 1851 2971 imi—

1734 1288 1783 1440 tando
1718 1475 1779 1837 repraesentari
1716 1872 1762 2022 posse
1727 2056 1776 2362 videbantur.
1724 2431 1773 2709 Absurdius
1723 2747 1771 2875 enim
1721 2896 1769 2969 in-

1655 1287 1702 1438 veniri
1654 1472 1701 1596 nihil
1637 1631 1695 1814 potest,
1636 1851 1683 1994 quam
1638 2030 1695 2173 ratio,
1633 2210 1679 2302 qua
1646 2336 1694 2413 vel
1630 2449 1691 2636 proelia
1644 2671 1691 2747 vel
1641 2782 1685 2970 mortes

1575 1285 1622 1441 nostri
1572 1474 1621 1740 histriones
1557 1775 1619 2053 imitantur3
1568 2108 1615 2196 sed
1566 2233 1614 2411 callum
1563 2445 1611 2586 nobis
1562 2622 1611 2827 obduxit
1561 2861 1610 2967 diu-

1496 1285 1541 1426 turna
1480 1460 1541 1793 consuetudo,
1491 1840 1534 1896 ut
1490 1926 1533 2023 tam
1473 2060 1535 2276 pueriles
1471 2312 1533 2519 ineptias
1469 2555 1526 2834 spectantes
1481 2870 1515 2966 non

1400 1284 1466 1584 fatigemur,
1398 1628 1445 1747 quas
1412 1784 1443 1846 ne
1410 1898 1457 2054 semel
1394 2090 1455 2287 quidem
1389 2321 1454 2581 adspicere
1402 2617 1451 2964 sustinuissent

1322 1282 1384 1484 antiqui.
1332 1558 1383 1746 Confer
1331 1795 1379 1919 hanc
1313 1970 1377 2203 ineptiam
1326 2241 1357 2351 cum
1310 2386 1371 2806 praestantissima
1309 2840 1366 2962 arte,

1244 1280 1290 1378 qua
1240 1424 1304 1673 Polynicis
1236 1721 1300 2041 Eteoclisque
1232 2092 1279 2305 pugnam
1247 2353 1278 2410 ac
1245 2458 1291 2661 caedem
1227 2694 1292 2962 Euripides

1162 1279 1227 1572 descripsit,
1174 1628 1215 1679 et
1172 1726 1220 1895 inanes
1155 1943 1217 2219 gladiorum
1152 2267 1214 2485 crepitus
1165 2536 1197 2647 cum
1150 2705 1205 2962 poetarum

1080 1278 1145 1655 parepigraphis
1091 1689 1143 1957 damnabis.
1088 2030 1136 2211 Contra
1087 2245 1134 2427 nullam
1086 2477 1134 2554 vel
1084 2590 1134 2846 vulnerum
1083 2880 1131 2961 vel

1015 1277 1063 1561 morborum
1000 1596 1065 1911 foeditatem,
1010 1947 1057 2106 nullos
1008 2144 1056 2369 dolorum
1006 2403 1054 2645 cruciatus
1006 2682 1037 2709 e
988 2745 1037 2961 conspe-

939 1277 983 1360 ctu
922 1395 983 1737 removendos,
918 1772 965 1932 neque
928 1967 978 2307 delicatiorum
928 2339 975 2588 hominum
926 2608 974 2831 mollitiei
926 2856 974 2957 ullo

858 1276 908 1424 modo
854 1452 903 1762 serviendum
852 1790 885 1903 esse
849 1927 897 2195 censebant
848 2215 896 2397 Graeci
830 2428 896 2753 Romanique.
832 2790 894 2955 Quare

776 1274 827 1407 actio
762 1442 823 1626 omniS,
760 1664 822 1859 qualem
752 1895 819 2158 descripsit
754 2194 817 2415 OvidiuS,
753 2451 815 2567 quin
764 2601 814 2649 in
763 2684 798 2829 scena
764 2862 798 2953 ex—
