5010 3336
1042 2084 1101 2200 159

1202 2793 1253 2966 Victus
1200 2687 1246 2759 avi
1194 2376 1244 2641 constantia
1197 2181 1252 2326 atque
1188 1875 1251 2132 sapientia,
1183 1562 1233 1821 Diomedes
1180 1313 1246 1516 Agrium

1282 2646 1330 2965 arcessiturus
1276 2500 1322 2611 abit.
1270 2098 1332 2420 interponitur
1268 1876 1314 2054 chorus
1270 1628 1327 1840 quartus.
1263 1502 1310 1551 In
1261 1308 1309 1466 medio

1361 2671 1409 2960 constitutus
1355 2447 1417 2623 Agrius
1351 2288 1397 2402 satis
1347 2019 1394 2241 inanibus
1346 1680 1408 1970 argumentis
1358 1428 1391 1643 caussam
1342 1307 1389 1393 de-

1440 2789 1487 2962 fendit.
1437 2490 1499 2711 Regnum
1444 2207 1492 2443 usurpare
1426 2042 1472 2162 dicit
1425 1625 1486 1986 quibuscunque
1420 1304 1485 1569 occupandi

1518 2626 1577 2963 retinendique
1512 2379 1559 2579 facultas
1509 2251 1555 2328 sit.
1505 2011 1567 2181 Neque
1504 1844 1550 1969 enim
1503 1590 1549 1808 omnibus
1517 1450 1547 1554 eam
1515 1304 1547 1412 esse

1597 2610 1651 2959 abstinentiam,
1596 2520 1637 2574 ut
1604 2370 1651 2485 opes
1586 1969 1650 2333 potentiamque
1581 1640 1645 1933 despiciant:

1674 2722 1723 2828 ἀλλ’
1672 2535 1727 2685 ἄλλος
1670 2327 1725 2502 ἄλλοις
1667 2096 1730 2293 μᾶλλον
1660 1888 1727 2063 ἥδεται
1659 1628 1723 1856 τρόποις.

1757 2775 1803 2955 Contra
1754 2547 1801 2741 Oeneus
1765 2407 1796 2500 nou
1748 2201 1811 2372 opibus
1744 1944 1791 2164 homines
1757 1751 1803 1908 neque
1739 1526 1803 1718 generis
1737 1302 1785 1474 nobili-
1718 763 1785 777 ζ,
1729 708 1771 724 ⁴}

1841 2841 1894 2957 tate,
1835 2716 1881 2803 sed
1832 2581 1878 2681 sola
1830 2371 1876 2547 virtute
1825 2098 1874 2337 nobilitari
1822 1825 1870 2065 ostendit:
1791 760 1905 778 ³23
1759 704 1944 727 li

1912 2791 1977 2825 ἦ
1910 2603 1975 2757 φύσις
1904 2374 1971 2569 ἑκάστῳ
1908 2244 1954 2341 τοῦ
1901 2022 1966 2210 γένους
1898 1850 1949 1987 ἐστὶν
1896 1629 1961 1815 πατρίς
1895 1543 1962 1607 *).
1896 759 1971 775 ’Ξῖ

1992 2642 2054 2823 „Non
1985 2421 2054 2609 ἔθηκ’
1987 2183 2033 2384 virum
1988 1915 2040 2145 ornat,-
1979 1603 2045 1872 generis
1977 1296 2039 1555 virfor-
1993 758 2041 773 'il
1978 687 1988 692 ’

2064 2042 2110 2131 tis
2061 1832 2109 2008 loco’'
2088 1737 2095 1795 —
2054 718 2065 722 '

2169 2795 2217 2951 neque
2150 2516 2208 2761 violentia,
2147 2395 2194 2480 sed
2144 2176 2191 2361 iustitia
2158 1944 2204 2142 reguum
2137 1581 2203 1907 quaerendum
2150 1403 2183 1544 esse:
2171 756 2211 771 μ
1945 699 2298 709 t

2259 2759 2267 2821 —
2256 2563 2264 2624 —-
2226 2181 2288 2431 ἄρχεσθαι
2216 1982 2285 2146 χρεὼν
2207 756 2246 770 z:

2301 2623 2366 2821 κακοὺς
2306 2504 2356 2592 ὑπ’
2303 2262 2354 2466 ἐσθλῶν
2299 2143 2352 2229 καὶ
2299 1935 2350 2108 κλύειν
2298 1796 2345 1902 τῶν
2293 1445 2359 1763 κρεισσόνων
2291 1322 2355 1420 **).
2250 752 2350 770 l}

2392 2839 2439 2946 Non
2389 2485 2437 2796 interfectum
2402 2327 2432 2435 esse
2384 2055 2446 2281 Agrium,
2381 1914 2426 2000 sed
2379 1818 2423 1865 in
2375 1549 2423 1766 exsilium
2374 1288 2424 1503 missum.
2362 706 2442 797 Ψξῖ

2472 2689 2535 2946 ipsumque
2467 2564 2515 2655 sibi
2471 2326 2513 2528 mortem
2463 2010 2515 2287 conscisse,
2462 1827 2505 1962 recte
2454 1520 2502 1782 tradidisse
2453 1284 2500 1473 videtur
2445 763 2451 766 “

2550 2694 2613 2943 IIyginuS,
2563 2497 2609 2641 quum
2544 2200 2591 2459 scholiasta
2537 1818 2602 2155 Aristophanis
2535 1640 2581 1771 illum
2530 1283 2578 1593 intersectum
2504 762 2583 767 ξ
2547 717 2578 719 3

2645 2827 2677 2937 esse
2627 2581 2675 2791 strictius
2641 2406 2689 2543 quam
2624 2212 2670 2370 verius
2619 1898 2682 2176 scripserit:
2607 1627 2677 1843 ’Ἄγριον
2608 1499 2673 1592 μὲν
2608 1281 2671 1465 ἀνεῖλε,
2634 760 2674 766 ἰ
2517 680 2777 719 ἰ

2706 2846 2773 2942 τὴν
2704 2546 2770 2811 βασιλείαν
2699 2456 2752 2510 δὲ
2700 2272 2751 2417 Οἰνεῖ
2697 1962 2761 2242 παρέδωκε.
2696 1765 2742 1892 lllius
2692 1593 2739 1738 verba
2692 1444 2738 1565 haec
2695 1281 2737 1416 sunt:

2787 2648 2852 2938 „Agrium
2789 2309 2847 2599 egentem
2798 2227 2829 2255 e
2794 2003 2843 2192 regno
2773 1704 2837 1950 expulit
2776 1503 2833 1648 atque
2769 1275 2816 1444 Oeneo
2782 708 2800 717 ι

2883 2850 2915 2938 avo
2882 2728 2914 2815 suo
2881 2493 2929 2694 regnum
2862 2232 2911 2457 restituit.
2860 1951 2920 2164 Postque
2855 1736 2917 1927 Agrius,
2866 1549 2914 1700 regno
2849 1277 2913 1522 expulsus,
2803 707 2890 717 l

2951 2831 3011 2939 ipse
2964 2743 2994 2797 se
2941 2416 2993 2711 interfecit.'⁷
2940 1946 3004 2345 Conspieiebatur
2936 1772 2997 1915 igitur
2932 1572 2994 1745 Agrius
2930 1503 2977 1551 in
2928 1275 2976 1477 eandem
2901 708 2926 715 ⁸

3029 2686 3077 2935 miseriam
3027 2418 3083 2661 detrusus,
3024 2344 3069 2390 in
3038 2224 3085 2316 qua
3025 2061 3066 2199 antea
3017 1873 3064 2037 fuerat
3015 1634 3068 1848 Oeneus,
3010 1454 3057 1607 fracto
3008 1273 3054 1428 animo

3110 2649 3168 2934 abiectoque
3111 2566 3152 2614 et
3104 2471 3150 2530 ad
3106 2229 3150 2435 mortem
3100 2103 3147 2193 sibi
3094 1762 3144 2068 inferendum
3095 1490 3154 1714 paratus,
3087 1272 3134 1438 admo-
3114 708 3143 715 ζ

3194 2786 3235 2931 nente
3187 2575 3245 2751 choro,
3188 2472 3229 2524 ut
3182 2180 3245 2423 patienter
3180 1991 3227 2146 ferret
3191 1810 3237 1932 quae
3176 1518 3236 1767 pateretur
3166 1271 3215 1485 meritis·
3184 708 3209 713 a

3268 2779 3314 2928 sima:
3215 707 3272 713 l

3342 2608 3409 2797 ἀνέχου
3340 2333 3405 2572 πάσχων·
3338 2154 3399 2297 δρῶν
3334 2023 3399 2122 γὰρ
3333 1792 3397 1986 ἔχαιρες
3329 1637 3391 1765 ***).
3277 707 3331 713 l

3427 2669 3475 2795 Ante
3423 2352 3485 2634 Euripidem
3418 2116 3465 2315 eandem
3414 1828 3462 2081 materiam
3410 1479 3457 1791 exornaverat
3403 1266 3450 1448 Phere-
3370 705 3497 735 1
3418 671 3450 676 t

3508 2776 3572 2925 cydes
3504 2542 3560 2742 LeriuS„
3502 2416 3564 2497 qui
3500 2115 3545 2371 vocabatur
3490 1739 3557 2071 γενεαλόγος,
3488 1640 3533 1692 id
3484 1463 3547 1592 quod
3481 1260 3530 1417 refert
3466 732 3535 736 ζ

3586 2761 3635 2924 Schol.
3581 2606 3643 2725 11.ξ,
3578 2302 3640 2567 120****).
3576 1920 3638 2235 Tragicorum
3587 1774 3619 1885 num
3567 1489 3630 1737 quisquam
3566 1259 3625 1453 praeter
3539 704 3615 735 Η

3665 2637 3729 2922 Euripidem
3662 2477 3710 2604 idem
3662 2108 3721 2443 argumentum
3651 1781 3708 2075 tractaverit,
3648 1486 3709 1749 ignoratur.
3640 1257 3688 1416 IIuius
3614 704 3759 741 ’a
3668 671 3673 673 ,

3761 2805 3793 2921 vero
3760 2648 3808 2769 opus
3747 2435 3805 2611 quanta
3738 2259 3786 2401 laude
3735 1992 3793 2223 floruerit,
3748 1861 3779 1955 non
3728 1673 3776 1827 solum
3740 1576 3773 1637 ex
3719 1257 3783 1543 Aristopha-
3741 754 3746 755 ,

3826 2844 3873 2918 nis
3823 2431 3877 2806 obtrectatione,
3818 2308 3866 2395 sed
3817 2126 3864 2271 etiam
3830 2036 3861 2096 ex
3824 1713 3859 2008 summorum
3810 1422 3861 1689 auctorum,
3799 1254 3846 1388 velut
3787 730 3861 734 ἶ

3867 730 3885 733 ι

3942 730 3959 733 2

4006 728 4048 733 ἰ

4105 729 4216 733 i

4011 2802 4064 2845 ⁴¹)
4010 2590 4064 2774 Fragm.
4007 2476 4048 2561 inc.
4019 2404 4045 2445 u.
4002 2307 4044 2374 13.
4017 2234 4055 2276 p,
3998 2107 4039 2202 435.
3996 1918 4038 2076 Matth.

4082 2806 4133 2869 **)
4081 2593 4133 2775 Fragm.
4076 2481 4117 2564 inc.
4074 2382 4114 2450 41.

4151 2808 4203 2895 ***)
4151 2596 4204 2777 Fragm.
4146 2484 4186 2564 inc.
4143 2356 4185 2450 102.
4143 2184 4195 2325 Vulgo
4136 1937 4190 2150 ἀνάσχου.

4221 2802 4274 2911 ****-)
4220 2701 4259 2768 Cf.
4218 2501 4258 2669 Welck.
4230 2428 4268 2471 p.
4213 2313 4255 2397 583
4226 2194 4264 2284 seq.
4208 1980 4251 2139 Matth.
4220 1907 4259 1950 p.
4202 1776 4244 1871 238.
