5010 3336
3028 3294 3059 3331 ³1⁷:

3094 3292 3140 3331 ad

1112 2142 1167 2262 379

1265 2975 1313 3033 ab
1265 2723 1313 2927 heroum
1276 2468 1326 2675 persona
1259 2225 1307 2433 alienum
1261 2016 1315 2177 esset,
1253 1711 1312 1967 tribuisse3
1251 1381 1317 1667 Euripidem

1344 2756 1403 3035 hominum,
1358 2566 1404 2707 quam
1342 2297 1398 2533 heroum,
1351 2103 1383 2262 mores
1334 1886 1381 2067 imitari
1334 1620 1381 1849 maluisse
1339 1536 1380 1585 et
1346 1377 1394 1489 pas-

1425 2942 1472 3032 sim
1411 2643 1487 2905 personas,
1421 2423 1482 2596 quibus
1420 2185 1465 2385 heroum
1415 1956 1460 2147 nomina
1414 1580 1475 1921 imposuisset,
1410 1375 1457 1535 humi-

1504 2921 1551 3032 liter
1501 2621 1562 2886 timideque
1505 2380 1561 2576 agentes
1495 2083 1554 2346 induxisse,
1493 1906 1538 2039 velut
1492 1580 1538 1870 Menelaum.
1490 1377 1537 1510 Idem

1598 3003 1628 3031 a
1580 2734 1642 2967 Dionysio
1584 2647 1625 2698 et
1579 2434 1641 2613 passim
1593 2373 1622 2398 a
1572 2012 1639 2337 grammaticis
1577 1762 1618 1975 notatum
1577 1624 1627 1723 est,
1585 1373 1631 1575 quorum

1660 2948 1708 3030 ille
1660 2865 1705 2914 in
1664 2742 1705 2836 vet.
1659 2546 1720 2713 script.
1672 2389 1704 2515 cens.
1672 2318 1702 2356 c.
1654 2227 1711 2285 ll,
1654 2119 1698 2194 11.
1651 1755 1714 2082 „SoplioeleS‚
1650 1556 1711 1721 inquit,
1650 1472 1694 1518 in
1648 1371 1694 1445 af-

1739 2816 1787 3029 fectibus
1738 2566 1793 2781 excellit,
1750 2335 1783 2530 servans
1748 1980 1796 2299 personarum
1730 1639 1791 1944 dignitatem:
1744 1498 1775 1601 nam
1728 1368 1774 1468 Eu-

1819 2844 1881 3028 ripides
1817 2613 1878 2809 quidem
1821 2430 1863 2577 totam
1815 2142 1861 2393 veritatem
1817 2058 1857 2105 et
1810 1755 1873 2023 praesentis
1809 1594 1854 1720 vitae
1822 1365 1854 1570 eonsue-

1898 2810 1945 3027 tudinem
1897 2558 1959 2773 probavit
1890 2237 1956 2521 (Εὐριπίδῃ
1889 2119 1953 2212 μὲν
1892 1958 1953 2093 γοῦν
1888 1867 1937 1924 τὸ
1886 1708 1937 1831 ὅλον
1884 1482 1950 1673 ἀληθὲς
1881 1361 1934 1449 καὶ

1972 2784 2039 3025 προςεχὲς
1976 2666 2042 2738 τῷ
1973 2525 2039 2621 βίῳ
1979 2408 2037 2478 τῷ
1976 2259 2022 2362 νῦν
1973 2018 2036 2226 ἤρεσενς
1971 1828 2032 1969 vulgo
1966 1500 2030 1789 Εὐριπίδης
1963 1361 2030 1455 μέν

2059 2975 2122 3023 γ’
2057 2882 2106 2947 οὐ
2054 2792 2105 2849 τὸ
2053 2631 2104 2755 ὅλον
2055 2448 2117 2599 κτλ),
2054 2285 2101 2413 unde
2053 2102 2100 2249 decor
2067 1959 2099 2067 eum
2058 1872 2097 1922 et
2050 1633 2113 1838 dignitas
2044 1516 2107 1597 (τὸ
2043 1361 2108 1482 πρέ-

2154 2916 2188 3022 πον
2133 2794 2186 2883 καὶ
2134 2522 2198 2762 κόσμιον)
2150 2339 2197 2486 saepe
2134 2012 2193 2302 effugerunt.
2131 1778 2193 1941 ltaque
2145 1652 2175 1742 non
2142 1361 2190 1626 generosos

2226 2971 2266 3020 et
2218 2597 2280 2925 magnanimos
2230 2227 2279 2547 personarum
2228 2016 2259 2177 mores
2210 1639 2273 1969 affectusque,
2207 1358 2270 1589 quemad-

2299 2820 2346 3019 modum
2296 2472 2360 2772 Sophocles‚
2294 2198 2351 2413 effinxit,
2292 2052 2339 2139 sed
2292 1964 2337 2003 si
2290 1801 2351 1917 quid
2294 1665 2335 1740 est
2286 1358 2345 1609 illiberale,

2378 2871 2427 3019 molle
2393 2782 2424 2837 ac
2383 2574 2432 2746 tenue,
2375 2309 2421 2526 studiose
2373 2207 2418 2263 ab
2388 2101 2418 2158 eo
2384 1768 2432 2053 expressum
2384 1613 2413 1725 esse
2367 1356 2413 1571 videas.”

2457 2852 2505 3018 Minus
2455 2573 2502 2817 subtiliter
2455 2460 2501 2540 liic
2456 2363 2501 2424 de
2454 2110 2499 2327 omuibus
2449 1828 2511 2048 iuripidis
2447 1573 2509 1790 personis
2446 1354 2492 1529 effatus

2540 2936 2583 3014 est
2534 2760 2597 2888 quod
2534 2653 2580 2714 de
2535 2438 2597 2606 paucis
2534 2224 2579 2389 dicere
2530 2022 2577 2179 licuit:
2544 1918 2575 1975 an
2527 1694 2573 1871 oblitus
2531 1543 2571 1646 erat
2524 1352 2587 1499 Poly-

2616 2824 2664 3015 xenae‘}
2615 2713 2660 2774 de
2614 2529 2659 2667 cuius
2628 2274 2675 2479 persona
2610 2088 2657 2237 schol.
2608 1993 2654 2051 ad
2623 1915 2652 1957 v.
2609 1768 2652 1875 339.
2606 1639 2651 1731 lioc
2604 1349 2652 1604 verissime

2695 2798 2742 3012 monuit:
2689 2517 2741 2750 ἐνταῦθα
2689 2228 2754 2480 ἐφύλαξεν
2684 1895 2751 2191 Εὐριπίδης
2683 1805 2734 1863 τὸ
2680 1540 2749 1770 ἡρωϊκὸν
2676 1351 2747 1509 ἦθος·

2772 2946 2823 3012 οὐ
2770 2813 2837 2912 γὰρ
2772 2502 2832 2777 ταπεινῶς,
2769 2326 2819 2454 ἀλλὰ
2768 2156 2832 2281 μετὰ
2764 1832 2830 2123 παῤῥησίας
2764 1690 2829 1785 τὴν
2762 1345 2827 1652 Πολυξένην

2850 2844 2917 3012 λέγειν
2852 2507 2917 2809 εἶςήνεγκεν.
2851 2243 2899 2426 Verum
2866 2112 2897 2204 non
2847 1757 2895 2061 heroicos
2861 1560 2891 1721 mores
2844 1346 2907 1523 appel-

2935 2908 2982 3011 lare
2935 2673 2993 2873 debuit,
2932 2553 2980 2637 sed
2930 1996 2994 2515 philosophicos.
2926 1843 2973 1923 Sic
2925 1675 2972 1804 enim
2940 1585 2971 1638 se
2940 1469 2971 1549 res
2924 1346 2969 1432 ha-

3015 2902 3062 3009 bet:
3014 2635 3062 2853 eruditos
3012 2364 3059 2589 homines
3026 2227 3074 2316 pro
3006 1845 3064 2192 bellatoribus,
3004 1480 3068 1799 philosophos
3018 1345 3065 1434 pro

3094 2761 3150 3010 heroibus,
3094 2458 3140 2724 mundanos
3106 2335 3152 2423 pro
3090 2110 3151 2298 graecis
3086 1827 3134 2079 substituit
3090 1630 3147 1790 poeta,
3084 1510 3144 1593 qui
3082 1342 3144 1483 longe

3179 2867 3231 3007 ante,
3189 2674 3234 2815 quam
3171 2366 3223 2624 Socrates,
3169 2235 3230 2315 qui
3168 2085 3213 2195 fons
3171 1988 3213 2039 et
3169 1794 3226 1940 caput
3162 1342 3225 1745 philosophorum

3253 2706 3316 3006 appellatur,
3249 2425 3297 2659 docendis
3246 1982 3293 2373 adolescentibus
3259 1751 3307 1948 operam
3243 1554 3300 1713 daret,
3241 1343 3304 1501 pbilo-

3333 2752 3396 3003 sophiam,
3335 2652 3375 2703 ut
3329 2550 3374 2617 ait
3327 2311 3383 2514 Cicero,
3326 2195 3373 2256 de
3325 2023 3371 2159 coelo
3323 1739 3370 1988 devocavit
3328 1655 3368 1704 et
3322 1575 3367 1622 in
3322 1341 3367 1540 urbibus

3412 2750 3460 3003 collocavit
3414 2666 3457 2716 et
3408 2586 3454 2634 in
3408 2380 3453 2549 domos
3404 2050 3462 2343 introduxit,
3404 1869 3450 2003 cuius
3402 1610 3461 1819 denique
3398 1342 3447 1563 carmini-

3492 2913 3539 3002 bus
3490 2725 3537 2876 multo
3488 2547 3534 2687 citius
3487 2246 3547 2509 latiusque,
3501 2068 3547 2209 quam
3480 1748 3529 2032 disserendo
3481 1535 3542 1713 potuit,
3477 1339 3540 1498 philo-

3570 2797 3633 3000 sophia,
3584 2621 3630 2743 quae
3568 2512 3614 2574 de
3567 2370 3612 2465 vita
3571 2283 3611 2331 et
3564 2004 3622 2247 moribus,
3562 1894 3607 1954 de
3561 1714 3607 1860 rebus
3559 1540 3607 1677 bonis
3556 1338 3603 1503 malis*

3666 2905 3713 3001 que
3648 2644 3712 2861 quaerit,
3646 2352 3706 2594 divulgata
3648 2216 3693 2307 est.
3642 2026 3688 2122 Sed
3641 1916 3687 1974 ad
3638 1555 3688 1868 Aristotelem
3636 1340 3686 1508 redeo.

3732 2815 3792 3000 Aperte
3729 2634 3792 2781 igitur
3728 2519 3774 2600 hic
3725 2264 3771 2491 meliores
3724 2153 3769 2227 vel
3719 1793 3777 2116 σπουδαίους
3734 1600 3765 1758 mores
3716 1339 3780 1562 proprios

3809 2721 3873 3001 tragoediae
3823 2575 3854 2685 esse
3807 2421 3853 2538 dixit
3822 2347 3850 2385 c.
3807 2262 3852 2309 2.
3802 2177 3865 2224 ἓ.
3806 2066 3862 2139 4.,
3803 1890 3849 2017 uude
3815 1705 3847 1844 veros
3804 1607 3845 1655 et
3796 1337 3857 1556 vulgares

3905 2903 3935 2998 non
3887 2660 3935 2856 eosdem
3887 2506 3933 2603 dici
3891 2230 3948 2446 apparet.
3881 1893 3943 2146 Quomodo
3886 1670 3926 1831 autem
3876 1338 3932 1611 differrent,

3968 2774 4029 2996 exemplo
3967 2498 4030 2739 pictorum
3964 2203 4027 2461 explicavit
3980 2129 4010 2169 c.
3965 2017 4009 2090 15.
3960 1932 4025 1981 ξ.
3964 1843 4008 1899 8:
3958 1535 4019 1805 „Quoniam
3961 1338 4002 1499 autem

4047 2791 4094 2997 imitatio
4050 2667 4093 2744 est
4046 2379 4107 2624 tragoedia
4042 1765 4106 2344 praestantiorum,
4038 1589 4084 1719 idem
4050 1447 4082 1535 nos
4034 1337 4081 1411 fa-

4142 2877 4173 2993 cere
4130 2620 4187 2842 oportet,
4124 2444 4186 2572 quod
4124 2300 4171 2409 boni
4123 2010 4183 2266 imaginum
4121 1733 4184 1965 pictores.
4115 1463 4164 1653 Etenim
4113 1337 4171 1427 illi,

4204 2731 4253 2994 reddentes
4205 2444 4267 2687 propriam
4204 2160 4265 2393 cuiusque
4201 1880 4261 2111 formam,
4213 1688 4261 1834 quum
4194 1457 4242 1642 similes
4207 1336 4239 1421 ex-

4285 2770 4342 2993 hibeant,
4287 2550 4331 2715 tamen
4283 2228 4345 2497 pulcriores
4282 1952 4346 2170 pingunt.
4278 1777 4327 1861 Sic
4275 1587 4326 1730 etiam
4276 1338 4336 1531 poetam
