5010 3336
3827 2058 3883 2181 314

3691 1276 3741 1566 redeuntem
3689 1615 3738 1680 de
3687 1731 3737 1981 laboribus
3684 2031 3734 2291 exantlatis
3668 2326 3733 2488 deque
3681 2523 3728 2671 sortis
3662 2705 3727 2957 iniquitate

3596 1274 3659 1526 conqueri.
3609 1594 3657 1706 Huc
3607 1739 3657 1906 refero
3589 1942 3654 2216 fragmenta
3603 2250 3654 2311 V.
3602 2348 3645 2399 et
3601 2435 3651 2529 Vl:

3515 1402 3581 1575 μα’την
3528 1610 3581 1667 δὲ
3512 1701 3578 1892 θνητοὶ
3513 1924 3581 2050 τοὺς
3512 2083 3573 2290 νόθους
3505 2324 3572 2583 φεύγουσ’
3502 2620 3567 2726 ἄρα

3438 1402 3500 1598 παῖδας
3432 1633 3496 1912 φυτεύειν·
3432 1949 3498 2008 ὃς
3426 2041 3494 2142 γὰρ
3441 2180 3493 2246 ἂν
3423 2280 3489 2503 χρηστὸς
3419 2536 3487 2667 φύῃ,

3367 1402 3419 1469 ού
3348 1501 3414 1719 τοῦνομ’
3361 1756 3414 1927 αὐτοῦ
3344 1961 3413 2058 τὴν
3344 2092 3410 2258 φύσιν
3340 2294 3409 2591 διαφθερεῖ.

3300 1400 3311 1460 σ-
3289 1596 3306 2452 ὴμ--ῌ--ῌ

3235 1635 3252 1645 9

3205 1399 3254 1506 νῦν
3203 1539 3256 1589 δ’
3187 1622 3251 1691 η’ν
3191 1725 3234 1802 τις
3199 1829 3251 1994 οἴκων
3196 2027 3247 2290 πλουσίαν
3178 2324 3248 2411 ἔχῃ
3177 2447 3244 2675 φάτνην,

3109 1397 3174 1608 πρῶτος
3105 1639 3173 1930 γέγραπται
3117 1962 3167 2069 τῶν
3112 2102 3164 2370 κακιόνων
3098 2404 3160 2612 κράτει·

3042 1398 3095 1463 τὰ
3042 1499 3093 1546 δ’
3025 1581 3092 1690 ἔργ’
3037 1725 3093 1925 ἐλάσσω
3019 1960 3085 2243 χρημάτων
3014 2276 3082 2573 νομίζομεν.

2963 1264 3014 1448 Postea
2945 1483 3004 1760 satyrorum
2956 1798 2999 1994 caterva
2952 2029 3002 2217 circum
2950 2241 2983 2353 eum
2932 2381 2993 2693 congregata,
2947 2731 2982 2842 cum
2948 2873 2999 2953 his

2881 1263 2931 1586 comissatur:

2789 1392 2851 1588 παίζω·
2780 1622 2849 1916 μεταβολὰς
2778 1948 2846 2053 γὰρ
2790 2086 2843 2273 πόνων
2788 2307 2841 2387 ἀεὶ
2773 2421 2839 2557 φιλῶ
2771 2583 2837 2649 =²²).

2721 1260 2771 1337 Eo
2704 1370 2767 1588 pertinet
2699 1620 2766 1798 fragm.
2714 1835 2764 1930 IX:

2651 1394 2660 1455 —-
2620 1524 2686 1731 σκύφος
2634 1762 2667 1817 τε
2617 1850 2682 2071 μακρός,

2559 1259 2608 1339 cui
2557 1373 2606 1559 addere
2555 1595 2604 1713 licet
2536 1749 2604 1921 fragm.
2548 1959 2597 2050 inc.
2548 2088 2597 2212 225:

2475 1390 2533 1547 οἶνον
2456 1580 2525 1933 α’ρκεσίγυιον.

2394 1387 2446 1590 Interim
2378 1639 2424 1790 quum
2388 1832 2438 1966 fama
2387 2013 2436 2078 de
2387 2123 2436 2286 reditu
2386 2334 2436 2569 Herculis
2383 2619 2432 2667 in
2381 2702 2431 2949 civitatem

2302 1255 2366 1446 perlata
2302 1481 2354 1640 esset,
2309 1677 2358 1857 missus
2307 1893 2350 1969 est
2292 2006 2355 2257 CopreuS,
2290 2305 2353 2387 qui
2304 2421 2352 2483 ad
2302 2518 2337 2695 novum
2299 2730 2350 2949 laborem

2222 1254 2284 1548 patrandum
2229 1585 2281 1855 Herculem
2209 1890 2274 2173 ablegaret,
2224 2222 2272 2353 unde
2224 2387 2256 2498 eum
2221 2535 2271 2721 salvum
2219 2757 2268 2947 reditu-

2157 1252 2190 1362 rum
2153 1399 2186 1511 esse
2149 1545 2200 1750 minime
2132 1783 2190 1957 posset
2130 1995 2192 2202 sperari.
2144 2271 2192 2491 Excusat
2126 2517 2174 2697 praeco
2138 2723 2188 2946 officium

2074 1253 2110 1429 suum:

1992 1386 2045 1575 πιστὸν
1976 1608 2042 1707 μὲν
1987 1743 2045 1843 οὖν
1970 1876 2038 1976 χρὴ
1985 2012 2035 2107 τὸν
1982 2143 2036 2401 διάκονον
1994 2465 2005 2532 ν-
1993 2598 2003 2661 -

1913 1384 1962 1524 εἰναι
1922 1656 1933 1722 -
1920 1854 1928 1921 »-
1919 2053 1925 2120 —-
1917 2255 1923 2319 —-
1916 2452 1924 2518 —-

1829 1380 1879 1631 τοιοῦτον
1827 1664 1883 1802 εἶναι
1826 1835 1878 1925 καὶ
1809 1960 1878 2162 στέγειν
1823 2195 1875 2258 τὰ
1822 2295 1874 2587 δεσποτῶν.

1751 1247 1802 1483 Herculis
1738 1520 1796 1683 verba,
1733 1722 1795 1898 quibus
1735 1934 1777 2045 res,
1744 2094 1792 2158 de
1728 2192 1775 2286 qua
1726 2319 1789 2511 agitur,
1724 2548 1785 2720 aperte
1724 2755 1788 2939 signifi-

1658 1247 1714 1399 catur,
1669 1434 1717 1559 haec
1666 1592 1717 1826 fuerunt:

1574 1377 1639 1598 πέμψεις
1585 1634 1637 1681 δ’
1576 1720 1637 1771 ἐς
1567 1808 1641 1946 ᾅδου
1572 1985 1633 2154 ζῶντα
1581 2187 1633 2290 κού
1565 2323 1631 2651 τεθνηκότα·

1506 1375 1557 1467 καί
1491 1501 1538 1594 μοι
1504 1628 1557 1686 τὸ
1488 1722 1556 1957 τέρθρον
1485 1990 1553 2173 δῆλον,
1502 2209 1552 2254 εί
1483 2287 1550 2635 πορεύσομαι,

1414 1244 1477 1421 quibus
1424 1458 1473 1587 adde
1407 1625 1473 1799 fragm.
1421 1835 1470 1908 X:
1421 1959 1472 1988 ό
1405 2025 1472 2319 οἰκήτωρ
1402 2364 1468 2813 Ταρτάρειος,
1415 2848 1469 2936 καὶ

1346 1244 1398 1333 διὰ
1329 1365 1393 1459 τῆς
1343 1493 1378 1538 ει
1326 1574 1392 1885 διφθόγγου
1323 1924 1391 2227 Εὐριπίδης
1338 2262 1389 2319 έν
1322 2347 1386 2632 Εὐρυσθεῖ
1320 2654 1381 2935 σατυρικῷ.

1247 1372 1312 1650 Antequam
1245 1688 1307 2033 proficiscatur
1246 2068 1306 2341 HerculeS,
1255 2387 1302 2682 confirmans
1254 2719 1302 2934 animum

1172 1241 1219 1401 suum,
1183 1438 1230 1501 de
1179 1536 1228 1766 universa
1177 1801 1226 1927 vitae
1175 1960 1224 2201 humanae
1174 2237 1224 2518 conditione
1158 2555 1223 2793 quaedam
1174 2833 1223 2933 dis-

1090 1241 1151 1380 serit,
1102 1416 1149 1549 velut
1097 1584 1148 1806 haecce:

1021 1372 1073 1473 ούκ
1019 1510 1076 1614 οἷδ’
1002 1652 1070 1755 ὅτῳ
1001 1790 1069 1889 χρὴ
1014 1926 1066 2115 κανόνι
1004 2147 1066 2240 τὰς
999 2274 1065 2484 βροτῶν
997 2518 1065 2679 τύχας

927 1371 993 1554 ὀρθῶς
920 1588 990 1885 ἀθρήσαντ’
934 1922 986 2118 εἰδέναι
932 2150 985 2210 τὸ
919 2246 985 2520 δραστέον.

860 1371 911 1429 ln
859 1463 909 1687 Taenaro
841 1723 900 2091 promontorio,
837 2140 900 2270 quod
852 2319 894 2424 erat
837 2457 901 2689 Mycenis
835 2725 900 2927 propin-

765 1239 815 1409 quum,
778 1442 826 1627 aditum
776 1662 824 1725 ad
771 1759 823 1943 inferos
754 1992 819 2215 patuisse
760 2264 822 2460 ferunt3
769 2506 820 2691 ibidem
768 2740 819 2927 Cerbe-

615 1294 671 1347 *)
612 1374 670 1560 Fragm.
624 1590 669 1675 inc.
622 1708 667 1805 170.
