5010 3336
3810 2059 3866 2182 290

3659 1287 3708 1432 tribui
3646 1468 3697 1614 posse
3666 1649 3715 1891 videntur.
3670 1961 3718 2026 Et
3672 2070 3719 2205 Pelei
3657 2252 3720 2449 quidem
3673 2494 3722 2710 fabulam
3672 2758 3720 2809 in
3670 2852 3718 2967 dra-

3570 1288 3622 1447 mate,
3568 1501 3632 1629 quod
3577 1666 3633 1796 dixi,
3588 1832 3636 2111 nominatim
3592 2149 3639 2278 ridet
3578 2313 3640 2689 Aristophanes.
3592 2758 3640 2835 Ex
3591 2871 3638 2967 Ae-

3484 1286 3531 1379 geo
3502 1429 3544 1591 autem
3489 1641 3555 1913 depromsit
3510 1958 3557 2074 illud
3510 2130 3567 2169 ὧ
3496 2215 3562 2593 θερμόβουλον
3495 2652 3561 2970 σπλάγχνον,

3404 1287 3466 1419 quod
3422 1468 3468 1513 in
3422 1565 3479 1606 ὦ
3410 1650 3476 2025 θερμόβουλον
3415 2060 3479 2305 πρωκτόν
3430 2340 3478 2561 mutavit.
3415 2632 3478 2804 Neque
3431 2839 3478 2969 enim

3339 1286 3385 1411 haec
3341 1448 3388 1509 de
3342 1545 3390 1725 Medea
3346 1761 3393 1892 dieta
3347 1927 3394 1974 in
3332 2010 3395 2261 Euripidis
3349 2300 3397 2477 sabulis
3334 2514 3389 2711 praeter
3333 2747 3397 2968 Aegeum

3258 1289 3300 1340 et
3260 1376 3308 1604 Medeam
3264 1643 3310 1801 locum
3265 1838 3312 2021 habere
3251 2058 3309 2351 potuerunt3
3254 2386 3316 2521 atqui
3269 2544 3315 2603 ab
3270 2630 3317 2724 hoc
3270 2752 3316 2971 dramate

3179 1288 3226 1370 illa
3180 1407 3227 1580 abesse
3166 1618 3225 1854 apparet:
3172 1891 3233 2177 relinquitur
3172 2212 3233 2382 igitur,
3189 2433 3228 2485 ut
3188 2520 3235 2567 in
3171 2603 3236 2771 Aegeo
3174 2807 3237 2970 posita

3098 1288 3146 1487 fuerint.
3088 1559 3150 1686 Quin
3103 1724 3150 1868 etiam
3091 1905 3153 2169 Euripides
3091 2206 3153 2311 ipse
3108 2348 3155 2405 ad
3090 2444 3153 2665 Aegeum
3109 2703 3155 2751 in
3111 2790 3158 2969 Medea

3003 1288 3067 1573 respexisse
3023 1607 3069 1828 videtur:
3024 1865 3067 2001 certe
3027 2036 3072 2160 enim
3026 2200 3073 2319 nihil
3027 2354 3073 2402 in
3027 2437 3073 2532 hoc
3027 2572 3073 2795 dramate
3029 2846 3078 2970 scri-

2921 1290 2985 1403 psit,
2924 1441 2988 1567 quod
2942 1606 2973 1699 non
2943 1738 2974 1846 cum
2945 1884 2991 2011 illius
2932 2038 2986 2323 argumento
2930 2352 2989 2676 congrueret:
2948 2713 2996 2843 unde
2949 2874 2996 2970 Ae-

2842 1288 2890 1434 geum
2859 1487 2907 1664 Medea
2847 1709 2909 1920 priorem
2865 1974 2913 2133 fuisse
2866 2180 2912 2307 haud
2866 2355 2913 2531 iniuria
2853 2569 2914 2785 colligas.
2868 2876 2916 2969 His

2778 1289 2826 1480 accedit
2780 1526 2827 1719 tertium
2768 1767 2825 2131 argumentum,
2768 2183 2827 2391 propter
2770 2440 2832 2570 quod
2770 2612 2833 2832 Aegeum
2788 2882 2819 2971 nu-

2699 1290 2731 1426 mero
2685 1462 2748 1911 antiquissimorum
2688 1950 2753 2199 Euripidis
2706 2236 2752 2511 dramatum
2706 2550 2754 2702 fuisse
2691 2728 2754 2970 suspicor.

2618 1290 2666 1525 Finxerat
2620 1561 2667 1686 enim
2604 1725 2663 1900 poeta,
2623 1940 2669 1980 si
2623 2017 2672 2272 Plutarchi
2626 2306 2673 2468 verbis
2626 2506 2673 2827 imitationem
2627 2866 2673 2972 Eu·-

2523 1289 2585 1460 ripidis
2539 1496 2585 1659 inesse
2539 1694 2581 1833 recte
2532 1869 2589 2105 coniicio,
2544 2154 2591 2406 Theseum
2530 2455 2592 2608 gloria
2546 2646 2594 2875 Herculis
2547 2911 2595 2972 ad

2459 1291 2505 1505 studium
2459 1552 2506 1745 virtutis
2460 1794 2502 2044 erectum:
2463 2102 2510 2231 unde
2464 2288 2512 2642 Themistoclis
2449 2690 2514 2971 exemplum

2378 1290 2424 1405 talia
2365 1441 2425 1641 fingenti
2379 1679 2420 1789 ante
2380 1826 2427 1992 oculos
2381 2028 2423 2273 versatum
2372 2312 2414 2440 esse,
2368 2477 2431 2560 qui
2385 2594 2432 2832 Miltiadis
2386 2868 2429 2973 tro-

2281 1291 2329 1414 paeo
2299 1450 2329 1477 e
2299 1514 2329 1685 somno
2289 1722 2346 2035 excitaretur,
2287 2071 2333 2229 neque
2303 2264 2349 2415 multo
2287 2451 2346 2565 post
2303 2601 2350 2689 viri
2287 2717 2352 2972 gloriosis-

2217 1290 2264 1397 simi
2217 1434 2264 1617 obitum
2218 1654 2264 1747 hoc
2219 1785 2266 1953 drama
2205 1990 2268 2229 scriptum
2222 2268 2254 2380 esse
2222 2417 2268 2667 coniicias.

2123 1422 2185 1661 Quartum
2123 1678 2184 1890 denique
2140 1905 2187 2070 drama
2127 2101 2188 2365 satyricum
2126 2383 2189 2715 Eurystheum
2129 2743 2192 2970 adiungo.

1806 1833 1860 1896 A.
1808 2001 1863 2427 Peleus.

1667 1421 1715 1474 ln
1652 1510 1716 1681 primis
1667 1719 1716 1966 celebrem
1670 2003 1717 2130 hanc
1656 2166 1718 2468 tragoediam
1671 2506 1721 2659 fuisse
1673 2714 1705 2774 ex
1672 2811 1721 2970 Hora-

1587 1289 1634 1342 tii
1588 1394 1635 1860 commemoratione
1574 1895 1637 2342 Aristophanisque
1574 2379 1638 2727 depravatione
1577 2763 1639 2971 quadam

1491 1288 1555 1618 intelligimus
1493 1688 1555 1983 Fragmenta
1510 2019 1549 2180 tamen
1494 2218 1557 2507 paucissima
1512 2544 1554 2801 servantur
1513 2835 1555 2971 etex

1412 1288 1474 1462 quibus
1412 1511 1475 1633 ipsis
1429 1683 1476 1801 nihil
1429 1845 1476 1907 de
1429 1943 1470 2188 structura
1430 2224 1476 2328 eius
1414 2366 1477 2597 cognosci
1415 2634 1479 2804 possit.
1432 2872 1480 2969 Fe-

1348 1286 1395 1370 lici
1347 1404 1390 1568 autem
1347 1607 1379 1723 casu
1339 1758 1397 1965 accidit,
1350 2014 1390 2067 ut
1350 2111 1396 2242 illam
1335 2291 1398 2461 Dictys
1351 2500 1398 2754 Cretensis
1340 2791 1401 2902 (Vl,
1352 2939 1395 2969 7

1252 1286 1311 1453 seqq.)
1267 1480 1315 1698 imitatus
1255 1725 1314 1804 sit,
1268 1836 1314 1974 cuius
1258 2002 1316 2281 narrationi,
1254 2309 1316 2527 exceptis
1271 2554 1318 2738 levibus
1256 2767 1318 2968 quibus-

1189 1287 1236 1398 dam
1179 1426 1235 1796 additamentis,
1172 1822 1234 1934 quin
1173 1967 1235 2127 ipsum
1189 2156 1238 2388 dramatis
1175 2415 1238 2669 Euripidei
1177 2709 1223 2969 argumen-

1109 1287 1150 1389 tum
1097 1414 1155 1547 insit,
1108 1584 1139 1677 non
1108 1709 1154 1819 sinit
1108 1846 1154 2071 dubitare
1108 2104 1149 2274 natura
1109 2311 1156 2429 eius.
1097 2500 1158 2829 Quamobrem
1111 2868 1153 2967 sta-

1029 1285 1077 1372 tim
1030 1407 1076 1596 initium
1029 1628 1075 1756 illius
1028 1787 1058 1895 cum
1028 1927 1074 2193 lectoribus
1028 2223 1077 2618 communicabo:
1020 2656 1079 2816 „Dum
1030 2844 1077 2968 haec

933 1284 997 1414 apud
949 1452 996 1666 Ithacam
933 1703 990 1939 aguntur.
932 1979 995 2336 Neoptolemus
933 2373 996 2502 apud
952 2538 998 2784 Molossos
950 2821 983 2967 naves

855 1283 911 1538 quassatas
852 1576 913 1953 tempestatibus
857 1989 915 2178 reiicit,
854 2216 911 2362 atque
858 2396 917 2540 inde,
854 2586 911 2845 postquam
870 2884 901 2967 co-

774 1281 836 1483 gnitum,
790 1520 835 1578 ab
788 1616 835 1795 Acasto
772 1832 836 2089 expulsum
772 2127 820 2280 regno
778 2318 836 2489 Pelea,
789 2539 837 2693 ultum
790 2731 836 2801 ire
790 2838 837 2966 iniu-

710 1281 758 1380 rias
710 1427 755 1501 avi
693 1551 756 1771 cupiens,
691 1809 753 1967 primo
692 2004 755 2313 exploratum
708 2350 755 2474 duos
693 2512 739 2656 quam
710 2693 757 2964 fidissimos

631 1282 673 1332 et
612 1365 679 1640 incognitos
629 1676 676 1772 illis
618 1810 675 1962 locis,
612 2016 676 2347 Chrysippum
627 2385 670 2435 et
627 2470 675 2671 Aratum
620 2693 641 2706 ,
628 2744 678 2962 Thessa-
