5010 3336
1037 678 1260 687 .<-.-.ο..Α«ι.-ι

698 677 909 686 ,κ-ᾹκνῆῘ-...γ
930 675 975 698 Γπ.
999 681 1030 685 7--

3843 2112 3897 2232 442

3707 1337 3756 1583 Plutarch.
3707 1629 3757 1809 Lacon.
3690 1854 3754 2089 apophth.
3689 2137 3735 2185 p.
3698 2242 3748 2352 142.
3682 2436 3746 2690 Eundem,
3677 2749 3724 2898 quum
3688 2943 3735 3003 ab

3628 1338 3677 1711 Atheniensium
3627 1747 3674 1941 theatro
3607 1979 3671 2352 exploderetur,
3613 2400 3664 2739 confirmatum
3611 2786 3643 2896 esse
3608 2944 3656 3004 ab

3532 1335 3596 1570 Euripide
3536 1618 3594 1777 aiunt,
3544 1826 3593 2117 ostendente
3541 2162 3588 2299 brevi
3522 2352 3583 2573 tempore
3534 2628 3565 2681 se
3532 2716 3581 2763 in
3529 2799 3580 3003 theatris

3453 1334 3511 1645 regnaturum
3453 1693 3515 1963 (Plutarch.
3464 2014 3495 2072 an
3462 2122 3508 2224 seni
3461 2275 3508 2339 sit
3443 2386 3490 2485 ger.
3440 2522 3488 2652 resp.
3438 2688 3484 2735 p.
3451 2772 3498 2884 385.
3447 2922 3496 3001 ed.

3373 1332 3437 1484 Bas).
3388 1553 3436 1628 Ab
3388 1665 3436 1759 hoc
3372 1794 3435 1943 igitur
3370 1978 3432 2111 viro,
3382 2161 3428 2276 artis
3378 2316 3426 2532 musicae
3374 2576 3422 2675 sive
3358 2723 3419 3003 perfectore

3309 1331 3357 1434 sive
3293 1469 3352 1785 corruptore,
3293 1836 3339 1983 quum
3302 2020 3345 2184 nostro
3286 2219 3332 2308 per
3298 2342 3342 2497 totum
3279 2535 3340 2754 tempus,
3276 2809 3323 2905 quo
3290 2953 3337 3001 in

3228 1329 3276 1536 theatris
3216 1573 3276 1750 floruit,
3223 1786 3276 2091 familiariter
3221 2126 3254 2242 usus
3220 2281 3251 2391 esse
3215 2434 3265 2657 videatur
3197 2692 3261 3002 eundemque

3150 1326 3197 1374 in
3149 1420 3197 1759 Macedoniam
3144 1806 3194 2128 decedentem
3141 2178 3181 2373 secutus
3126 2419 3184 2510 sit,
3133 2563 3184 2834 fabularum
3131 2869 3179 2999 illius

3070 1325 3117 1401 vel
3069 1450 3115 1663 omnium
3068 1712 3115 1787 vel
3066 1830 3106 1965 certe
3050 2013 3111 2329 plurimarum
3058 2363 3105 2535 modos
3054 2572 3102 2731 factos
3051 2766 3084 2878 esse
3050 2915 3082 2997 su-

2974 1324 3038 1505 spicari
2988 1543 3036 1670 licet.
2988 1739 3036 1898 Huius
2972 1934 3033 2084 igitur
2974 2115 3030 2282 tibiae,
2965 2320 3011 2438 quas
2976 2462 3024 2611 barba
2959 2640 3019 2828 prolixa
2955 2853 3002 2996 prae-

2910 1321 2957 1451 ditus
2909 1487 2957 1658 inflare
2907 1713 2956 1904 solebat
2891 1941 2954 2143 (Athen.
2902 2181 2950 2305 XIII.
2885 2344 2930 2388 p.
2898 2427 2943 2535 565.
2880 2574 2942 2673 A.)‚
2881 2712 2924 2841 „non
2890 2878 2936 2994 sim-

2814 1318 2878 1475 plices
2814 1511 2873 1786 tenuesque
2826 1836 2876 2074 foramine
2809 2106 2855 2260 pauco
2804 2297 2867 2611 adspirabant
2799 2659 2861 2851 choris,
2809 2906 2856 2994 sed

2750 1317 2797 1565 orichalco
2739 1601 2795 1815 iunctae,
2729 1853 2792 2177 tubarumque
2726 2213 2788 2451 aemulae,
2735 2487 2784 2604 flatu
2731 2640 2779 2813 sedilia
2729 2849 2777 2993 nimis

2655 1316 2718 1473 spissa
2653 1509 2717 1871 complebant.”

2590 1445 2638 1636 Novum
2588 1686 2630 1849 autem
2587 1897 2634 2016 illud
2582 2063 2632 2280 musicae
2564 2327 2611 2507 genus,
2574 2574 2622 2710 cuius
2569 2761 2613 2990 auctores

2510 1311 2559 1511 fuerunt
2508 1546 2558 1843 Philoxenus
2493 1893 2550 2037 atque
2488 2074 2554 2393 Timotheus,
2483 2449 2530 2651 regnare
2493 2700 2540 2749 in
2490 2784 2539 2990 theatris

2415 1311 2464 1560 nunquam
2418 1615 2478 1788 desiit3
2412 1837 2474 2079 antiquius
2412 2123 2471 2276 illud,
2405 2325 2450 2418 quo
2414 2469 2455 2606 erant
2410 2653 2461 2891 PIndarus
2409 2939 2452 2991 et

2350 1312 2400 1589 Simonides
2341 1626 2397 1720 usi,
2349 1760 2395 1875 solis
2329 1912 2393 2107 templis
2326 2145 2383 2310 aptum
2338 2349 2370 2460 esse
2321 2494 2382 2784 videbatur,
2331 2822 2373 2873 et
2330 2908 2362 2987 ra—

2270 1311 2319 1507 rissime
2268 1537 2317 1758 inventus
2268 1796 2309 1871 est
2251 1906 2312 2153 musicus,
2247 2207 2307 2288 qui
2259 2336 2306 2384 in
2256 2435 2288 2494 eo
2253 2541 2300 2687 vellet
2248 2732 2299 2988 elaborare

2176 1308 2239 1461 (Plut.
2188 1499 2222 1540 c.
2188 1577 2235 1657 2⁷.
2189 1696 2231 1747 et
2174 1783 2233 1905 31.).

2109 1437 2159 1631 Mutato
2108 1666 2156 1861 nomine
2107 1897 2154 1958 de
2103 1994 2152 2218 omnibus
2098 2255 2146 2468 omnium
2092 2511 2140 2832 eruditiorum
2074 2866 2120 2984 gen-

2032 1305 2079 1430 tium
2031 1478 2077 1681 musicis
2029 1729 2076 1852 haec
2027 1898 2074 2066 sabula
2023 2112 2068 2296 narrari
2018 2340 2067 2552 videtur.
2013 2617 2061 2804 Natura
2008 2852 2056 2981 enim

1936 1304 1999 1411 ipsa
1951 1438 1998 1562 duce
1951 1592 1998 1717 hanc
1950 1745 1997 1869 viam
1944 1897 1997 2197 Philoxenus
1942 2226 1974 2281 ac
1938 2300 1990 2593 Timotheus
1919 2619 1983 2829 ingressi
1916 2850 1971 2980 sunt,

1861 1302 1915 1380 ut,
1857 1417 1903 1565 quum
1856 1602 1918 1880 superiores
1868 1923 1916 1972 in
1865 2018 1912 2259 variandis
1859 2304 1905 2519 numeris
1853 2568 1901 2779 maxime
1849 2814 1898 2980 elabo-

1781 1300 1835 1512 rassent,
1776 1551 1839 1644 ipsi
1793 1680 1839 1740 ad
1789 1776 1837 2033 modorum
1783 2069 1832 2349 varietatem
1763 2392 1825 2661 augendam
1755 2698 1816 2979 perpolien-

1698 1300 1760 1511 damque
1712 1548 1744 1604 se
1707 1641 1753 1997 converterent.
1706 2068 1754 2179 Hoc
1703 2216 1750 2343 enim
1699 2395 1747 2523 inter
1694 2558 1738 2777 veterem
1690 2813 1732 2864 et
1688 2898 1720 2977 re-

1633 1300 1681 1570 centiorem
1632 1605 1676 1762 artem
1615 1799 1678 2062 intererat,
1611 2110 1671 2239 quod
1622 2288 1669 2368 illa
1616 2402 1651 2631 numeros
1614 2668 1657 2718 et
1596 2751 1658 2978 pulsandi

1538 1300 1600 1629 proprietates
1536 1665 1598 1951 variaverat,
1546 1989 1594 2112 haec
1543 2145 1590 2304 modis
1521 2333 1589 2699 harmoniisque
1528 2732 1578 2974 variandis

1457 1298 1505 1502 operam
1473 1538 1520 1683 dabat
1457 1717 1522 1783 ³⁴²).
1456 1854 1517 2182 Quamobrem
1464 2215 1496 2302 nos
1447 2341 1508 2539 quidem
1450 2558 1502 2838 omittamus
1449 2862 1498 2972 Pla—

1394 1296 1437 1461 tonem
1393 1498 1425 1608 cum
1375 1644 1437 1896 republica
1372 1946 1434 2229 imaginaria
1381 2276 1423 2327 et
1363 2372 1427 2647 quicunque
1372 2692 1421 2839 huius
1370 2890 1402 2971 so-

1314 1295 1361 1421 mnia
1297 1437 1361 1720 impensius,
1295 1751 1341 1893 quam
1305 1921 1353 2175 veritatem
1303 2202 1345 2253 et
1296 2276 1350 2650 Atheniensium
1277 2676 1339 2843 populi
1291 2868 1338 2969 sin-

1233 1297 1281 1605 cerissimum
1216 1640 1280 1904 iudicium,
1225 1951 1274 2180 admirati
1210 2217 1264 2355 sunt;
1206 2406 1267 2713 ignoscamus
1198 2751 1258 2969 querelis

1143 1295 1187 1483 eorum,
1138 1521 1201 1617 qui,
1148 1654 1199 1911 utilitatem
1129 1936 1193 2090 magis
1129 2123 1175 2266 quam
1135 2292 1189 2667 delectationem
1132 2698 1181 2745 in
1130 2780 1178 2966 musica

956 1348 1010 1395 >k)
968 1428 1010 1544 Plut.
969 1587 995 1625 c.
966 1665 1009 1743 21:
949 1776 1005 1832 τῇ
946 1872 1005 1955 γὰρ
943 1996 999 2098 περὶ
947 2145 999 2226 τὰς
938 2268 996 2574 ῥυθμοποιίας
933 2602 990 2805 ποικιλία
930 2848 990 2963 οὔσῃ

882 1429 940 1730 ποικιλωτέρᾳ
878 1748 937 1993 ἐχρήσαντο
887 2011 929 2054 οἱ
884 2069 925 2257 παλαιοί
902 2273 911 2282 ·
870 2313 926 2473 ἐτίμων
870 2488 921 2601 γοῦν
866 2616 924 2702 τὴν
862 2732 920 2965 ῥυθμικὴν

826 1427 869 1657 ποικιλίαν
824 1686 866 1763 καὶ
821 1792 865 1849 τὰ
803 1879 861 1983 περὶ
809 2008 860 2087 τὰς
799 2129 855 2435 κρουματικὰς
811 2474 854 2524 δὲ
798 2554 851 2816 διαλέκτους
804 2858 850 2961 τότε

742 1429 802 1731 ποικιλώτερα
740 1770 801 1850 ἦν·
748 1894 790 1938 οὶ
734 1974 790 2056 μὲν
730 2086 790 2172 γὰρ
742 2217 784 2299 νῦν
728 2343 780 2641 φιλομαθεῖς,
736 2684 780 2728 οἱ
734 2766 778 2816 δὲ
733 2855 781 2961 τότε

670 1426 730 1749 φιλόῤῥυθμοι.
