5010 3336
1148 2055 1205 2169 221

1308 2717 1354 2936 mortuae
1296 2285 1362 2669 componendum
1294 1993 1349 2236 aufertur3
1290 1770 1338 1947 chorus
1285 1558 1335 1721 statim
1284 1288 1331 1506 naeniam

1384 2716 1431 2935 orditur:
1396 2653 1427 2681 ο
1380 2456 1426 2618 Peliae
1376 2297 1433 2421 filia,
1372 2145 1418 2249 vale
1372 2062 1417 2111 in
1370 1899 1416 2027 Orco
1368 1669 1414 1862 domum
1364 1283 1412 1635 tenebricosam

1464 2698 1510 2934 habItanS.
1457 2554 1503 2629 Te
1457 2389 1516 2529 longe
1452 2132 1514 2359 optimam
1449 1874 1495 2103 seminam
1447 1652 1493 1844 Charon
1460 1540 1507 1626 per
1443 1282 1506 1511 paludem

1538 2588 1589 2933 Acherontiam
1533 2393 1590 2553 vexit3
1536 2216 1576 2344 tuam
1527 1976 1574 2166 laudem
1525 1648 1572 1937 carminibus
1529 1439 1585 1612 poetae
1520 1281 1566 1409 cele-

1619 2698 1670 2935 brabunt,
1612 2252 1675 2637 quotiescunque
1622 2060 1654 2204 verno
1611 1790 1666 2011 tempore
1602 1453 1648 1745 Carneorum
1600 1278 1647 1406 festa

1696 2692 1743 2935 redibunt.
1692 2425 1739 2622 Utinam
1703 2202 1751 2397 possem
1692 2116 1733 2167 te
1700 2023 1732 2081 ex
1683 1858 1731 1987 Orco
1683 1772 1728 1821 in
1682 1580 1727 1737 lucem
1676 1283 1727 1546 reducere!

1773 2854 1821 2934 Tu
1774 2690 1821 2819 enim
1772 2537 1828 2653 sola,
1785 2471 1816 2498 o
1767 2189 1815 2434 carissima
1764 1956 1821 2154 mulier,
1761 1703 1823 1918 coniugis
1760 1524 1805 1673 vitam
1763 1278 1804 1489 mortem

1853 2709 1900 2933 obeundo
1849 2420 1898 2665 redimere
1844 2081 1893 2372 sustinuisti.
1842 1925 1889 2000 Sit
1841 1789 1889 1878 tibi
1846 1605 1886 1735 terra
1832 1415 1884 1558 levis!
1835 1276 1882 1329 Si

1948 2754 1979 2932 novum
1928 2344 1976 2703 matrimonium
1924 2123 1971 2294 coniux
1920 1793 1979 2071 contrahat,
1918 1429 1965 1743 vehementer
1914 1278 1961 1395 mihi

2011 2669 2072 2932 liberisque
2009 2546 2055 2643 tuis
2006 2344 2054 2520 invisus
2003 2154 2051 2319 fuerit.
2000 1752 2048 2106 Recusantibus
1999 1595 2045 1719 enim
1995 1277 2059 1558 parentibus

2106 2773 2154 2931 neque
2103 2557 2136 2749 servare
2086 2359 2142 2531 filium,
2098 2180 2145 2322 quem
2084 1835 2145 2146 pepererunt,
2078 1491 2134 1786 volentibus,
2090 1276 2137 1443 quam-

2172 2862 2218 2932 vis
2172 2660 2217 2826 essent
2170 2468 2214 2627 aetate
2162 2190 2228 2434 provecti,
2164 2090 2207 2142 tu
2161 1988 2207 2038 in
2160 1832 2223 1939 ipso
2158 1674 2204 1796 flore
2154 1380 2202 1640 iuventutis
2152 1276 2198 1346 vi-

2253 2831 2297 2931 tam
2264 2707 2312 2797 pro
2245 2499 2293 2673 marito
2241 2186 2306 2464 profudisti.
2237 1948 2287 2118 Talem
2238 1794 2285 1912 mihi
2250 1565 2284 1765 uxorem
2248 1429 2281 1539 esse
2235 1274 2295 1404 opt0,

2344 2804 2391 2928 quae
2342 2663 2374 2769 rara
2331 2552 2373 2628 est
2322 2284 2382 2521 felicitas,
2324 2185 2367 2235 et
2334 1942 2366 2141 vacuam
2316 1738 2364 1906 dolore
2329 1514 2361 1705 mecum
2316 1274 2359 1477 aetatem

2408 2716 2470 2929 exigere.

2484 2625 2532 2796 Tertio
2488 2481 2530 2590 actu
2479 2206 2528 2445 Hercules
2478 2000 2542 2159 prodit
2475 1692 2539 1956 hospitium
2471 1460 2521 1653 Admeti
2484 1273 2532 1426 quae-

2581 2799 2622 2929 rens,
2579 2652 2611 2762 cum
2562 2490 2608 2617 forte
2561 2407 2606 2452 in
2558 2125 2605 2382 Thraciam
2557 1754 2619 2095 proficiscatur
2552 1667 2599 1725 ad
2567 1492 2613 1642 equos
2550 1270 2596 1467 Diome-

2645 2854 2692 2927 dis
2639 2495 2690 2820 abducendos.
2637 1962 2686 2429 Praestantissimam
2635 1783 2681 1926 huius
2646 1491 2695 1748 personam
2626 1268 2676 1461 effinxit

2726 2780 2786 2927 poeta
2725 2697 2768 2746 et
2718 2164 2766 2664 convenientissimam
2715 2070 2762 2129 iis
2752 2036 2774 2049 ,
2730 1858 2775 1980 quae
2714 1761 2759 1822 de
2710 1639 2757 1727 viri
2709 1459 2756 1603 rebus
2706 1270 2771 1423 gestis

2800 2663 2849 2927 memoriae
2798 2416 2845 2618 tradidit
2796 2100 2857 2373 antiquitas,
2792 1907 2839 2021 Pari
2792 1736 2839 1861 enim
2789 1545 2835 1687 animi
2787 1268 2849 1509 aequitate

2885 2874 2928 2926 et
2880 2700 2927 2840 laetis
2877 2468 2936 2646 reb11S,
2876 2292 2923 2423 forte
2874 2040 2934 2246 oblatis,
2872 1805 2919 1990 fruitur
2873 1706 2916 1756 et
2884 1549 2916 1657 cum
2866 1270 2924 1501 adversis,

2959 2650 3020 2927 ubicunque
2956 2347 3009 2605 accidunt,
2954 1969 3001 2295 conflictatur.
2951 1734 3011 1905 Neque
2947 1471 2994 1688 laborem
2945 1269 3003 1435 ullum,

3039 2711 3102 2928 quamvis
3035 2330 3101 2676 periculosum,
3033 2028 3091 2294 detrectat,
3046 1834 3093 1991 neque
3028 1473 3090 1800 voluptatem,
3040 1268 3086 1437 quam-

3119 2856 3165 2927 vis
3117 2583 3172 2822 blandam,
3115 2294 3178 2549 repudiat:
3112 2027 3176 2247 superior
3110 1866 3158 1991 enim
3112 1623 3169 1831 utroque
3110 1471 3164 1575 est,
3119 1264 3165 1423 neque

3197 2728 3244 2924 dolores
3200 2390 3255 2694 mortemque
3194 2200 3250 2357 timet⁷
3206 1997 3252 2154 neque
3193 1822 3252 1964 paret
3186 1580 3244 1787 libidini,
3184 1460 3231 1545 sed
3184 1266 3246 1422 impe-

3281 2835 3323 2926 rat.
3274 2584 3321 2767 Futura
3272 2483 3320 2550 nil
3277 2287 3329 2447 curat,
3286 2092 3332 2250 neque
3275 1925 3316 2055 metu
3266 1652 3314 1891 malorum
3264 1266 3312 1617 imminentium

3353 2598 3418 2926 perturbatur,
3368 2405 3413 2562 neque
3350 2141 3413 2367 cupidine
3349 1935 3411 2106 gestit,
3362 1743 3407 1900 neque
3344 1408 3407 1707 voluptatum
3341 1265 3387 1373 ille-

3434 2764 3481 2924 cebris
3432 2472 3479 2718 delinitur.
3430 2270 3475 2401 Idem
3443 2067 3489 2225 neque
3426 1723 3474 2030 successibus
3423 1374 3483 1686 victoriisque
3419 1263 3465 1337 ef-

3513 2735 3571 2923 fertur,
3527 2542 3572 2699 neque
3510 2246 3567 2507 malorum,
3522 2067 3568 2189 quae
3520 1770 3568 2033 perpessus
3508 1632 3559 1731 est,
3501 1409 3547 1579 dolore
3515 1262 3545 1373 cru-

3593 2750 3642 2923 ciatur.
3590 2526 3636 2682 Totus
3588 2312 3649 2489 ubique
3591 2199 3633 2275 est
3586 2118 3631 2165 in
3600 1920 3632 2083 rerum
3582 1558 3646 1886 praesentium
3596 1405 3637 1523 usu,
3577 1262 3624 1369 nnl-

3673 2862 3719 2922 lis
3672 2582 3718 2825 distentus
3668 2387 3724 2545 curis,
3667 2195 3712 2337 nullis
3663 1980 3711 2146 alienis
3662 1576 3724 1942 cogitationibus
3660 1263 3706 1538 distractus.

3750 2837 3799 2921 Sic
3766 2661 3813 2785 quae
3763 2415 3811 2609 quoque
3752 2144 3806 2368 tempore
3742 1926 3806 2109 agenda
3746 1782 3788 1890 sunt
3740 1474 3788 1748 rectissime
3752 1263 3800 1438 cogno—

3831 2812 3887 2921 scit,
3845 2618 3892 2777 neque
3842 2357 3890 2585 unquam,
3826 2193 3871 2320 sicut
3823 2099 3882 2159 ii,
3822 1971 3883 2053 qui
3837 1740 3868 1934 suarum
3836 1541 3867 1704 rerum
3821 1263 3881 1502 satagunt,

3914 2836 3956 2919 aut
3909 2533 3956 2801 amicorum
3906 2321 3954 2497 officiis
3907 2200 3950 2284 aut
3902 1879 3963 2166 populorum
3900 1699 3947 1841 saluti
3904 1595 3945 1677 aut
3898 1374 3962 1566 generis
3897 1263 3942 1350 hu-

3988 2790 4035 2918 mani
3987 2490 4034 2755 commodis
3986 2297 4032 2452 deest.
3982 2151 4027 2227 En
3981 1798 4027 2103 verissimum
3978 1462 4025 1763 fortitudinis
3990 1262 4022 1426 exem-

4067 2790 4129 2919 plar,
4083 2701 4113 2758 en
4066 2355 4113 2678 rectissimam
4060 1945 4125 2334 perturbationes
4057 1538 4106 1917 animivinccndi
4056 1264 4102 1512 rationem.

4145 2824 4191 2918 Hic
4150 2561 4208 2789 quantum
4145 2374 4191 2525 distat
4159 2315 4187 2340 a
4140 2109 4187 2278 timido
4139 1991 4185 2073 illo
4139 1716 4185 1955 Prodiceo
4136 1443 4191 1674 Hercule,
4148 1263 4193 1406 quem

4224 2684 4271 2919 victorem
4224 2543 4271 2650 sore
4228 2458 4269 2506 et
4227 2184 4269 2422 terrarum
4218 1938 4265 2149 omnium
4224 1849 4265 1899 et
4218 1618 4265 1816 marium
4221 1531 4263 1580 et
4213 1394 4259 1508 Orci
4217 1263 4257 1358 ter-
