5010 3336
1045 2114 1102 2229 153

1209 2886 1256 2992 ban.
1208 2798 1251 2848 et
1199 2463 1266 2753 Borghes.),
1194 2244 1257 2416 quibus
1190 1970 1237 2191 omnibus
1187 1830 1234 1937 fere
1185 1599 1233 1795 eaedem
1180 1350 1229 1564 actiones

1285 2687 1333 2990 exhibentur.
1279 2406 1325 2618 Primum
1273 2246 1321 2371 enim
1269 1961 1328 2211 Meleager
1266 1607 1327 1926 conspicitur,
1259 1344 1307 1561 adstante

1380 2898 1411 2990 una
1362 2702 1419 2863 Furia,
1356 2380 1405 2666 Thestiadas
1348 2023 1399 2345 interficiens,
1360 1774 1406 1975 quorum
1345 1619 1390 1737 alter
1342 1495 1387 1586 iam
1354 1343 1402 1458 pro—

1448 2808 1490 2986 stratus
1445 2702 1498 2791 est,
1437 2589 1484 2673 sed
1430 2262 1481 2562 nihilominus
1426 2036 1475 2231 exuvias
1424 1817 1478 2009 retinet,
1422 1669 1467 1790 alter
1419 1341 1467 1653 cummaxime

1521 2655 1569 2987 transfoditur.
1512 2405 1560 2586 Deinde
1508 2168 1556 2370 Althaea
1504 1849 1559 2134 ostenditur7
1501 1598 1547 1815 adstante
1504 1516 1545 1563 et
1496 1338 1544 1483 Furia

1606 2936 1646 2983 et
1600 2753 1646 2901 Parca
1611 2601 1653 2719 una,
1592 2349 1638 2565 titionem
1589 2263 1633 2311 in
1599 1975 1633 2229 accensum
1597 1828 1628 1939 arae
1581 1637 1642 1795 ignem
1578 1337 1638 1603 imponens.

1680 2824 1726 2981 Lauro
1680 2624 1723 2787 ornata
1676 2516 1718 2589 est
1684 2387 1729 2482 ara,
1666 2226 1713 2352 unde
1663 1941 1712 2192 Althaeam
1659 1744 1722 1906 paullo
1662 1598 1704 1708 ante
1658 1510 1702 1570 de
1656 1335 1701 1485 victo·
1683 757 1699 763 ,

1759 2911 1805 2981 ria
1757 2774 1803 2863 diis
1752 2445 1817 2728 gratulatam
1762 2285 1793 2394 esse
1742 1994 1790 2233 coniicias.
1737 1758 1785 1927 Tertio
1738 1614 1783 1721 loco
1734 1329 1796 1579 Meleager
1724 798 1786 811 '‚
1719 744 1805 763 Ξ*

1834 2651 1890 2979 moribundus,
1832 2570 1877 2617 in
1829 2410 1875 2536 lecto
1826 2178 1878 2373 cubans,
1819 1836 1882 2140 conspicitur.
1817 1576 1863 1767 Adsunt
1819 1494 1860 1541 et
1818 1328 1876 1465 pater
1782 802 1852 813 l
1768 727 1940 759 {1³

1922 2929 1964 2979 ct
1914 2723 1961 2894 coniux
1914 2638 1957 2687 et
1923 2410 1956 2602 sorores
1910 2324 1951 2372 et
1903 2054 1959 2292 Atalante,
1898 1876 1945 2020 variis
1896 1690 1943 1843 modis
1909 1489 1940 1653 omnes
1892 1325 1939 1461 dolo-
1800 792 1966 810 'a
1873 752 1945 760 t

2011 2875 2043 2980 rem
1990 2499 2056 2839 significantes
1982 2205 2031 2421 Dubitari
1995 2064 2027 2160 non
1981 1838 2040 2030 potest,
1976 1674 2037 1786 quin
1972 1324 2027 1631 Aristoteles,
1966 792 2011 800 ἶ

2074 2840 2121 2976 Poet.
2088 2761 2117 2802 c.
2072 2650 2115 2724 13.
2063 2093 2131 2613 praestantissimarum
2070 1858 2104 2057 numero
2053 1471 2115 1823 tragoediarum
2050 1320 2097 1431 Me-
2011 790 2119 808 b
2030 752 2073 758 ἶ

2154 2761 2214 2977 leagrum
2149 2452 2203 2726 nominans,
2140 2158 2203 2406 Euripidis
2137 1911 2184 2121 fabulam
2134 1673 2191 1875 dixerit,
2129 1317 2194 1619 quandoqui-
2138 736 2184 742 Ι

2233 2860 2279 2973 dem
2228 2563 2292 2825 Sophoclei
2224 2367 2289 2527 operis
2219 2088 2269 2333 rarissima
2221 1978 2263 2053 est
2211 1528 2268 1944 commemoratio,
2215 1441 2256 1490 et
2210 1317 2257 1415 An-
2194 735 2293 741 ἲ

2310 2718 2374 2973 tiphontis‚
2308 2600 2369 2680 qui
2306 2510 2351 2565 ab
2303 2398 2349 2471 Ol.
2304 2284 2357 2362 93,
2304 2233 2347 2261 3
2300 2023 2343 2197 llorere
2295 1816 2356 1993 coepit„
2290 1478 2351 1782 Meleagrum
2287 1316 2334 1448 solus
2299 735 2317 738 ι

2387 2680 2438 2971 Aristoteles
2380 2240 2431 2645 commemoravit.
2375 1908 2435 2173 Utriusque
2374 1704 2434 1875 poetae
2369 1488 2415 1681 fabulae
2381 1311 2428 1461 opere
2347 787 2414 829 l<
2344 735 2430 755 fi

2466 2720 2529 2969 Euripidis
2465 2564 2511 2685 adeo
2464 2244 2509 2527 obscuratae
2459 2077 2512 2209 sunt,
2457 1970 2499 2023 ut
2448 1592 2513 1935 mythographi
2460 1393 2493 1557 omnes
2444 1308 2491 1359 in
2432 787 2447 800 ”
2422 733 2503 754 ’Ξ

2544 2701 2594 2965 enarranda
2541 2479 2598 2665 fabula,
2556 2372 2586 2431 nc
2538 2060 2583 2326 Homerum
2530 1818 2593 2013 quidem
2522 1538 2590 1772 potiorem
2524 1419 2570 1502 illo
2528 1308 2570 1384 te·
2489 794 2568 800 ξ
2509 731 2567 736 l

2632 2840 2673 2963 stem
2639 2695 2671 2803 esse
2620 2412 2677 2660 ducentes,
2618 2253 2663 2377 illius
2613 1917 2673 2217 Meleagrum
2607 1728 2654 1881 secuti
2607 1576 2652 1688 sint.
2602 1306 2665 1511 Longis-
2571 783 2661 799 ξ
2572 729 2727 736 ι

2705 2840 2751 2962 sime
2707 2646 2749 2806 autem
2700 2486 2746 2612 inter
2714 2397 2745 2450 se
2695 2084 2755 2361 discrepant
2687 1802 2750 2050 Euripidis
2691 1726 2732 1774 et
2684 1496 2731 1701 Homeri
2697 1305 2727 1468 narra-
2674 791 2693 797 '

2784 2777 2831 2963 tiones:
2795 2608 2842 2729 quae
2774 2236 2839 2558 discrepantia
2786 2095 2819 2189 uon
2773 1873 2815 2061 temere
2765 1783 2811 1840 ab
2762 1513 2825 1748 Euripide
2761 1302 2807 1478 effecta
2732 791 2774 798 ι’
2729 727 2797 734 l

2868 2867 2912 2959 est.
2862 2584 2909 2799 Necesse
2856 2429 2904 2557 enim
2854 2301 2901 2394 suit
2867 2179 2914 2268 pro
2848 2023 2898 2152 bello
2846 1705 2911 1997 populorum
2839 1301 2889 1677 controversiam
2802 710 2904 733 ξ.

2941 2662 3004 2958 singulorum
2938 2413 2999 2627 fingere,
2934 2330 2979 2370 si
2931 2180 2992 2286 quis
2927 1982 2975 2130 vellet
2941 1860 2973 1939 res
2927 1666 2987 1825 gestas
2918 1393 2981 1631 Meleagri
2917 1298 2964 1358 ad
2900 790 2908 793 ’
2884 729 2911 749 Υ

3020 2599 3085 2956 simplicitatem
3013 2320 3077 2553 temporis
3023 2020 3056 2274 revocare:
3010 1915 3052 1966 et
3004 1798 3051 1868 sic
3001 1538 3062 1753 reliquae
3012 1298 3059 1487 quoque

3101 2663 3149 2955 mutationes
3112 2566 3144 2627 ex
3092 2242 3143 2535 dramaticae
3101 1998 3153 2208 poeseos
3084 1686 3134 1962 conditione
3077 1361 3143 1648 pendebant.

3484 2350 3537 2411 C.
3481 1816 3537 2253 Oeneus.
3486 764 3541 787 χι

3654 2464 3718 2813 Argumentum
3645 2147 3693 2419 rectissime
3642 1909 3704 2101 quidem
3636 1622 3693 1862 omnium,
3633 1471 3681 1560 scd
3633 1283 3680 1424 nimis

3736 2703 3793 2941 breviter,
3730 2380 3779 2666 scholiastes
3721 2006 3786 2343 Aristophanis
3718 1910 3765 1970 ad
3716 1669 3765 1874 Acharn.
3730 1588 3764 1632 v.
3715 1453 3761 1563 417.
3717 1283 3759 1416 retu-

3835 3157 3861 3165 1
3818 2870 3865 2940 lit.
3812 2590 3860 2803 Uberius
3807 2345 3871 2555 paullulo
3803 2089 3865 2309 Hyginus
3817 2010 3849 2051 c.
3800 1864 3844 1972 175.
3794 1586 3859 1825 exposuit„
3794 1471 3855 1549 qui
3797 1281 3839 1443 tamen

3898 2886 3942 2939 in
3910 2776 3949 2852 6ο,
3890 2610 3953 2739 quod
3904 2515 3935 2575 cx
3888 2377 3945 2481 llio,
3900 2246 3931 2341 non
3897 2152 3929 2211 ex
3879 1914 3937 2116 Thebis,
3875 1645 3923 1873 reducem
3873 1499 3919 1621 fecit
3872 1280 3918 1475 Diome-

3976 2824 4022 2935 dem
4009 2791 4031 2803 ,
3970 2640 4017 2745 sine
3967 2451 4014 2598 dubio
3963 2223 4011 2416 erravit.
3959 1876 4006 2151 Ostendunt
3955 1718 4002 1845 enim
3953 1415 4014 1685 fragmenta
3950 1275 4012 1381 ipsa
3978 761 4008 765 ἢ

4052 2724 4109 2935 fabulae,
4063 2508 4095 2673 verum
4060 2347 4091 2455 esse
4040 2166 4103 2296 quod
4037 1825 4086 2110 scholiastes
4037 1632 4095 1778 atque
4029 1276 4093 1598 Apollodorus

4132 2869 4193 2930 (Ι,
4134 2788 4191 2834 8,
4127 2685 4192 2753 6.)
4126 2314 4174 2634 tradiderunt.
4118 1963 4181 2246 Euripidem
4116 1787 4163 1915 enim
4114 1675 4160 1754 hic
4126 1448 4175 1639 quoque
4122 1274 4155 1415 secu-
4093 761 4145 764 ἶ

4216 2849 4259 2929 tus
4224 2705 4258 2814 esse
4207 2451 4261 2671 videtur,
4200 2182 4265 2401 exceptis
4198 2069 4259 2148 iis,
4212 1911 4260 2035 quae
4210 1816 4244 1876 ex
4192 1689 4241 1782 alia
4189 1383 4240 1657 narratione
4202 1273 4234 1351 re·
4153 761 4200 764 l
