5010 3336
1149 2072 1205 2192 435

1293 2759 1358 2960 pulvere
1293 2538 1356 2726 repleti,
1300 2347 1342 2501 totum
1310 2136 1356 2309 corpus
1294 1949 1344 2107 debile
1295 1619 1361 1922 fractumque
1316 1483 1351 1592 esse
1305 1317 1354 1450 vide-

1377 2852 1431 2960 tur3
1377 2714 1419 2819 tum
1373 2546 1419 2678 dorsi
1374 2436 1420 2509 sui
1378 2350 1420 2398 et
1373 2015 1435 2314 scapularum
1379 1930 1421 1978 et
1376 1651 1437 1895 dentium,
1380 1563 1426 1604 si
1382 1317 1431 1529 verberi—

1451 2869 1498 2959 bus
1451 2488 1509 2839 concutiantur,
1452 2239 1499 2460 miseret:
1453 2044 1498 2203 valere
1453 1699 1515 2025 igituriubent
1456 1317 1523 1676 fortitudinem3

1530 2874 1576 2962 sed
1529 2614 1576 2825 carmine
1529 2364 1591 2577 Orphico
1545 2267 1577 2319 se
1530 1926 1590 2219 effecturos,
1538 1822 1578 1873 ut
1541 1605 1596 1775 sponte
1540 1414 1587 1559 torris
1542 1318 1589 1366 in

1608 2748 1654 2963 cranium
1607 2486 1671 2710 Cyclopis
1607 2147 1667 2434 descendat,
1609 1786 1671 2099 pollicentur,
1628 1594 1675 1749 neque
1626 1320 1679 1561 recusant,

1687 2712 1747 2966 quominus
1686 2636 1732 2684 in
1686 2469 1745 2608 Care,
1691 2381 1732 2431 ut
1686 2209 1745 2354 aiunt,
1688 1906 1749 2173 periculum
1689 1646 1737 1882 facientes
1695 1319 1746 1618 adhortando

1765 2735 1827 2967 Ulyssem
1765 2445 1826 2701 sociosque
1765 2296 1811 2396 eius
1763 2008 1812 2247 adiuvent.
1766 1773 1830 1939 Itaque
1769 1645 1816 1739 illis
1772 1482 1820 1609 intus
1790 1320 1839 1443 opus

1842 2646 1902 2968 facientibuS,
1844 2548 1890 2599 hi
1842 2384 1889 2505 foris
1843 2037 1891 2332 succlamant
1843 1924 1907 1989 *).
1845 1726 1893 1856 Inter
1849 1514 1910 1681 ipsum
1860 1320 1902 1480 autem

1937 2846 1984 2969 opus
1922 2723 1969 2812 hos
1921 2453 1968 2687 clamores
1920 2314 1968 2417 tolli
1923 2018 1984 2278 putandum
1930 1883 1970 1981 est:
1940 1740 1972 1847 nam
1928 1663 1973 1703 si
1934 1489 1975 1628 antea
1932 1321 1979 1457 audi-

2004 2773 2058 2969 rentur,
1999 2462 2046 2726 timendum
2005 2292 2058 2423 erat,
2017 2156 2057 2244 ne,
2002 1833 2063 2105 priusquam
2007 1653 2052 1796 torris
2006 1570 2053 1617 in
2010 1323 2059 1534 cranium

2076 2619 2133 2970 descendisset,
2077 2371 2141 2579 Cyclops
2094 2124 2125 2334 esomno
2081 1789 2141 2095 excitaretur,
2085 1627 2145 1752 quod
2085 1445 2147 1602 ipsum
2104 1321 2135 1409 ca.-

2171 2856 2203 2972 vens
2155 2614 2217 2820 Ulysses
2156 2418 2218 2579 paullo
2162 2258 2204 2368 ante
2162 2051 2205 2213 tacere
2163 1812 2221 2000 satyros
2161 1596 2223 1766 iussit,
2171 1408 2227 1551 atque
2168 1322 2215 1375 hi

2240 2769 2298 2975 repente
2234 2616 2281 2735 muti
2250 2421 2281 2581 aerem
2234 2165 2283 2385 faucibus
2236 1776 2299 2118 deglutierunt.
2241 1480 2290 1705 Ceterum
2245 1322 2293 1443 haec

2314 2914 2361 2975 ad
2315 2590 2362 2878 movendum
2314 2225 2361 2555 vehementius
2316 1946 2363 2187 theatrum
2317 1709 2375 1911 institui,
2326 1618 2367 1672 ut
2322 1494 2368 1583 sibi
2325 1323 2385 1457 quis-

2408 2880 2454 2975 que
2397 2523 2455 2849 spectatorum
2393 2239 2440 2475 interesse
2395 1946 2442 2193 certamini
2401 1756 2458 1900 atque
2413 1617 2446 1711 una
2402 1325 2463 1582 periclitari

2471 2738 2530 2977 videatur,
2471 2510 2532 2702 planum
2476 2387 2518 2475 est.

2549 2675 2597 2845 Prodit
2550 2432 2612 2640 Cyclops
2555 2078 2607 2393 excoecatus,
2556 1847 2600 2032 torvum
2555 1600 2603 1809 clamans
2561 1327 2622 1553 turpique

2628 2726 2692 2981 adspectu.
2629 2557 2676 2679 Ante
2628 2392 2675 2523 fores
2629 2099 2691 2357 speluncae
2633 1780 2679 2062 constitutus
2639 1587 2695 1750 captat
2637 1327 2700 1564 hospites,

2708 2889 2755 2979 sed
2708 2658 2755 2853 ludente
2724 2514 2754 2621 eum
2708 2332 2754 2479 choro
2709 2231 2754 2296 nil
2710 1984 2770 2195 proficit,
2711 1857 2758 1947 nisi
2714 1692 2773 1822 quod
2715 1444 2762 1655 cranium
2733 1329 2764 1409 ru-

2787 2837 2849 2979 pibus
2786 2579 2848 2801 impingit
2786 2312 2848 2551 simulque
2787 2085 2845 2285 ridetur,
2805 2022 2835 2047 a
2790 1789 2837 1992 Nemine
2783 1552 2854 1754 (Οὖτις)
2809 1463 2842 1516 se
2795 1329 2844 1431 lae-

2880 2871 2913 2980 sum
2880 2725 2912 2834 esse
2865 2427 2914 2690 affirmans.
2865 2156 2927 2358 Ulysses
2871 1944 2926 2118 autem,
2874 1654 2931 1909 postquam
2886 1512 2917 1618 cum
2874 1330 2920 1474 sociis

2943 2797 3004 2983 effugit,
2947 2709 2990 2759 et
2959 2510 2990 2677 verum
2958 2335 2990 2475 suum
2959 2128 2991 2303 nomen
2946 1992 2991 2093 edit
2950 1910 2993 1958 et
2947 1610 3010 1874 Cyclopem
2951 1330 2998 1575 cavillatur

3021 2800 3069 2981 frustra
3021 2478 3069 2764 frementem
3027 2393 3068 2441 et
3022 2266 3068 2357 sibi
3024 2156 3069 2218 de
3023 1943 3070 2122 ultione
3025 1617 3088 1909 gratulatur,
3032 1469 3075 1568 tum
3030 1331 3077 1433 sine

3116 2849 3148 2984 mora
3116 2692 3147 2799 cum
3101 2482 3161 2655 satyris
3115 2311 3146 2431 nave
3116 2001 3148 2263 conscensa
3103 1907 3148 1955 in
3104 1717 3150 1863 altum
3107 1333 3167 1678 proficiscitur,

3178 2766 3242 2980 Cyclope
3183 2682 3225 2730 et
3178 2482 3239 2649 longos
3178 2318 3224 2445 illius
3195 2094 3226 2280 errores
3180 1738 3241 2047 praedicente
3188 1645 3230 1693 et
3199 1546 3231 1599 se
3201 1333 3233 1503 navem

3258 2793 3305 2985 revulso
3271 2643 3303 2757 saxo
3256 2206 3303 2607 comminuturum
3273 2060 3304 2169 esse
3258 1759 3308 2025 minitante.

3334 2565 3382 2852 Laocoontis
3340 2480 3381 2527 et
3334 2239 3381 2446 filiorum
3336 2070 3399 2201 signa
3352 2017 3382 2043 e
3352 1751 3385 1990 marmore
3338 1478 3401 1727 exsculpta
3356 1336 3388 1444 cum

3412 2788 3478 2981 Virgilii
3413 2555 3462 2754 eandem
3429 2417 3459 2520 rem
3414 2096 3475 2380 exponentis
3416 1842 3463 2060 versibus
3418 1490 3479 1808 comparando
3418 1336 3466 1456 Les-

3492 2804 3556 2985 singius
3493 2707 3540 2768 de
3493 2462 3554 2673 fingendi
3493 2310 3539 2428 artis
3497 2223 3540 2273 et
3508 1986 3555 2189 poeseos
3495 1776 3543 1951 finibus
3496 1514 3543 1741 disseruit
3497 1338 3545 1491 utilis-

3656 2802 3710 2849 >⁸²)
3669 2644 3711 2734 στρ.
3646 2577 3695 2613 αἶ
3651 2469 3705 2547 ἰαί,
3647 2400 3695 2436 οἷ
3655 2292 3706 2369 ἰώ,

3721 2558 3765 2610 ἰώ
3724 2202 3779 2526 γενναιότατοι,

3790 2423 3842 2610 ω’θεῖτε,
3792 2162 3849 2390 σπεύδετε,

3860 2420 3906 2608 ἐκκαίετ’
3860 2240 3918 2388 ὀφρὺν
3868 2119 3918 2212 θη-

3929 2534 3989 2610 ρὸς
3934 2422 3975 2505 τοῦ
3933 2144 3985 2393 ξενοδαίτα.

3997 2641 4058 2841 οἷντιστρ.
3997 2456 4056 2611 wimer?
3995 2364 4053 2425 ὦ,
3999 2195 4044 2333 καίετ’
3996 2130 4044 2166 ὦ

4066 2532 4114 2613 τὸν
4072 2342 4121 2504 Αἴτνας
4071 2044 4127 2312 μηλονόμον,

4138 2367 4197 2615 τορνεύεί,
4140 2175 4196 2336 ἕλκετε,

4207 2510 4264 2613 μηδ’
4207 2192 4264 2479 ἐξοδυνηθεὶς

4277 2466 4335 2608 δράσῃ
4296 2393 4323 2435 τι
4280 2161 4334 2366 μάταιον.

1010 856 1089 873 „54³3
1159 862 1164 865 Α
1180 863 1190 868 ,Δ
1238 867 1243 869 Ἰ
1297 851 1309 858 φ
1404 874 1408 876 -

1070 880 1073 881 ⁷
1096 879 1130 893 ’,ε
1150 879 1180 891 ι..
1207 883 1259 897 -,,«
1280 878 1431 895 γεω-«με.

1817 866 1828 873 μ
1884 868 1886 871 -
1903 869 1967 879 515,
1990 862 2043 877 ,ἐς-
2060 864 2163 879 πψμκςῖ.
