5010 3336
1558 3239 1590 3301 vliti-

1739 3310 1741 3313 .
1719 3237 1750 3296 „ciel

1806 3290 1826 3312 ⁴..
1805 3238 1830 3273 :le-

1879 3238 1909 3318 lxm

2041 3237 2073 3299 :ztir

2110 3238 2154 3327 leym·

2201 3310 2229 3333 Ἡ
2204 3245 2231 3293 ’ωε

2284 3318 2290 3322 ,
2269 3255 2312 3298 xm]

1148 2084 1206 2205 307

1323 2862 1358 2977 suos
1303 2467 1353 2827 immolaturum
1313 2320 1345 2430 esse
1300 2126 1358 2285 negat,
1308 1929 1355 2091 neque
1289 1820 1338 1893 fas
1289 1692 1337 1784 sibi
1302 1533 1337 1644 esse
1287 1312 1336 1498 alienos

1389 2797 1435 2976 liberos
1384 2703 1431 2762 ad
1380 2430 1429 2667 victimam
1390 2174 1438 2395 poscere.
1372 1774 1433 2102 Quamobrem
1384 1589 1431 1735 quum
1366 1492 1415 1552 ad
1367 1311 1416 1457 dissi-

1468 2839 1515 2975 dium
1462 2521 1510 2806 intestinum
1472 2405 1505 2485 res
1459 2201 1518 2369 aperte
1458 1942 1515 2166 spectare
1449 1647 1503 1894 videatur,
1448 1434 1511 1594 ipsum
1446 1310 1494 1384 lo-

1547 2848 1594 2974 laum
1542 2567 1604 2810 dispicere
1537 2383 1593 2534 iubet,
1532 2107 1593 2347 quomodo
1531 1964 1577 2069 sine
1530 1753 1575 1929 damno
1528 1509 1574 1717 civitatis
1532 1426 1575 1476 et
1525 1308 1574 1403 sibi

1632 2923 1673 2974 et
1622 2661 1671 2891 Herculis
1616 2468 1666 2634 liberis
1611 2197 1660 2430 consulat.
1609 1999 1657 2128 Tum
1608 1800 1665 1975 Imaus,
1612 1558 1669 1762 repente
1621 1310 1653 1527 commu-

1705 2862 1752 2975 tatis
1702 2650 1757 2826 rebuS,
1714 2577 1743 2602 a
1696 2362 1741 2528 littore
1691 2266 1738 2315 in
1690 2074 1737 2221 altum
1692 1579 1749 2020 tempestatemque
1685 1310 1746 1543 reiectus,

1800 2826 1847 2974 quum
1782 2699 1827 2790 iam
1780 2473 1840 2663 portum
1776 2269 1817 2436 nactus
1784 2118 1817 2229 esse
1768 1987 1815 2082 sibi
1767 1818 1813 1951 visus
1772 1632 1821 1781 esset„
1780 1499 1810 1592 non
1764 1309 1823 1471 habet,

1860 2736 1926 2976 quomodo
1852 2425 1903 2699 Heraclidis
1850 2167 1896 2389 consulat
1848 2057 1895 2133 vel
1862 1928 1910 2021 quo
1862 1843 1892 1896 se
1847 1550 1900 1819 convertat,
1842 1307 1890 1511 deorum

1940 2725 2003 2976 iniquitate
1946 2410 1998 2689 oppressus,
1929 2186 1976 2336 Suum
1929 2002 1992 2149 igitur
1930 1829 1989 1976 caput
1940 1714 1987 1803 pro
1922 1524 1970 1680 salute
1938 1306 1983 1496 eorum,

2036 2856 2084 2975 quos
2020 2610 2071 2821 tutatur,
2011 2377 2058 2558 offerre
2008 2074 2056 2330 constituit
2023 1971 2053 2026 ac
2020 1866 2051 1919 se
2003 1590 2051 1817 hostibus
2002 1305 2049 1544 tradendo

2113 2808 2161 2976 pacem
2092 2597 2141 2772 redimi
2092 2412 2137 2562 iubet.
2088 2183 2152 2341 Negat
2084 1841 2149 2129 Demophon
2083 1662 2129 1793 senis
2086 1467 2129 1626 morte
2080 1304 2144 1415 pla-

2177 2877 2224 2976 cari
2189 2693 2238 2843 posse
2170 2296 2233 2661 Eurystheum,
2168 2133 2231 2241 qui,
2179 1892 2213 2081 memor
2162 1531 2218 1847 iniuriarum,
2161 1305 2224 1478 quibus

2254 2710 2304 2978 Herculem
2250 2424 2308 2676 affecerit,
2248 2287 2295 2377 uisi
2246 2049 2294 2251 sublatis
2242 1814 2301 2012 liberis,
2257 1559 2304 1764 quorum
2241 1459 2287 1522 sit
2240 1305 2287 1425 ultio

2335 2931 2383 2977 ei
2332 2639 2389 2887 timenda,
2345 2350 2391 2591 nunquam
2327 2042 2389 2299 quieturus
2324 1918 2370 1995 sit.
2321 1737 2369 1847 Hoc
2320 1446 2385 1684 temporis
2334 1302 2367 1410 mo-

2418 2813 2461 2977 mento
2409 2545 2470 2777 Macaria,
2407 2277 2456 2507 Herculis
2406 2030 2452 2241 filiarum
2403 1789 2450 1995 maxima
2406 1618 2458 1753 natu,
2416 1522 2447 1582 ex
2398 1300 2462 1488 templo

2492 2810 2557 2975 prodit
2490 2439 2546 2775 sciscitatum„
2489 2347 2534 2392 in
2501 2092 2548 2300 quonam
2483 1829 2529 2055 fortunae
2485 1663 2527 1793 statu
2478 1301 2527 1626 cummaxime

2588 2865 2620 2974 sors
2569 2460 2617 2829 Heraclidarum
2573 2172 2621 2423 versetur,
2568 2076 2609 2125 et
2563 1845 2626 2039 cognita
2576 1608 2615 1808 caussa,
2573 1457 2605 1554 non
2573 1301 2605 1420 cun-

2657 2783 2699 2976 ctanter
2665 2694 2695 2748 se
2663 2569 2712 2658 pro
2662 2334 2693 2531 suorum
2643 2139 2690 2298 salute
2642 1758 2688 2098 immolandam
2639 1629 2685 1720 diis
2638 1426 2685 1594 inferis
2636 1301 2684 1376 of-

2730 2855 2789 2973 fert,
2743 2724 2790 2818 quo
2728 2649 2773 2697 in
2726 2419 2773 2621 consilio
2722 2132 2788 2381 prodendo
2721 1974 2768 2093 dicit
2737 1867 2780 1939 ea,
2736 1705 2782 1829 quae
2733 1431 2783 1670 generosa
2716 1299 2763 1398 vir-

2811 2835 2874 2976 gine,
2822 2726 2854 2786 ex
2806 2467 2854 2691 Herculis
2803 2244 2851 2430 semine
2806 2061 2857 2200 nata,
2800 1718 2862 2005 dignissima
2804 1547 2845 1671 sunt.
2796 1296 2844 1478 Probat

2887 2720 2936 2975 consilium
2885 2498 2942 2683 lolaus;
2900 2390 2931 2450 ne
2888 2178 2929 2342 tamen
2881 1960 2927 2131 mortis
2886 1748 2926 1921 auctor
2879 1607 2941 1714 ipse
2876 1506 2923 1569 sit
2875 1297 2939 1472 virgini

2974 2722 3032 2975 cognatae,
2963 2507 3012 2685 vitandi
2962 2293 3027 2470 piaculi
2976 2059 3018 2255 caussa,
2960 1900 3006 2021 sorti
2959 1727 3005 1863 iubet
2956 1456 3004 1696 committi
2955 1298 3002 1429 arbi-

3048 2828 3095 2975 trium
3062 2731 3094 2791 ex
3045 2504 3093 2696 filiabus
3042 2237 3090 2464 Herculis
3040 1958 3086 2201 victimam
3037 1660 3100 1920 deligendi.
3036 1425 3099 1587 Negat
3034 1297 3081 1407 Ma-

3128 2845 3175 2975 caria
3142 2750 3173 2804 se
3131 2571 3173 2703 sorte
3124 2234 3186 2536 designatam
3121 1903 3166 2190 morituram
3134 1738 3177 1864 esse,
3116 1605 3163 1691 sed
3121 1391 3180 1565 sponte
3118 1294 3161 1345 et

3207 2728 3253 2976 lubentem
3220 2579 3268 2668 pro
3203 2285 3249 2519 fratribus
3201 1872 3260 2221 sororibusque
3198 1602 3243 1808 animam
3194 1294 3258 1549 depositu-

3301 2854 3334 2975 ram.
3284 2677 3331 2787 Hoc
3299 2498 3329 2643 unum
3282 2337 3344 2459 petit
3281 2247 3326 2303 ab
3279 2082 3325 2211 lolao
3314 2048 3333 2059 ‚
3284 1954 3326 2008 ut
3293 1740 3339 1917 corpus
3275 1438 3323 1702 defunctae
3274 1295 3335 1405 ipse

3368 2712 3426 2972 componat
3378 2555 3408 2677 neve
3361 2307 3407 2519 virorum
3359 2049 3405 2269 manibus
3358 1880 3417 2010 tangi
3357 1619 3419 1847 patiatur.
3354 1439 3400 1549 Hoc
3367 1295 3415 1408 pro-

3444 2820 3491 2972 misso
3448 2564 3505 2784 accepto,
3440 2347 3486 2525 fratres
3453 2014 3497 2307 sororesque
3436 1848 3481 1977 senis
3435 1636 3481 1821 tutelae
3432 1293 3495 1606 disciplinae-

3539 2875 3586 2971 que
3522 2526 3570 2838 commendat
3526 2439 3566 2490 et
3519 2244 3565 2407 valere
3516 2071 3563 2208 iubet
3515 1928 3561 2037 illos
3513 1718 3560 1878 fausta
3517 1455 3575 1683 precata,
3515 1291 3557 1398 tum

3603 2703 3651 2973 honoribus
3617 2612 3648 2666 se
3599 2323 3664 2576 perpetuis
3597 2192 3644 2284 coli
3595 1872 3641 2154 defunctam
3592 1683 3647 1836 iubet,
3591 1561 3655 1644 qui
3590 1427 3637 1523 sint
3602 1291 3651 1383 pro

3684 2854 3731 2972 dote
3688 2754 3730 2804 et
3680 2398 3728 2707 matrimonio
3683 2309 3725 2359 et
3676 2108 3724 2275 liberis
3674 1980 3721 2071 sibi
3672 1766 3719 1945 iacenti
3671 1603 3734 1730 apud
3670 1382 3717 1567 inferos
3666 1291 3713 1343 li-

3763 2676 3824 2972 berataeque
3778 2615 3807 2641 a
3760 2425 3818 2579 malis,
3758 2213 3820 2388 quibus
3756 2092 3801 2186 vita
3752 1788 3800 2062 mortalium
3750 1440 3815 1771 perturbetur.
3745 1289 3793 1383 His

3842 2804 3901 2969 dictis,
3841 2448 3905 2768 promittente
3838 2269 3884 2399 Iolao
3837 2012 3882 2223 honores
3836 1918 3879 1967 et
3832 1720 3878 1883 valere
3830 1472 3878 1673 iubente
3826 1290 3889 1435 virgi-

3938 2858 3970 2971 nem
3922 2543 3978 2823 animosam,
3919 2386 3965 2507 haec
3916 2292 3963 2349 ad
3919 2043 3962 2254 mortem
3930 1982 3959 2007 a
3911 1602 3975 1943 Demophonte
3906 1291 3962 1566 abducitur,

4000 2810 4047 2969 Iolaus
4006 2593 4058 2773 autem,
3998 2381 4045 2555 solutis
3996 2171 4043 2342 dolore
3992 1886 4051 2136 membris,
3992 1802 4038 1851 in
3991 1646 4038 1766 sella
4004 1591 4034 1616 a
3986 1446 4034 1561 filiis
3985 1289 4032 1421 Her-

4080 2847 4127 2968 culis
4079 2557 4142 2811 reponitur
4083 2472 4125 2521 et
4077 2219 4123 2439 vestibus
4072 1988 4134 2182 tegitur.
4070 1616 4133 1952 Interponitur
4066 1444 4114 1581 chori
4080 1287 4111 1399 car-

4174 2856 4206 2968 men
4158 2449 4221 2821 gravissimum‚
4156 2264 4203 2401 cuius
4151 1969 4200 2212 sententia
4151 1750 4198 1923 similis
4154 1624 4197 1702 est
4145 1478 4202 1575 illi,
4158 1287 4206 1431 quam

4238 2728 4287 2967 Goethius
4239 2555 4287 2693 hisce
4236 2357 4287 2519 verbis
4232 2052 4297 2323 expressit:

4304 1620 4354 1724 ⁶20*
