5010 3336
1087 2083 1142 2201 401

1238 2724 1290 2832 ἀλλ’
1262 2623 1273 2687 --
1264 2526 1271 2589 --
1234 2356 1293 2490 ἔστι,
1232 2222 1282 2323 κᾶν
1248 2113 1288 2189 τις
1228 1898 1295 2079 ἐγγελᾷ
1227 1712 1294 1866 λόγῳ,

1312 2698 1376 2828 Ζεὺς
1314 2576 1366 2664 καὶ
1311 2424 1364 2543 θεοὶ
1311 2181 1376 2389 βρότεια
1308 1843 1367 2147 λεύσσοντες
1308 1665 1371 1811 πάθη
1309 1560 1367 1629 ²²²).

1399 2551 1448 2962 Honestissimum
1397 2441 1443 2502 de
1391 2018 1453 2391 Bellerophonte
1390 1743 1437 1974 iudicium
1387 1499 1435 1685 fecerat
1385 1308 1435 1455 etiam

1481 2923 1526 2963 is
1483 2692 1537 2886 auctor,
1492 2500 1538 2643 quem
1473 2236 1521 2462 Aelianus
1470 2069 1516 2199 Ilist.
1468 1889 1517 2033 anim.
1467 1780 1525 1850 V,
1469 1650 1513 1727 34.
1466 1308 1529 1599 compilavit.

1558 2779 1606 2961 Omitto
1555 2413 1607 2744 Plutarchum,
1550 2306 1597 2374 M.
1549 1957 1604 2268 Antoninum,
1547 1544 1609 1918 Athenagoram,
1544 1307 1593 1507 Sextum

1637 2821 1698 2963 Emp.
1675 2784 1695 2797 7
1636 2486 1683 2748 Lucianum
1631 2215 1689 2449 aliosque,
1626 2101 1688 2179 qui
1624 1848 1672 2065 studium
1623 1564 1685 1811 Euripidis
1624 1309 1671 1529 versibus

1716 2822 1762 2965 huius
1714 2506 1778 2784 tragoediae
1712 2423 1757 2471 in
1706 2172 1755 2388 medium
1703 1829 1767 2136 proferendis
1702 1550 1750 1795 testificati
1707 1382 1752 1512 sunt.

1795 2699 1841 2833 Idem
1793 2332 1853 2664 argumentum
1790 2182 1832 2295 ante
1783 1873 1846 2155 Euripidem
1797 1696 1829 1837 nemo
1781 1305 1840 1660 illustraverat3

1874 2701 1938 2964 attigerant
1870 2423 1918 2668 Homerus
1866 2309 1928 2386 (Il.
1864 2218 1924 2270 ζ,
1866 2078 1909 2170 155
1859 1882 1925 2042 seqq.)
1867 1794 1908 1844 et
1860 1531 1907 1765 Pindarus
1858 1307 1921 1493 (lsthm.

1953 2880 2013 2964 Vi,
1954 2726 2014 2847 44),
1964 2486 2013 2689 quorum
1945 2211 2008 2471 Euripides
1942 1844 1989 2183 auctoritatem
1955 1608 2002 1815 sequens
1939 1305 1986 1572 admirabili

2038 2860 2079 2963 arte
2046 2722 2076 2802 res
2042 2548 2075 2663 sane
2025 2259 2072 2490 difficiles
2026 1991 2069 2203 tractatu
2035 1757 2066 1932 scenae
2018 1304 2067 1697 accommodavit.

2108 2601 2173 2961 Astydamantis
2105 2381 2167 2552 tragici
2100 1942 2163 2344 Bellerophontes
2095 1828 2161 1907 **)
2114 1731 2146 1791 an
2098 1650 2145 1697 in
2098 1442 2146 1614 eadem
2112 1306 2146 1409 ma-

2190 2841 2239 2964 teria
2190 2542 2249 2806 occupatus
2184 2342 2243 2507 fuerit,
2182 2160 2230 2307 hodie
2181 1835 2242 2125 ignoramus.

2511 2598 2563 2665 B.
2507 2053 2580 2510 Hippolytus
2508 1603 2558 2007 coronatus.

2652 2582 2701 2836 Troezene
2669 2457 2699 2537 res
2656 2215 2714 2421 aguntur
2654 2073 2697 2181 ante
2648 1842 2695 2038 domum
2646 1675 2706 1807 regis
2643 1438 2703 1641 Pitthei,
2644 1304 2706 1401 qui,

2750 2851 2782 2959 cum
2739 2683 2780 2813 esset
2732 2466 2779 2649 Thesei
2746 2289 2789 2430 avus,
2730 2017 2777 2252 educasse
2726 1663 2789 1985 Hippolytum
2723 1415 2787 1629 fingitur.
2722 1302 2771 1348 Is

2812 2690 2876 2959 sapientiae
2811 2502 2858 2646 laude
2810 2231 2857 2459 floruisse
2808 1880 2865 2189 tradebatur,
2809 1702 2851 1831 teste
2802 1396 2849 1659 Plutarcho
2802 1301 2850 1351 in

2893 2863 2940 2962 vita
2890 2658 2938 2842 Thesei
2906 2579 2937 2620 c.
2893 2496 2938 2542 3.
2889 2260 2950 2426 Itaque
2886 1944 2949 2238 Hippolytus
2888 1861 2931 1909 et
2887 1673 2930 1845 natura
2886 1596 2929 1646 et
2880 1303 2943 1572 disciplina,

2987 2849 3020 2959 cum
2971 2750 3017 2812 sit
2986 2655 3018 2715 ex
2971 2376 3017 2619 Amazona
2972 2189 3015 2330 natus
2972 2102 3013 2152 et
2962 1888 3028 2056 ἁγνοῦ
2958 1611 3017 1849 Πιτθέως
2956 1300 3022 1580 παίδευμα,

3051 2686 3099 2959 castitatem
3049 2423 3095 2653 virtutum
3046 2172 3094 2384 omnium
3046 1918 3091 2127 maxime
3043 1741 3092 1871 colit.
3040 1447 3087 1673 Theseus
3054 1300 3086 1411 cum

3134 2858 3177 2961 tota
3130 2666 3175 2808 domo
3126 2376 3173 2630 Troezena
3124 1985 3187 2330 commigrasse
3122 1725 3185 1951 fingitur,
3117 1548 3181 1676 quod
3122 1299 3181 1504 propter

3209 2760 3255 2959 caedem
3204 2400 3252 2725 Pallantidum
3219 2221 3249 2366 unum
3217 2011 3248 2185 annum
3201 1797 3247 1973 debeat
3196 1527 3245 1763 exsulare.

3287 2700 3334 2827 Ante
3284 2518 3331 2664 aedes
3283 2261 3345 2481 proxime
3279 2094 3325 2224 fores
3280 1836 3325 2041 duarum
3275 1552 3339 1785 imagines
3276 1300 3323 1504 dearum

3366 2762 3430 2954 positae
3362 2345 3425 2727 conspiciuntur,
3359 2125 3406 2306 Dianae
3363 1948 3418 2091 atque
3354 1696 3409 1922 Veneris,
3369 1455 3414 1659 quarum
3353 1300 3400 1431 illam

3448 2897 3494 2956 ab
3443 2579 3507 2867 Hippolyto,
3442 2420 3487 2543 hanc
3456 2358 3485 2384 a
3437 2110 3485 2329 Phaedra
3438 1743 3482 2074 consecratam
3446 1598 3478 1707 esse
3431 1298 3494 1565 putandum

3528 2861 3574 2954 est.
3523 2687 3570 2793 Hac
3521 2485 3568 2650 statim
3516 2082 3579 2433 compositione
3514 1848 3559 2041 funesta
3511 1517 3558 1803 daemonum
3511 1300 3558 1468 confli-

3603 2808 3651 2956 ctatio
3601 2461 3665 2772 significatur.
3596 2220 3644 2389 Prodit
3594 2009 3640 2185 deinde
3591 1814 3640 1979 Venus
3591 1657 3652 1779 ipsa,
3590 1490 3636 1622 cuius
3589 1383 3637 1454 ira
3594 1298 3638 1348 et

3683 2673 3731 2955 adolescens
3676 2190 3743 2638 praestantissimus
3678 2103 3720 2153 ct
3671 1905 3718 2077 mulier
3667 1298 3732 1877 pudicissimainterituri

3768 2831 3811 2954 sunt.
3760 2610 3807 2765 Huius
3758 2403 3815 2573 oratio,
3761 2318 3801 2367 ut
3754 2126 3799 2292 iratam
3751 1942 3808 2100 decet,
3749 1712 3795 1907 minime
3747 1552 3795 1689 exilis
3752 1423 3807 1516 est,
3747 1299 3795 1388 sed

3840 2707 3904 2953 sanguine,
3853 2523 3885 2669 succo
3835 2232 3895 2487 nervisque
3830 1965 3893 2197 praedita.
3827 1806 3874 1897 Est
3831 1620 3874 1781 autem
3826 1503 3873 1597 hoc
3842 1299 3891 1476 prooe-

3921 2805 3968 2954 mium
3918 2505 3975 2770 ciusmodi,
3920 2402 3963 2458 ut
3928 2259 3961 2356 non
3908 2054 3957 2210 solum
3906 1758 3970 2021 praeterita
3906 1298 3954 1723 commemorando

3998 2753 4058 2952 doceat,
3996 2605 4044 2691 sed
3996 2410 4043 2556 etiam
3993 2185 4039 2350 futura
3986 1780 4051 2140 praemonendo
3989 1521 4034 1733 attentos
3984 1297 4033 1473 reddat

4178 2848 4230 2894 ²⁸)
4177 2595 4219 2819 Plutarch.
4175 2363 4229 2567 Repugn.
4171 2093 4215 2329 stoicorum
4183 2026 4209 2063 c.
4166 1939 4209 2006 15.
4168 1851 4210 1905 T.
4166 1771 4209 1827 ΙΙ.
4180 1698 4219 1741 p.
4162 1547 4206 1669 1040.
4164 1465 4205 1515 Β.

4247 2849 4301 2923 aa)
4247 2748 4289 2815 cf.
4246 2551 4289 2718 welch.
4259 2482 4298 2525 p.
4242 2335 4285 2459 1061.

4306 1622 4353 1687 26
