5010 3336
3851 2094 3908 2217 316

3606 2040 3679 2255 vlll.

3490 1308 3561 1551 Duce
3462 1599 3559 2213 Aristophane
3453 2269 3548 2752 Euripides
3466 2805 3515 2986 cum

3355 1581 3452 2046 Aeschylo
3349 2111 3430 2708 comparatur.

3153 1435 3202 1508 De
3140 1543 3200 1620 iis,
3136 1656 3183 1782 quae
3131 1817 3198 2082 Euripides
3145 2108 3192 2154 in
3127 2186 3188 2433 tragoedia
3127 2456 3184 2720 novaverit,
3133 2758 3182 2829 sic
3129 2851 3180 2981 hunc

3057 1300 3120 1460 ipsum
3057 1499 3112 1820 exponentem
3051 1858 3115 2216 Aristophanes
3061 2254 3110 2372 facit
3061 2406 3107 2454 in
3057 2492 3107 2614 Rau.
3054 2652 3099 2778 939:
3039 2847 3098 2981 „Ubi

2977 1298 3040 1470 accepi
2992 1504 3022 1530 a
2992 1566 3031 1615 te
2978 1652 3032 1839 artem,
2972 1890 3034 2099 primum
2969 2148 3030 2346 quidem
2978 2390 3025 2553 statim
2959 2602 3018 2881 turgentem
2969 2919 3001 2980 ex

2896 1295 2960 1707 magniloquentia
2892 1755 2958 2144 importunisque
2900 2192 2948 2353 verbis
2896 2402 2942 2660 extenuavi
2893 2698 2935 2747 et
2889 2783 2939 2978 detraxi

2818 1293 2880 1486 pondus
2832 1532 2879 1716 voculis
2830 1765 2872 1814 et
2823 1860 2875 2267 ambulationibus
2820 2319 2863 2370 et
2817 2420 2866 2533 beta
2805 2580 2863 2716 alba,
2809 2773 2843 2976 succum

2754 1291 2802 1454 dando
2737 1489 2800 2015 disputatiuncularum
2746 2055 2777 2114 ex
2743 2150 2790 2288 libris
2725 2328 2787 2631 decolatum3
2731 2668 2781 2847 deinde
2729 2882 2776 2976 alni

2673 1292 2720 1497 canticis
2652 1534 2719 1869 (μονῳδίαις)
2648 1907 2715 2363 Cephisophontem
2645 2397 2706 2687 miscendo;
2652 2738 2695 2842 tum
2648 2879 2681 2976 non

2593 1290 2640 1433 obvia
2575 1480 2623 1704 quaeque
2586 1747 2635 2003 fabulabar
2568 2053 2615 2213 neque
2580 2259 2611 2339 res
2574 2390 2625 2751 confundebam
2569 2788 2614 2976 temere

2499 1288 2561 1549 irruendo,
2509 1604 2556 1690 sed
2493 1740 2554 1821 qui
2490 1870 2552 2060 primus
2502 2110 2548 2228 mihi
2483 2264 2545 2495 prodibat
2495 2529 2542 2695 statim
2476 2732 2523 2886 genus
2489 2924 2533 2975 et

2417 1284 2471 1626 argumentum
2427 1665 2475 1897 dramatis
2407 1934 2469 2238 exponebat;
2402 2273 2465 2485 denique
2416 2511 2446 2537 a
2399 2569 2461 2726 prima
2408 2752 2458 2974 oratione

2353 1284 2401 1407 nihil
2335 1441 2394 1755 praetermisi
2335 1792 2392 2032 otiosum,
2340 2079 2387 2168 sed
2336 2216 2387 2496 disserebat
2334 2541 2381 2662 mihi
2332 2707 2374 2755 et
2328 2799 2376 2974 mulier

2260 1282 2314 1336 ct
2269 1371 2302 1543 servus
2268 1580 2309 1628 et
2265 1663 2313 1891 dominus
2264 1928 2304 1978 et
2247 2015 2308 2176 puella
2259 2213 2299 2261 et
2246 2291 2289 2427 anus,
2257 2464 2303 2513 id
2240 2544 2301 2671 quod
2250 2698 2298 2838 valde
2248 2867 2291 2972 erat

2176 1280 2238 1519 populare
2167 1556 2237 2020 (δημοκρατικόν);
2179 2058 2227 2226 dicere
2175 2263 2223 2391 enim
2175 2428 2223 2560 cives
2171 2598 2221 2741 docui
2170 2778 2211 2826 et
2168 2854 2215 2969 sub-

2110 1278 2159 1437 tilium
2093 1474 2153 1753 regularum
2102 1789 2150 2089 intellectum
2100 2128 2141 2178 et
2098 2212 2130 2433 normam
2082 2471 2141 2763 orationum,
2091 2800 2131 2851 nt
2090 2884 2120 2967 co·-

2016 1276 2069 1590 gnoscerent,
2013 1628 2074 1868 viderent,
2009 1906 2069 2220 coniicerent,
2007 2257 2065 2533 flecterent,
2004 2557 2060 2831 studerent,
2010 2859 2041 2966 mo-

1940 1274 2001 1501 lirentur,
1931 1539 1993 1908 suspicarentur
1930 1934 1990 2074 mala,
1923 2111 1988 2550 circumspicerent
1932 2584 1973 2784 cuncta:
1929 2822 1978 2965 fami-

1872 1274 1922 1419 liares
1868 1457 1916 1586 enim
1866 1622 1897 1703 res
1848 1740 1908 2104 proponebam,
1845 2165 1907 2341 quibus
1839 2391 1903 2537 vulgo
1839 2584 1898 2791 utimur,
1836 2839 1881 2965 quae

1774 1273 1836 1648 consumimus,
1785 1694 1817 1754 ex
1770 1791 1830 1991 quibus,
1766 2039 1812 2187 quum
1762 2222 1826 2369 vulgo
1776 2405 1817 2552 notae
1764 2588 1814 2780 essent,
1767 2817 1818 2965 facile

1697 1269 1760 1381 ipse
1692 1415 1741 1664 arguerer.
1704 1737 1752 1845 Non
1700 1899 1750 2136 ducebam
1682 2187 1730 2414 pompam
1694 2469 1727 2635 rerum
1689 2674 1738 2963 verborum-

1617 1270 1665 1385 que,
1628 1423 1661 1518 non
1623 1555 1673 1832 inliciebam
1607 1868 1664 2148 stuporem,
1617 2186 1650 2394 excussa
1600 2430 1661 2721 prudentia,
1610 2759 1642 2851 non
1609 2888 1657 2961 lo-

1538 1267 1598 1456 quebar
1545 1489 1584 1708 monstra
1528 1737 1585 1885 atque
1527 1912 1581 2155 portenta.
1537 2225 1585 2332 Ilac
1534 2360 1581 2552 ratione
1532 2580 1578 2639 ad
1515 2669 1578 2961 sapiendum

1471 1265 1519 1399 cives
1453 1447 1515 1661 institui,
1446 1713 1508 2127 computationem
1443 2176 1499 2325 atque
1439 2360 1501 2721 inquisitionem
1450 2759 1495 2850 arti
1448 2886 1495 2960 in—

1377 1265 1434 1496 texendo,
1386 1535 1427 1588 ut
1384 1624 1425 1675 et
1382 1711 1425 1880 cetera
1381 1917 1421 1966 ct
1379 2002 1411 2106 rem
1375 2143 1426 2433 familiarem
1372 2463 1420 2558 iam
1370 2603 1417 2778 melius
1354 2815 1401 2957 quam

1309 1262 1351 1403 antea
1306 1440 1354 1572 cives
1299 1608 1350 2005 administrent.”

1226 1394 1273 1469 Ab
1208 1506 1271 1784 Aeschylo,
1220 1836 1251 1932 non
1220 1968 1249 1994 a
1201 2031 1267 2313 Sophocle,
1214 2348 1257 2502 artem
1196 2559 1259 2767 Juripidi
1211 2804 1258 2956 tradi-

1150 1261 1194 1359 tam
1147 1399 1179 1510 esse
1143 1560 1191 1705 docet
1123 1761 1187 2148 Aristophanes:
1135 2203 1176 2309 crat
1134 2344 1181 2472 enim
1117 2511 1180 2758 Sophocle
1128 2793 1171 2956 aetate

1070 1260 1103 1357 non
1067 1394 1113 1547 multo
1063 1585 1109 1741 minor
1061 1777 1101 1825 et
1043 1863 1089 2019 paene
1056 2055 1102 2229 eodem
1039 2266 1096 2489 tempore
1052 2525 1100 2717 fabulas
1034 2747 1091 2954 uterque

988 1259 1038 1442 docere
971 1474 1031 1654 coepit,
967 1694 1029 1970 Sophocles
963 2008 1023 2204 quidem
973 2245 1020 2318 01.
962 2351 1017 2429 77,
962 2461 1018 2528 4.,
955 2566 1020 2828 Euripides
969 2865 999 2951 au-

909 1258 952 1357 tem
908 1396 955 1472 Ol.
894 1507 949 1586 78,
902 1619 949 1665 3.
899 1749 947 1860 Iloc
881 1908 945 2255 Aristophanis
893 2305 941 2586 testimonio
888 2635 936 2954 confirmatur

812 1257 873 1561 computatio
806 1598 867 1903 temporum,
802 1940 847 2082 quam
800 2121 855 2383 sequentes
797 2413 860 2701 Euripidem
809 2740 841 2835 non
809 2871 856 2950 Ol.

738 1258 794 1339 75,
734 1366 793 1446 1.,
746 1485 793 1573 sed
742 1612 791 1687 Ol.
729 1724 785 1803 73,
740 1829 785 1876 4.
736 1914 776 2082 natum
734 2121 766 2234 esse
730 2270 781 2546 docuimus.
718 2620 778 2950 Quamobrem

652 1260 701 1409 quum
661 1445 714 1657 fratrum
659 1692 709 1845 instar
654 1880 703 2057 eodem
638 2082 697 2223 patre
650 2249 695 2476 natorum
650 2507 698 2554 in
645 2579 695 2947 successionem

572 2704 590 2723 ⁴·

3449 3183 3808 3191 -m———ae
3829 3184 3946 3192 *amu—.—
