5010 3336
1052 2117 1109 2235 179

1206 2670 1273 2875 γαμεῖτε
1205 2518 1259 2638 νῦν,
1200 2265 1265 2484 γαμεῖτε,
1187 2102 1258 2233 κᾷτα
1190 1820 1256 2070 θνήσκετε

1287 2840 1353 2874 ἢ
1281 2451 1350 2805 φαρμάκοισιν
1276 2362 1327 2417 ἐκ
1272 2080 1340 2331 γυναικὸς
1269 2015 1334 2047 ἢ
1269 1789 1326 1977 δόλοις.

1371 2808 1431 3001 Aerope
1364 2532 1412 2765 arcessita
1371 2260 1406 2482 caussam
1367 2043 1418 2215 magno
1350 1840 1397 1996 animo
1352 1739 1395 1790 et
1344 1524 1392 1697 fidenti
1344 1341 1393 1478 dicit.

1450 2926 1497 3001 Ad
1445 2706 1510 2891 paterni
1442 2537 1503 2671 regni
1436 2197 1500 2503 splendorem
1433 1914 1496 2163 provocat,
1427 1820 1474 1879 ad
1424 1594 1472 1785 divitias
1428 1522 1472 1570 et
1423 1341 1472 1495 famu-

1527 2848 1573 3002 larum
1520 2433 1573 2810 multitudinem,
1528 2196 1577 2397 quarum
1525 1982 1574 2162 pompa
1506 1740 1553 1947 deducta
1503 1622 1550 1700 sit.
1503 1337 1563 1556 Denique

1611 2856 1669 2999 negat
1618 2758 1649 2811 se
1602 2396 1648 2725 recusaturam
1608 2219 1647 2360 esse,
1589 2053 1652 2167 quin
1587 1969 1634 2019 in
1585 1732 1648 1936 patriam
1582 1537 1629 1697 statim
1595 1339 1628 1504 rever-

1688 2851 1743 2998 tatur7
1682 2774 1727 2815 si
1676 2536 1738 2739 coniugii
1674 2299 1721 2501 Atreum
1667 1988 1733 2263 poeniteat:

1752 2333 1823 2862 „Siflaccebunt
1746 1853 1799 2296 condit-iones,
1736 1444 1802 1806 repudiato
1740 1335 1783 1397 et

1817 1790 1881 2179 reddit0”²²²).

1920 2896 1970 2994 Sed
1919 2688 1966 2861 Atreus
1926 2498 1973 2656 neque
1904 2160 1956 2455 confidentia
1900 1911 1949 2127 mulieris
1911 1720 1959 1877 neque
1894 1460 1959 1687 precibus
1909 1332 1942 1434 mo-

2004 2826 2053 2994 vetur,
1998 2619 2055 2764 atque
1986 2283 2052 2562 deprecanti
1983 2107 2030 2237 idem
1978 1930 2042 2059 quod
1976 1756 2040 1885 apud
1974 1330 2037 1706 Aristophanem

2075 2818 2139 2994 (Vesp.
2070 2647 2133 2783 763.)
2067 2327 2117 2610 Philocleon
2062 2135 2109 2293 oranti
2060 2002 2105 2104 filio
2055 1680 2120 1970 respondet:

2178 2800 2187 2864 -—-
2176 2608 2185 2670 —
2171 2414 2181 2476 —-
2141 2126 2190 2283 τοῦτο
2135 2034 2187 2091 δὲ

2226 2683 2294 2863 ’Ἅιδης
2226 2392 2289 2649 διακρινεῖ
2220 2108 2286 2363 πρότερον
2215 2041 2281 2073 ἢ
2210 1914 2279 2006 ’γὼ
2210 1625 2275 1880 πείσομαι.

2314 2730 2363 2990 Postremo
2308 2378 2363 2696 adiurantem‚
2319 2287 2350 2341 se
2298 2070 2361 2261 coniugi
2295 1846 2344 2048 studere
2305 1660 2352 1820 neque
2290 1546 2338 1641 hoc
2287 1323 2351 1522 quidem

2400 2766 2455 2988 tempore
2388 2583 2435 2733 fidem
2384 2325 2442 2549 violasse,
2397 2218 2436 2289 re,
2394 2086 2425 2180 non
2373 1878 2422 2040 verbis
2370 1582 2418 1832 declarare
2368 1322 2415 1538 volunta-

2478 2888 2520 2987 tem
2470 2694 2516 2855 iubet:

2544 2594 2598 2854 οὐπώποτ’
2540 2400 2605 2557 ἔργου
2539 2164 2601 2362 μᾶλλον
2532 1919 2596 2129 εἱλόμην
2528 1675 2591 1885 λόγους.

2630 2860 2678 2983 Nam
2629 2791 2675 2831 si
2624 2595 2672 2757 mariti
2623 2341 2677 2562 salutem,
2623 2252 2665 2306 ut
2617 2065 2673 2219 dicat,
2610 1806 2657 2028 omnibus
2606 1627 2654 1773 rebus
2609 1315 2667 1591 anteponat,

2705 2662 2757 2981 communiter
2698 2296 2747 2629 ulciscendum
2695 2068 2738 2260 hostem
2704 1890 2744 2031 esse,
2687 1796 2731 1844 in
2684 1587 2746 1752 plagas
2684 1442 2729 1538 iam
2683 1314 2730 1407 de-

2788 2754 2835 2980 ductum:
2778 2499 2843 2702 proinde
2772 2285 2820 2450 caedis
2766 1952 2815 2238 societatem
2778 1848 2810 1909 ne
2762 1624 2809 1814 abnuat.
2761 1312 2809 1557 Horrente

2864 2782 2914 2979 sceleris
2854 2368 2920 2746 magnitudinem
2851 2138 2910 2333 Aerope
2846 1804 2903 2103 deorumque
2841 1654 2887 1772 iram
2844 1420 2888 1620 verente
2867 1314 2875 1375 -

2936 2750 3003 2850 ἐγὼ
2936 2568 3002 2717 χάριν
2930 2435 2996 2533 σὴν
2927 2210 2986 2400 παῖδας
2924 2112 2975 2176 οὐ
2920 1781 2974 2078 κατακτενῶ
2946 1685 2954 1746 -

3025 2801 3073 2977 Atreus
3031 2530 3083 2765 spernere
3030 2443 3061 2498 se
3011 2279 3074 2407 vulgi
3007 1969 3071 2245 opinionem
2999 1694 3049 1934 ostendit:

3099 2719 3164 2846 ὁρᾷς
3095 2594 3146 2687 τὸν
3092 2417 3153 2561 ὑψοῦ
3087 2239 3138 2381 τόνδ’
3087 1983 3144 2202 ἄπειρον
3076 1757 3142 1947 αἰθέρα

3177 2754 3229 2842 καὶ
3178 2621 3241 2721 γῆν
3171 2443 3234 2587 πέριξ
3167 2234 3235 2407 ἔχονθ’
3164 2013 3229 2197 ὑγραῖς
3158 1923 3210 1978 ἐν
3157 1614 3222 1888 ἅγκάλαιςς

3260 2645 3307 2839 τοῦτον
3253 2437 3316 2611 νόμιζε
3251 2232 3313 2396 Ζῆνα,
3243 2060 3294 2198 τόνδ’
3241 1889 3306 2024 ἡγοῦ
3237 1710 3297 1853 θεόν,

3355 2843 3403 2967 quae
3338 2663 3385 2811 latine
3334 2487 3382 2633 vertit
3331 2279 3378 2452 Cicero
3326 2184 3373 2243 N.
3324 2090 3370 2148 D.
3322 1995 3377 2055 ΙΙ,
3322 1871 3367 1960 25:

3414 2598 3478 2837 „Vides
3407 2004 3469 2563 sublimesusum,
3393 1458 3444 1951 immoderatum
3405 1300 3438 1411 ae-

3488 2124 3528 2141 t
3480 2075 3526 2106 h
3496 2032 3525 2058 e
3494 1992 3524 2017 r
3493 1926 3534 1972 α,

3574 2706 3636 2829 Qui
3579 2432 3619 2673 tenero
3574 2148 3614 2397 terram
3554 1670 3607 2121 circumiectu
3546 1297 3612 1641 amplecti-

3638 1994 3686 2141 tur?

3730 2635 3781 2828 Hunc
3740 2290 3776 2601 summum
3719 2018 3768 2255 habeto
3713 1747 3767 1983 divum,
3707 1550 3754 1712 hunc
3703 1293 3770 1523 perhi-

3797 1985 3844 2131 beto
3784 1682 3847 1947 Iovem,'’

3899 2903 3943 2952 et
3889 2592 3941 2872 reddiderat
3885 2412 3934 2557 etiam
3880 2168 3929 2379 Ennius:

3967 2497 4031 2821 „Adspice
3962 2332 4009 2451 hoc
3956 2008 4006 2282 sublime
3947 1651 4004 1971 candens,
3957 1421 4009 1599 quem
3955 1286 3986 1385 vo-

4038 1955 4081 2106 cant
4042 1703 4078 1917 omnes
4016 1305 4078 1666 Iovem’'²³²²'·²).

4146 2829 4198 2881 Χ)
4144 2669 4186 2801 Ennii
4142 2478 4196 2643 fragm.
4153 2407 4180 2448 n.
4137 2339 4179 2379 6.

4215 2825 4269 2899 Ν)
4213 2727 4255 2795 Cf.
4212 2535 4253 2696 Matth.
4210 2343 4250 2494 incert.
4205 2150 4259 2312 fragm.
4215 2081 4241 2121 n.
4200 2017 4240 2057 1.
4196 1788 4239 1957 Welck.
4209 1721 4249 1762 p.
4190 1602 4233 1698 682.
4181 1279 4230 1544 celebratis-

4283 2686 4325 2799 sima
4282 2544 4324 2657 haec
4279 2400 4333 2516 apud
4274 2180 4329 2377 antiquos
4271 1972 4314 2161 fuerunt.

4327 1612 4378 1711 12*
