5010 3336
3860 2141 3917 2266 476

3729 1359 3778 1620 hortandis
3713 1645 3776 1819 magiS,
3710 1856 3757 1999 quam
3703 2032 3771 2356 delectandis‚
3714 2393 3763 2580 civibus
3696 2612 3746 2814 operam
3694 2842 3757 3058 dedisse,

3647 1360 3697 1596 tribuisse
3631 1630 3694 1858 personis
3644 1896 3675 1978 eas
3626 2012 3687 2275 orationes,
3620 2315 3667 2441 quae
3616 2477 3680 2630 magis
3625 2672 3678 3056 Atheniensibus

3553 1357 3615 1556 cognitu
3555 1593 3614 1855 salutares,
3548 1895 3594 2039 quam
3543 2077 3590 2401 personarum
3551 2437 3599 2626 caussis
3544 2653 3594 3058 accommodatae

3477 1359 3527 1559 essent,
3470 1617 3531 1823 quilibet
3479 1871 3527 2021 videt.
3461 2091 3525 2268 Neque
3474 2314 3505 2410 non
3456 2459 3512 2600 grato
3468 2636 3515 2798 animo
3466 2833 3514 2959 haec
3463 2996 3511 3056 ab

3403 1355 3453 1743 Atheniensibus
3384 1789 3441 2023 accepta,
3380 2074 3429 2234 neque
3391 2279 3441 2571 frustratum
3388 2618 3419 2730 esse
3369 2765 3433 3057 Euripidem

3324 1354 3372 1524 fructu
3323 1563 3370 1715 studii
3317 1750 3368 2089 honestissimi
3314 2138 3355 2221 aut
3310 2258 3360 2551 destitutum
3294 2601 3356 2775 laude,
3289 2829 3335 2956 quae
3303 3004 3347 3056 et

3228 1355 3290 1546 patriae
3242 1584 3290 1689 eius
3240 1727 3286 1880 amori
3222 1918 3284 2062 plane
3219 2099 3281 2327 singulari
3231 2366 3271 2416 et
3228 2452 3274 2682 carminis
3210 2721 3271 3055 praestantiae

3152 1356 3210 1647 deberetur,
3161 1686 3191 1744 ex
3141 1783 3207 2000 Lycurgi
3154 2039 3201 2200 verbis
3134 2239 3200 2556 intelligitur:
3145 2596 3196 2678 διὸ
3144 2714 3195 2799 καὶ
3131 2837 3193 3055 δικαίως

3080 1354 3129 1422 ἄν
3071 1457 3112 1533 τις
3063 1571 3129 1871 Εὐριπίδην
3061 1909 3127 2241 ἐπαινέσειεν,
3070 2279 3122 2358 ὅτι
3068 2392 3117 2455 τα
3067 2490 3099 2542 τε
3063 2578 3112 2709 ἄλλα
3062 2747 3114 2823 ὢν
3046 2847 3113 3055 ἀγαθὸς

2983 1351 3049 1574 ποιητὴς
2998 1609 3049 1698 καὶ
2995 1732 3042 1927 τοῦτον
2992 1965 3043 2059 τὸν
2975 2094 3035 2277 μῦθον
2974 2312 3036 2580 προείλετο
2964 2616 3027 2850 ποιῆσαι,
2963 2887 3029 3052 ἡγού-

2900 1350 2948 1509 μενος
2914 1544 2966 1825 κάλλιστον
2912 1863 2964 1929 ἂν
2895 1977 2959 2228 γενέσθαι
2897 2276 2952 2387 τοῖς
2891 2432 2952 2669 πολίταις
2882 2718 2948 3054 παράδειγμα

2824 1352 2885 1444 τὰς
2834 1481 2886 1697 ἐκείνων
2819 1726 2882 1951 προέξεις,
2813 1991 2877 2124 πρὸς
2816 2150 2875 2211 ἃς
2808 2239 2876 2641 ἀποβλέποντας
2817 2662 2868 2748 καὶ
2802 2773 2862 3051 θεωροῦν-

2742 1348 2783 1441 τας
2740 1489 2802 1866 συνεθίζεσθαι
2737 1920 2793 2034 ταῖς
2729 2082 2790 2275 ψυχαῖς
2741 2326 2792 2384 τὸ
2723 2435 2790 2532 τὴν
2722 2582 2785 2811 πατρίδα
2720 2861 2781 3050 φιλεῖν.

2671 1347 2718 1414 Et
2671 1461 2713 1674 testatur
2666 1710 2717 2007 Plutarchus
2663 2058 2710 2103 in
2663 2153 2710 2251 vita
2658 2288 2709 2458 Niciae
2644 2495 2701 2559 (c,
2656 2597 2700 2642 9.
2639 2676 2685 2722 p.
2639 2759 2700 2899 529.)
2653 2939 2684 3051 car-

2589 1344 2636 1473 mina
2590 1536 2637 1659 haec
2586 1720 2635 1933 iucunda
2580 1978 2630 2363 Atheniensibus
2575 2428 2625 2586 fuisse
2559 2650 2614 2797 atque
2573 2858 2620 2907 in
2572 2963 2604 3050 ore

2508 1346 2555 1562 omnium
2508 1598 2549 1791 versata
2494 1830 2535 1971 esse3
2500 2024 2543 2274 testantur
2498 2312 2545 2441 idem
2482 2482 2541 2724 artifices,
2480 2762 2524 2869 res,
2477 2924 2523 3050 quae

2412 1343 2476 1600 Euripidis
2425 1640 2473 1864 dramate
2406 1903 2468 2311 continebantur,
2414 2351 2463 2623 simulacris
2396 2668 2453 3046 repraesentan-

2345 1343 2388 1434 teS.
2344 1506 2394 1838 Nihilominus
2325 1878 2389 2236 Aristophanes
2335 2274 2380 2517 contraria
2320 2555 2363 2754 eorum,
2316 2789 2362 2913 quae
2330 2949 2362 3046 non

2264 1342 2311 1436 hac
2254 1475 2307 1697 tantum,
2263 1750 2309 1839 scd
2259 1875 2307 2103 omnibus
2257 2143 2305 2250 fere
2254 2287 2302 2466 sabulis
2235 2503 2298 2769 Euripides
2239 2807 2297 2952 fecit,
2249 3001 2296 3047 ei

2183 1343 2231 1535 crimini
2174 1585 2231 1750 dedit,
2182 1817 2228 1948 vitiis
2180 1996 2221 2045 et
2175 2095 2223 2371 sceleribus
2157 2426 2217 2856 repraesentandis
2168 2904 2216 3048 unice

2102 1343 2133 1456 eum
2103 1510 2151 1761 studuisse
2088 1812 2149 2098 affirmans,
2099 2160 2128 2186 a
2096 2244 2142 2425 virtute
2093 2474 2134 2637 autem
2092 2690 2131 2740 et
2088 2785 2137 3047 honestate

2023 1342 2072 1650 ostendenda
2018 1678 2069 1990 abstinuisse.
2006 2066 2066 2159 Qui
2018 2188 2064 2282 nisi
2002 2312 2062 2617 calumniari,
1996 2643 2042 2789 quam
1994 2814 2041 3044 arguere,

1932 1338 1990 1610 maluisset,
1943 1647 1990 1774 hanc
1940 1810 1989 2027 fabulam
1936 2067 1984 2284 omnium
1934 2321 1979 2535 maxime
1917 2571 1977 2820 exagitare
1928 2857 1977 3043 debuit.

1862 1337 1912 1575 Profecto
1863 1623 1908 1751 enim
1846 1803 1907 1915 qni,
1858 1968 1905 2150 oblitus
1840 2199 1886 2443 personae
1838 2491 1893 2696 poetae,
1850 2752 1892 2883 tanta
1847 2930 1879 3042 cum

1780 1338 1829 1603 ambitione
1764 1640 1826 1981 praeceptoris
1759 2018 1823 2379 monitorisque
1757 2421 1813 2590 partes
1757 2627 1817 2754 egit,
1770 2801 1811 2853 ut
1768 2890 1811 2939 et
1768 2974 1814 3043 vi—

1700 1337 1732 1420 ros
1702 1471 1743 1521 et
1700 1570 1749 1782 seminas
1698 1833 1740 1883 et
1682 1920 1744 2131 virgines
1694 2169 1741 2291 alios
1678 2329 1732 2443 post
1691 2478 1738 2600 alios
1688 2638 1737 2901 induceret
1686 2936 1730 3043 tan-

1604 1338 1651 1483 quam
1619 1520 1662 1744 oratores
1601 1782 1647 1871 pro
1615 1908 1661 2086 rostris
1601 2136 1661 2387 dicentes,
1596 2443 1657 2581 quasi
1608 2631 1650 2716 aut
1607 2760 1655 2809 in
1607 2858 1654 3041 bellum

1524 1336 1587 1653 profecturos
1537 1693 1584 1827 cives
1534 1864 1583 2187 hortarentur
1532 2238 1573 2323 aut
1531 2378 1578 2426 in
1530 2463 1575 2568 acie
1527 2604 1576 2897 interfectos
1527 2936 1574 3039 lau-

1447 1338 1506 1531 darent,
1458 1570 1503 1627 ab
1456 1667 1502 1909 eiusmodi
1440 1944 1501 2094 igitur
1437 2131 1493 2274 poeta
1451 2303 1497 2342 si
1435 2365 1497 2476 quis
1448 2496 1495 2739 abiectam
1448 2766 1478 2878 esse
1447 2903 1478 3038 sum-

1377 1338 1409 1468 mam
1360 1508 1424 1726 tragicae
1375 1761 1422 1881 artis
1358 1920 1423 2006 (τὰ
1357 2041 1423 2258 μέγιστα
1354 2303 1416 2622 παραλιπεῖν
1349 2656 1412 2748 τῆς
1346 2780 1415 3038 τραγῳδι-

1280 1336 1343 1434 κῆς
1280 1470 1349 1670 τέχνης,
1294 1708 1341 1857 Arist.
1292 1896 1340 2025 Nub.
1275 2064 1336 2237 1494.)
1276 2275 1328 2503 accuset,
1286 2541 1317 2653 eum
1285 2692 1331 2798 iure
1284 2834 1331 3037 merito—

1201 1336 1247 1432 que
1214 1486 1246 1721 accusare
1210 1770 1260 2105 confitendum
1205 2156 1254 2268 erit.
1194 2350 1254 2569 Quorum
1206 2617 1252 2736 nihil
1205 2786 1252 2909 secit
1205 2954 1236 3035 ca—

1123 1334 1183 1629 lumniat0r3
1120 1669 1181 1784 quin
1131 1822 1179 1970 etiam
1128 2007 1176 2054 in
1127 2083 1160 2223 suum
1125 2252 1158 2393 usum
1124 2422 1171 2753 convertendo
1122 2791 1170 3036 orationes

1055 1333 1103 1443 illas
1037 1483 1100 1840 comprobavit.
