5010 3336
1213 3290 1233 3303 ἷ-
1214 3236 1244 3278 Al'jss

2014 3304 2019 3312 '
2013 3231 2045 3284 PH»-

3417 3243 3491 3322 uit.

1761 3231 1804 3268 ln!

1050 2153 1103 2268 107

1196 2955 1259 3049 Qui
1211 2756 1259 2921 quum,
1200 2520 1258 2722 tyranno
1193 2333 1242 2491 omnia
1193 2155 1240 2305 maria
1206 1864 1252 2130 omnesque
1197 1687 1239 1841 terras
1195 1468 1241 1662 tenente
1193 1387 1258 1453 ³⁸),

1292 2889 1339 3051 neque
1276 2588 1339 2854 effugiendi
1275 2404 1321 2551 ullam
1272 2090 1319 2372 facultatem
1270 1836 1331 2056 haberet,
1278 1749 1318 1799 et
1288 1690 1318 1715 a
1272 1487 1321 1655 Minoe
1275 1386 1321 1446 ad

1356 2787 1402 3053 immensas
1354 2422 1402 2752 aedificiorum
1351 2234 1398 2388 moles
1349 1878 1397 2197 exstruendas
1357 1556 1412 1841 cogeretur,
1354 1384 1401 1510 hanc

1435 2896 1499 3052 ipsam
1436 2798 1482 2859 ob
1449 2543 1481 2761 caussam
1448 2398 1478 2507 cum
1430 2206 1493 2371 regina
1429 1865 1493 2174 conspirasse
1430 1636 1489 1842 videtur,
1449 1385 1495 1585 sperans

1530 2996 1561 3050 se
1514 2817 1561 2962 huius
1529 2634 1576 2780 opera
1511 2324 1572 2600 auxilioque
1510 2017 1556 2278 liberatum
1509 1892 1557 1969 iri.
1508 1738 1556 1808 Ea
1526 1578 1572 1691 spes
1530 1383 1574 1528 quum

1593 2907 1640 3050 simul
1610 2763 1640 2871 cum
1592 2495 1640 2729 felicitate
1590 2267 1652 2461 reginae
1590 1957 1648 2234 interisset,
1588 1811 1635 1919 fieri
1591 1593 1651 1777 potuit,
1597 1505 1638 1557 ut
1609 1382 1639 1469 ex-

1678 2893 1720 3049 trema
1672 2692 1720 2856 conari
1678 2611 1718 2658 et
1670 2318 1733 2578 populum,
1669 2082 1716 2263 Minois
1669 1790 1730 2045 imperium
1686 1490 1731 1747 perosum,
1672 1380 1717 1440 ad

1754 2723 1816 3051 usurpandam
1751 2414 1797 2685 libertatem
1765 2205 1795 2379 vocare
1749 1847 1795 2183 constitueret.
1747 1554 1813 1780 Magnam
1750 1379 1797 1508 enim

1831 2895 1879 3051 fuisse
1830 2663 1893 2843 ingenii
1830 2524 1876 2629 eius
1828 2123 1875 2488 admirationem
1843 1759 1891 2077 magnamque
1829 1583 1893 1711 apud
1830 1378 1893 1549 vulgus

1912 2848 1973 3051 gratiam
1909 2350 1969 2784 auctoritatemque
1913 1926 1956 2303 consentaneum
1915 1775 1955 1865 est.
1909 1378 1957 1691 Praetextum

1996 2887 2037 3050 autem
1994 2707 2052 2852 atque
1988 2256 2051 2673 opportunitatem
2002 2018 2050 2220 magnae
1987 1732 2036 1982 hominum
1988 1377 2037 1697 multitudinis

2070 2685 2133 3049 congregandae
2083 2512 2131 2660 opera
2067 2362 2130 2487 ipsa,
2084 2211 2130 2334 quae
2066 2010 2114 2195 exstrui
2083 1898 2114 1983 rex
2068 1646 2127 1871 iusserat,
2068 1378 2132 1609 suppedi-

2150 2865 2210 3050 tabant,
2155 2775 2196 2829 ut
2149 2661 2195 2740 hic
2148 2581 2194 2629 in
2147 2365 2195 2554 insidiis
2147 2244 2193 2337 sibi
2146 1972 2193 2218 struendis
2146 1677 2195 1945 Daedalum
2149 1540 2211 1645 ipse
2149 1378 2196 1515 adiu-

2234 2897 2279 3049 varet.
2229 2598 2276 2826 Ceterum
2243 2492 2274 2552 ex
2226 2259 2274 2459 Daedali
2226 1946 2288 2224 Minoisque
2227 1656 2289 1893 colloquio
2229 1378 2291 1608 deprom-

2313 2943 2357 3049 tum
2325 2786 2356 2898 esse
2307 2530 2354 2741 arbitror
2323 2254 2361 2479 versum,
2322 2048 2366 2190 quem
2305 1751 2368 1985 Sophocli
2307 1375 2371 1693 Euripidique

2404 2739 2435 3046 communem
2386 2546 2433 2703 fuisse
2386 2333 2447 2523 quidam
2391 1981 2439 2288 censuerunt,
2385 1858 2431 1945 sed
2386 1471 2449 1817 locupletiores
2394 1375 2436 1448 te—

2472 2945 2514 3046 stes
2466 2595 2515 2913 Antisthenes
2464 2472 2526 2571 (ap.
2464 1806 2526 2441 schol.Aristoph.'l'hesm.
2466 1622 2528 1785 v.2l.)
2472 1542 2514 1592 et
2467 1375 2516 1512 Plato

2546 2833 2610 3045 (Theag.
2565 2755 2610 2801 p.
2546 2622 2591 2730 125.
2544 2514 2604 2587 D.,
2544 2354 2605 2475 Rep.
2543 2203 2590 2322 Vlll.
2560 2139 2604 2183 p.
2547 2010 2591 2118 568.
2542 1907 2606 1986 Δ.)
2544 1769 2591 1883 huic
2546 1651 2592 1741 soli
2552 1374 2595 1624 asserunt:

2622 2753 2689 2914 σοφοὶ
2622 2467 2684 2720 τύραννοι
2622 2327 2670 2434 τῶν
2622 2106 2685 2291 σοφῶν
2621 1800 2688 2071 ξυνουσίᾳ.

2706 2879 2753 3046 Potuit
2705 2784 2751 2832 in
2703 2485 2766 2742 Sophoclis
2704 2224 2750 2450 Aiantem
2703 1981 2750 2190 Locrum
2705 1844 2751 1943 sive
2705 1750 2751 1808 ab
2704 1606 2768 1715 ipso
2705 1469 2754 1569 sive
2708 1375 2755 1433 ab

2784 2699 2847 3049 interpolatore
2782 2398 2841 2674 transferri,
2798 2203 2845 2361 neque
2783 1920 2846 2167 Euripidis
2800 1715 2832 1886 caussa
2785 1472 2833 1689 elevatur
2787 1373 2835 1447 in-

2866 2916 2914 3045 dicio
2864 2578 2912 2865 scholiastae
2862 2280 2910 2532 cuiusdam
2863 2173 2910 2235 ad
2863 1875 2926 2124 Aristoph.
2863 1625 2911 1828 Thesm.
2867 1500 2913 1589 21:
2866 1373 2917 1433 τὸ

2944 2870 3010 3046 μέντοι
2943 2643 3008 2833 δρᾶμα,
2940 2551 2991 2607 ἐν
2931 2476 3007 2515 ᾧ
2936 2142 3005 2439 Εὐρίπίδης
2945 1942 2991 2107 ταῦτα
2935 1736 3003 1907 εἶπεν,
2943 1636 2993 1699 οὐ
2945 1374 3006 1599 σώζεται.

3026 2778 3075 3046 Rarissima
3025 2607 3073 2735 euim
3023 2394 3071 2550 fuisse
3023 2199 3070 2342 huius
3023 1871 3086 2153 tragoediae
3027 1533 3089 1823 exemplaria
3030 1370 3078 1484 inde

3111 2813 3169 3045 apparet,
3105 2634 3168 2761 quod
3102 2367 3151 2579 Stobaeo
3104 2188 3150 2315 nulla
3120 2095 3149 2152 ea
3104 1893 3150 2060 utendi
3106 1718 3169 1856 copia
3106 1575 3155 1681 fuit.
3108 1372 3169 1508 Plus,

3201 2900 3247 3044 quam
3184 2525 3247 2840 interpretis,
3182 2226 3246 2478 Euripidis
3182 2024 3245 2180 ipsius
3184 1846 3231 1974 valet
3187 1501 3250 1795 auctoritas,
3191 1371 3253 1454 qui

3263 2735 3312 3044 Mnesilocho
3264 2563 3310 2691 illam
3262 2220 3309 2509 sententiam
3263 1874 3325 2170 respiciente
3291 1777 3300 1840 —

3336 2798 3392 2911 οἶόν
3340 2708 3391 2756 τί
3356 2568 3390 2673 που
3337 2402 3388 2533 ’στὶν
3339 2312 3388 2366 αῖ
3338 2117 3401 2278 σοφαὶ
3340 1778 3400 2083 ξυνουσίαις
3372 1697 3379 1755 -—-

3422 2847 3484 3044 πολλοὶ,
3424 2613 3486 2795 inquit,
3420 2499 3469 2563 ἂν
3419 2259 3483 2452 μάθοις
3423 2008 3469 2225 τοιαῦτα
3424 1851 3484 1974 παρ’
3421 1669 3487 1812 ἐμοῦ.
3426 1372 3475 1599 Ceterum

3504 2981 3553 3044 cf.
3503 2767 3551 2946 Matth.
3502 2557 3566 2728 fragm.
3504 2431 3549 2522 inc.
3519 2347 3564 2395 p.
3504 2215 3547 2311 4:33
3517 2056 3564 2177 seq„
3502 1799 3553 2013 Boeckh.
3510 1646 3567 1767 trag.
3521 1550 3567 1618 gr.
3507 1370 3568 1525 princ.

3586 2931 3631 3046 247.
3583 2599 3630 2862 Praeterea
3582 2189 3639 2549 altercationis,
3598 1999 3643 2141 quam
3583 1903 3631 1952 in
3583 1591 3633 1858 Daedalum
3587 1369 3635 1545 fecerit

3662 2862 3723 3042 Minos,
3678 2714 3725 2827 pars
3662 2558 3709 2678 mihi
3678 2412 3709 2522 esse
3662 2184 3709 2377 videtur
3661 1974 3727 2149 fragm.
3665 1825 3712 1937 216.
3664 1583 3714 1791 Matth.:

3769 2848 3777 2913 -—
3770 2719 3778 2777 --
3740 2620 3806 2652 ἢ
3744 2364 3805 2583 φρονεῖν
3738 2074 3790 2329 ἐλάσσονα

3819 2878 3886 2911 ἢ
3820 2579 3872 2841 δύνασθαι
3821 2465 3872 2543 δεῖ
3834 2374 3872 2429 σε
3822 2151 3886 2341 μείζον’
3850 2032 3858 2097 ·-
3850 1887 3874 1967 —-.

3902 2864 3951 3042 Parodi
3908 2669 3951 2831 autem
3904 2281 3968 2634 fragmentum,
3904 2102 3967 2231 quod
3920 1912 3967 2060 supra
3906 1370 3963 1867 commemoravimus,

3984 2946 4032 3042 hoc
3988 2809 4031 2911 est:

4208 2934 4261 2982 ²²)
4207 2701 4264 2904 Thucyd.
4209 2633 4259 2669 l,
4208 2565 4250 2605 5.
4208 2351 4251 2533 Ovidius
4210 2292 4250 2321 l.
4210 2233 4249 2262 1.
4222 2160 4250 2202 v.
4206 2034 4249 2131 185.
