5010 3336
3937 2105 3997 2227 506

3795 1332 3859 1394 (v.
3794 1433 3855 1572 830.)
3804 1609 3855 1866 Socratem
3787 1910 3840 2057 poeta
3794 2102 3845 2369 maledicus
3789 2402 3843 2661 Melium
3771 2698 3829 3006 cognomina-

3730 1326 3777 1397 vit
3709 1430 3777 1741 (Σωκράτης
3723 1774 3774 1804 ὁ
3705 1838 3770 2101 Μήλιος),
3702 2151 3762 2281 quod
3712 2318 3755 2453 esset
3709 2497 3758 2625 idem
3707 2662 3738 2718 ac
3706 2767 3751 2807 si
3700 2841 3751 3009 ἄθεον

3649 1327 3697 1431 sive
3628 1464 3694 1736 θεομάχον
3626 1771 3688 2040 appellaret
3622 2074 3687 2142 *).
3618 2213 3683 2384 Neque
3628 2431 3677 2668 absonum
3624 2718 3667 2795 est
3606 2843 3667 3006 suspi-

3568 1324 3615 1425 cari
3550 1459 3611 1692 populum
3546 1726 3611 2131 Atheniensium,
3541 2181 3587 2325 quum
3552 2361 3595 2498 antea
3534 2533 3580 2623 per
3528 2658 3589 2881 tempora
3524 2916 3571 3005 pe-

3486 1322 3536 1570 stilentiae
3484 1612 3530 1674 ad
3479 1720 3522 2020 contemtum
3475 2068 3524 2271 deorum
3457 2322 3504 2506 pronus
3454 2543 3517 2745 fuisset,
3447 2796 3503 3003 repente

3406 1318 3450 1563 mutatum
3405 1599 3452 1659 ad
3400 1706 3450 1910 deorum
3398 1947 3440 2130 metum
3396 2176 3426 2232 ac
3376 2278 3441 2556 religiosam
3370 2605 3429 3000 superstitionem

3327 1317 3377 1537 redisse:
3324 1574 3371 1713 cuius
3321 1748 3369 1819 rei
3316 1848 3368 2192 documentum
3301 2229 3356 2321 est,
3297 2359 3357 2505 quod,
3292 2530 3349 2686 peste,
3303 2724 3365 2834 cum
3286 2862 3347 2999 paul-

3247 1314 3297 1469 lulum
3243 1504 3293 1785 intermissa
3227 1815 3288 2009 fuisset,
3220 2044 3294 2442 recrudescente,
3225 2480 3274 2728 oraculum
3207 2758 3270 2999 Apollinis

3168 1316 3216 1380 de
3164 1435 3211 1655 remedio
3159 1713 3207 2049 consultarunt
3140 2109 3204 2315 eiusque
3150 2373 3198 2510 iussu
3145 2564 3195 2735 Delum
3140 2790 3190 2997 insulam

3071 1313 3134 1555 sepulcris
3081 1603 3125 1905 mortuorum
3061 1952 3117 2223 purgarunt
3072 2272 3115 2322 et
3069 2357 3103 2494 sacra
3062 2529 3115 2859 instaurarunt
3046 2893 3111 2994 **).

3007 1314 3057 1430 Inde
3005 1467 3052 1613 etiam
3003 1648 3050 1695 in
2984 1732 3049 2086 philosophos,
2982 2134 3029 2339 quorum
2972 2377 3038 2633 disciplina
2982 2668 3032 2871 deorum
2980 2910 3012 2995 re-

2927 1308 2974 1530 verentia
2922 1567 2972 1788 imminui
2906 1823 2968 2101 videretur,
2916 2147 2963 2266 iram
2906 2305 2955 2626 excanduisse
2902 2660 2936 2867 necesse
2887 2902 2943 2993 est,

2833 1307 2880 1467 neque
2832 1502 2892 1688 dubito,
2828 1726 2889 1841 quin
2839 1876 2887 1957 illo
2821 1992 2881 2217 tempore
2817 2241 2883 2472 Diagoras
2813 2502 2870 2649 atque
2807 2674 2872 2991 Protagoras,

2769 1306 2816 1350 si
2765 1404 2815 1611 Athenis
2746 1659 2811 1940 degissent‚
2756 2003 2802 2169 statim
2752 2216 2801 2397 iudicio
2745 2443 2797 2764 circumventi
2739 2821 2782 2992 essent

2671 1305 2734 1582 capitisque
2680 1629 2732 1861 damnati.
2667 1950 2726 2142 Quibus
2670 2192 2722 2476 absentibus
2665 2539 2714 2747 invidiae
2651 2798 2710 2859 ii,
2645 2909 2706 2988 qui

2598 1302 2654 1524 aderant,
2604 1563 2652 1761 obnoxii
2589 1792 2650 2007 suerunt,
2584 2045 2630 2138 qua
2595 2172 2639 2313 utens
2577 2351 2633 2718 opportunitate
2581 2736 2633 2989 Socratem

2524 1300 2575 1756 innocentissimum
2506 1794 2567 2043 comicus,
2503 2095 2549 2190 quo
2514 2227 2547 2369 nemo
2508 2404 2557 2692 malitiosior
2492 2728 2554 2842 fnit,
2502 2889 2545 2988 tra-

2446 1298 2494 1456 duxit.
2441 1539 2492 1922 considerantes
2438 1973 2470 2140 eorum
2416 2187 2483 2627 philosophorum,
2412 2680 2472 2762 qui
2421 2809 2469 2987 merito

2351 1296 2413 1645 arguebantur,
2346 1682 2407 2000 sententiam,
2356 2039 2404 2241 eandem
2353 2279 2401 2326 in
2351 2364 2400 2569 Hecuba
2331 2603 2393 2787 respici
2344 2822 2385 2870 et
2342 2904 2372 2986 re-

2286 1294 2334 1386 bus
2267 1422 2330 1687 verbisque
2280 1723 2328 1930 refutari
2262 1966 2325 2303 intelligimus.
2254 2375 2319 2630 Diagoram
2265 2669 2312 2796 enim
2260 2832 2308 2986 tradit

2204 1294 2254 1475 Sextus
2186 1512 2251 1796 Empiricus
2184 1847 2249 1976 (adv.
2194 2013 2245 2175 Math.
2179 2213 2225 2258 p.
2179 2297 2241 2432 318.)
2188 2486 2237 2657 iniuria
2187 2708 2217 2734 a
2170 2770 2228 2981 quodam

2111 1292 2172 1546 affectum,
2123 1584 2154 1694 cum
2122 1731 2168 1773 is
2118 1811 2167 2123 iureiurando
2099 2159 2162 2455 interposito
2107 2479 2157 2775 maleficium
2103 2800 2151 2980 infitia-

2046 1290 2089 1369 tus
2044 1417 2088 1553 esset
2027 1598 2075 1760 neque
2039 1808 2089 1954 ullam
2024 2007 2084 2210 periurii
2018 2243 2066 2451 poenam
2032 2489 2061 2515 a
2030 2552 2077 2646 diis
2009 2683 2071 2977 accepisset,

1950 1289 2012 1519 coepisse
1963 1554 2011 1673 deos
1962 1700 1993 1813 esse
1943 1844 1992 2027 negare
1940 2052 1999 2197 atque
1953 2226 2001 2375 etiam
1949 2402 1983 2596 carmen
1928 2623 1990 2977 composuisse,

1884 1289 1931 1429 cuius
1884 1464 1931 1562 hoc
1882 1599 1931 1749 fuerit
1878 1782 1927 1996 initium:

1802 1417 1854 1552 κατὰ
1786 1587 1852 1817 δαίμονα
1798 1851 1849 1941 καὶ
1780 1975 1847 2138 τύχην
1792 2172 1843 2346 πάντα
1788 2380 1838 2610 τελεῖται.

1722 1284 1773 1539 inducitur
1722 1573 1768 1631 ab
1704 1658 1768 1896 Euripide
1715 1934 1766 2116 femina
1715 2152 1744 2179 a
1713 2208 1759 2302 diis
1692 2339 1759 2715 hominibusque
1701 2741 1753 2975 destituta

1644 1284 1686 1333 et
1642 1366 1690 1557 iniuriis
1640 1594 1673 1689 non
1638 1725 1685 1885 minus
1620 1923 1683 2230 perfidorum
1630 2265 1677 2532 amicorum
1613 2571 1659 2712 quam
1621 2750 1673 2967 hostium

1547 1283 1609 1686 triumphantium
1542 1723 1603 1975 exposita,
1556 2022 1598 2077 ut
1553 2111 1600 2231 nihil
1534 2267 1582 2474 usquam
1532 2510 1595 2684 refugii
1545 2716 1591 2791 vel
1528 2826 1574 2970 prae-

1484 1283 1531 1396 sidii
1480 1443 1528 1661 invenire
1463 1717 1510 1869 posse
1461 1914 1524 2169 videatur,
1457 2222 1503 2364 quam
1452 2400 1516 2695 Talthybius
1464 2743 1512 2793 in
1461 2838 1505 2969 terra

1387 1282 1444 1572 prostratam
1386 1609 1447 1798 videns,
1397 1839 1454 1879 ὦ
1383 1918 1442 2039 Ζεῦ,
1378 2075 1439 2250 inquit,

1321 1543 1371 1593 τί
1306 1624 1369 1781 Ragau
1298 1815 1365 2011 πότερά
1312 2044 1360 2091 σ’
1295 2126 1362 2451 ἀνθρώπους
1293 2486 1357 2645 (iodim),-

1227 1410 1293 1443 ἢ
1229 1481 1292 1644 δόξαν
1225 1679 1284 1850 ἄλλως
1217 1886 1282 2042 τήνδε
1212 2078 1275 2365 κεκτῆσθαι
1211 2400 1275 2570 μάτην

1144 1410 1210 1602 ψευδῆ,
1142 1642 1206 1936 δοκοῦντας
1134 1973 1200 2247 δαιμόνων
1146 2283 1201 2417 εἶναι
1131 2451 1196 2619 γένος,

1064 1403 1130 1570 τύχην
1077 1606 1128 1663 δὲ
1071 1697 1122 1868 πάντα
1069 1901 1119 1999 τάν
1051 2035 1116 2245 βροτοῖς
1064 2279 1118 2581 ἐπισκοπεῖν
1054 2593 1091 2613 ,·

962 1330 1015 1375 ³¹=²)
971 1406 1015 1559 Schol.
967 1588 1016 1713 Ἐπεὶ
947 1735 1007 1985 Διαγόρας,
947 2014 1003 2197 Μήλιος
947 2228 1003 2305 ὤν,
943 2338 1001 2594 διεβάλλετο
948 2621 998 2681 ιὸς
942 2710 994 2958 ιθεομάχος,

902 1412 945 1491 καὶ
899 1522 945 1604 τὸν
879 1634 937 1867 Σωκράτη
890 1897 934 1946 δὲ
881 1978 933 2039 ὥς
886 2067 932 2214 ἄθεον
872 2238 931 2484 διαβάλλει,
884 2514 928 2592 διὰ
883 2615 925 2751 τοῦτο
869 2773 926 2959 Μήλιον

830 1413 857 1557 αυτον
813 1587 854 1691 εφη.

750 1305 804 1381 aff)
760 1410 803 1540 Diod.
758 1569 799 1599 1.
756 1630 796 1659 1.
