5010 3336
3926 2182 3984 2299 140

3800 1406 3849 1523 facit
3796 1556 3847 1832 certiorem.
3792 1901 3843 2109 Auditur
3772 2143 3841 2409 Chrysippi
3786 2443 3820 2532 vox
3779 2568 3831 2814 clamantis
3777 2847 3821 2898 et
3775 2925 3825 3067 fami-

3722 1405 3769 1516 liam
3716 1550 3766 1851 concitantiS.
3697 1919 3763 2316 Trepidationem
3702 2370 3756 2637 sceleratae
3697 2682 3749 2900 mulieris
3693 2949 3744 3069 haec

3640 1401 3690 1651 declarant
3636 1683 3686 1858 verba:

3574 1531 3582 1593 —-
3542 1630 3606 1818 „quid
3539 1852 3599 2076 agam?
3552 2109 3584 2228 vox·
3547 2263 3597 2458 illius
3543 2495 3585 2673 certe
3539 2708 3590 2859 est.’'

3468 1399 3517 1523 quae
3477 1556 3527 1808 confirmat
3475 1842 3525 2048 chorus:

3386 1959 3444 2071 „ld
3389 2106 3439 2354 etenim
3386 2384 3420 2590 omnes
3377 2625 3430 2997 cernimu8.”

3308 1397 3372 1599 Aufugit
3304 1631 3369 1984 Hippodamia3
3301 2020 3360 2247 accurrit,
3310 2285 3342 2344 ex
3306 2371 3341 2541 somno
3290 2563 3352 2818 excitatus,
3283 2854 3351 3060 Pelops3

3245 1393 3292 1444 in
3242 1490 3275 1684 scenam
3226 1727 3288 1960 effertur,
3222 2009 3284 2167 gladio
3231 2214 3280 2263 in
3215 2309 3272 2509 pectore
3213 2543 3273 2675 fixo,
3202 2739 3272 3060 Chrysippus,

3163 1392 3214 1605 Sceleris
3159 1641 3203 1895 accusatur
3156 1928 3206 2102 Laius:
3151 2136 3202 2330 videtur
3148 2363 3196 2491 enim
3147 2526 3193 2614 sub
3130 2644 3186 2898 praetextu
3138 2926 3171 3059 amo-

3085 1390 3133 1458 ris
3076 1493 3131 1576 nil,
3082 1612 3130 1706 nisi
3065 1741 3127 2010 perniciem
3060 2043 3121 2198 pueri,
3071 2252 3120 2344 sibi
3053 2380 3115 2687 propositum
3049 2719 3112 2972 habuisse,
3058 3008 3101 3060 et

3004 1388 3055 1567 indicia
3002 1601 3049 1758 omnia
2999 1791 3049 1840 in
2998 1886 3031 1997 eum
2980 2043 3040 2357 conveniunt,
2975 2407 3037 2538 quod
2970 2586 3034 2796 abripuit
2965 2834 3012 3057 puerum,

2910 1388 2973 1517 quod
2924 1567 2972 1616 in
2920 1670 2970 1842 eodem
2915 1891 2965 2114 cubiculo
2898 2159 2960 2417 quiescere
2896 2463 2956 2643 voluit,
2888 2692 2951 2820 quod
2885 2866 2948 3058 gladius

2831 1385 2894 1539 ipsius
2827 1586 2889 1780 corpori
2838 1824 2888 2001 infixus
2836 2036 2878 2126 est.
2832 2194 2882 2311 Laio
2830 2346 2864 2441 non
2826 2467 2878 2677 habente
2809 2710 2856 2806 quo
2818 2855 2868 3058 crimina

2764 1382 2813 1538 diluat
2747 1573 2810 1846 iratumque
2741 1878 2808 2083 hospitis
2752 2117 2803 2331 animum
2734 2366 2799 2574 mitiget,
2727 2612 2795 2919 Chrysippus
2739 2950 2772 3055 mo-

2672 1383 2733 1642 ribundus,
2682 1690 2715 1908 caussam
2665 1943 2712 2035 pro
2674 2069 2723 2222 amico
2659 2258 2721 2453 dicens,
2670 2501 2701 2528 a
2664 2574 2701 2782 noverca
2662 2816 2696 2870 se
2659 2903 2709 3055 inter-

2604 1380 2654 1567 fectum
2604 1603 2636 1713 esse
2600 1746 2650 1974 ostendit.
2580 2039 2646 2415 Hippodamiam
2580 2451 2639 2640 famuli,
2572 2675 2633 2758 qui
2584 2781 2631 2842 ad
2565 2866 2629 3054 suppli-

2526 1378 2574 1507 cium
2523 1542 2572 1787 adducere
2508 1819 2570 2074 iubentur,
2516 2111 2549 2171 ex
2513 2206 2563 2405 civitate
2493 2439 2560 2691 aufugisse
2500 2724 2551 2950 nuntiant
2486 2975 2551 3054 *);

2431 1376 2494 1729 aegritudinem
2427 1764 2489 1891 regis
2438 1928 2488 2106 chorus
2433 2141 2483 2435 consolando
2412 2471 2478 2699 mitigare
2421 2731 2470 2923 studet:

2365 1512 2422 1553 ὦ
2351 1588 2415 1811 δέσποτ’,
2348 1849 2411 2020 οὐδεὶς
2343 2054 2413 2214 οἶδεν,
2338 2248 2403 2534 ἄνθρωπος
2333 2567 2397 2747 γεγώς,

2284 1510 2332 1622 οὔτ’
2264 1656 2332 1909 εὐτυχοῦς
2262 1942 2330 2175 ἀριθμὸν
2273 2210 2322 2327 οὔτε
2253 2363 2322 2671 ὂυςτυχοῦς.

2204 1373 2253 1547 Laium
2202 1582 2250 1758 nullam
2200 1793 2249 1921 vitae
2196 1974 2231 2090 suae
2195 2132 2244 2228 vim
2190 2276 2241 2503 intulisse
2186 2559 2231 2771 testatur
2179 2820 2231 3052 Aelianus

2124 1372 2175 1508 Hist.
2119 1535 2172 1676 anim.
2107 1697 2172 1779 Vl,
2119 1805 2167 1885 14.

2026 1506 2092 1794 Composuit
2038 1838 2090 2036 Strattis
2033 2082 2082 2294 comicus
2017 2341 2074 2488 poeta
2027 2532 2079 2744 fabulam
2006 2784 2075 3049 Chrysippi

1963 1370 2011 1564 nomine
1945 1597 2011 1899 inscriptam,
1958 1935 2007 1983 in
1943 2020 1990 2112 qua
1939 2147 2001 2308 potuit
1935 2343 2001 2590 Euripidis
1947 2625 1996 2790 drama
1943 2831 1993 3048 imitatus
1947 3250 1977 3330 ⁰³³*

1873 1370 1917 1514 esse3
1883 1550 1931 1612 cf.
1881 1650 1929 1827 Athen.
1878 1865 1928 1946 IV.
1862 1982 1908 2030 p.
1875 2069 1922 2176 169.
1874 2214 1922 2268 A.
1874 2337 1922 2412 Ex
1858 2458 1919 2655 tragicis
1852 2690 1913 3047 posterioribus
1867 3235 1896 3311 '1

1805 1368 1854 1501 idem
1787 1535 1844 1872 argumentum
1781 1910 1847 2151 Diogenes
1783 2188 1843 2389 ornavit,
1793 2426 1842 2487 de
1778 2523 1823 2619 quo
1787 2653 1836 2818 videas
1779 2853 1834 3045 Welck.
1812 3244 1829 3274 ‘³

1710 1367 1755 1418 p.
1726 1456 1772 1582 1035
1709 1619 1756 1753 seqq.
1721 1822 1768 1899 Ad
1718 1935 1759 2155 nostrum
1702 2192 1764 2413 pluribus
1713 2435 1761 2553 locis
1693 2582 1749 2905 respexerunt
1704 2927 1755 3045 Plu-

1633 1367 1694 1585 tarchuS,
1629 1619 1697 1868 Aelianus,
1626 1904 1689 2096 Cicero,
1636 2135 1686 2363 Clemens
1619 2397 1682 2563 Alex„
1627 2614 1678 2794 Sextus
1608 2827 1674 3042 Empiri-
1623 3303 1657 3308 r

1552 1368 1599 1469 ους,
1564 1505 1614 1646 Philo
1547 1683 1612 1804 lud..
1558 1839 1609 2108 Antoninus
1540 2144 1605 2336 aliique.

1273 1811 1328 1878 Β.
1246 1982 1327 2581 Meleager.

1164 1490 1214 1697 Malalas
1160 1734 1211 1914 Chron.
1144 1937 1192 1984 p.
1155 2011 1204 2124 209.
1136 2150 1204 2324 (165.)‚
1137 2360 1198 2575 quamvis
1131 2605 1197 2860 Euripidis
1144 2887 1191 3035 vesti-

1069 1357 1133 1450 giis
1085 1485 1117 1540 se
1082 1573 1132 1811 institisse
1069 1846 1130 1989 dicat,
1075 2024 1121 2188 tamen
1074 2223 1119 2274 et
1057 2307 1116 2498 patrem
1069 2533 1117 2641 loco
1066 2676 1114 2843 matris
1063 2881 1111 3035 nomi·
1068 3180 1107 3182 V
1064 3243 1089 3277 z*

995 1357 1053 1504 navit,
990 1542 1052 1623 qui
1002 1657 1047 1837 torrem
985 1875 1047 2201 combureret,
982 2236 1038 2315 et,
978 2350 1024 2444 quo
988 2479 1039 2738 Parcarum
971 2774 1019 3034 personam

885 1412 939 1463 ³⁸)
897 1492 938 1682 Pausan.
885 1711 938 1783 VJ,
884 1812 938 1890 20,
894 1919 937 1970 4:
878 2011 937 2096 τὴν
889 2138 933 2187 δὲ
873 2221 933 2546 Ἱπποδάμειάν
869 2586 911 2727 φασιν
872 2770 924 2815 ἐς
877 2852 922 3036 Μιδέαν

814 1497 871 1582 τὴν
826 1611 871 1659 ἓν
811 1695 852 1750 τῃ
810 1787 869 2000 Ἀργολίδι
802 2043 866 2359 ἀποχωρῆσαι,
813 2400 863 2479 ἅτε
811 2508 854 2593 τοῦ
800 2630 855 2839 Πέλοπος
806 2867 852 2942 ἐπὶ
792 2971 848 3034 τῷ

741 1496 796 1766 Χρυσίππου
737 1799 797 1991 θανάτῳ
740 2021 794 2066 ἐς
732 2093 790 2268 ἐκείνην
732 2297 791 2479 ἔχοντος
728 2506 787 2590 τὴν
726 2619 788 2773 ὀργήν.
