5010 3336
1004 2186 1060 2266 59

1176 2907 1225 3055 quum
1159 2655 1207 2873 dramata
1171 2526 1204 2620 non
1151 2259 1200 2490 continuo
1149 2040 1212 2225 scripta
1150 1945 1194 1993 in
1148 1726 1211 1895 vulgus
1148 1541 1195 1689 edere
1147 1391 1195 1507 lice—

1246 2952 1297 3055 ret,
1240 2818 1287 2906 sed
1233 2390 1302 2772 exspectandum
1234 2211 1277 2345 esset
1228 1978 1291 2168 poetis,
1226 1777 1273 1933 donec
1228 1383 1291 1731 impetrassent

1322 2822 1378 3054 chorum,
1319 2667 1366 2776 fieri
1313 2432 1380 2621 potuit,
1315 2322 1356 2374 ut
1309 2042 1354 2275 maiorem
1320 1781 1367 1978 semper
1323 1479 1354 1733 numerum
1307 1384 1353 1434 in

1405 2858 1463 3055 promtu
1400 2571 1454 2825 haberent,
1408 2476 1439 2535 ex
1405 2347 1452 2440 qno
1388 2183 1434 2311 sacta
1385 1875 1432 2147 delectione
1387 1500 1433 1839 consociarent
1402 1384 1445 1458 ea,

1495 2928 1542 3052 quae
1484 2728 1525 2893 essent
1476 2634 1522 2693 ad
1472 2343 1520 2600 ineundam
1467 2022 1514 2306 societatem
1464 1709 1526 1971 aptissima.
1465 1574 1511 1641 Et
1481 1383 1526 1527 quum

1559 2991 1605 3053 ad
1574 2792 1605 2956 rerum
1555 2456 1620 2755 publicarum
1548 2090 1597 2419 conditionem
1544 1832 1591 2054 omnibus
1543 1688 1590 1797 fere
1542 1487 1590 1665 sabulis
1560 1380 1591 1459 re-

1644 2829 1700 3051 spectum
1651 2683 1683 2791 esse
1632 2378 1688 2647 videamus,
1627 2156 1690 2325 quidni
1624 1975 1672 2120 etiam
1624 1876 1670 1937 ad
1638 1699 1669 1842 unam
1627 1378 1684 1661 certamque

1716 2758 1764 3051 sententiam
1728 2415 1761 2720 communem
1706 2017 1762 2378 declarandam,
1718 1838 1765 1978 quam
1702 1567 1749 1802 inculcari
1702 1375 1749 1533 homi-

1797 2910 1843 3050 nibus
1794 2543 1842 2863 cummaxime
1790 2373 1838 2494 utile
1803 2213 1835 2324 esse
1784 1890 1839 2169 videretur,
1786 1664 1844 1828 partes
1783 1372 1844 1606 quasdam

1876 2784 1924 3049 earundem
1870 2387 1920 2747 accommodari
1868 2244 1915 2350 sine
1865 1913 1913 2210 detrimento
1862 1610 1909 1876 venustatis
1863 1370 1925 1591 potuisse

1961 2775 2004 3047 statuamus
1954 2732 2001 2758 ’ἒ

2035 2828 2082 2918 His
2034 2649 2095 2793 igitur
2032 2551 2079 2614 de
2028 2328 2077 2515 caussis
2042 2035 2090 2291 quaerere,
2022 1881 2087 1997 quid
2020 1547 2084 1843 singularum
2020 1371 2068 1509 dida-

2115 2789 2163 3048 scaliarum
2112 2560 2160 2755 fabulae
2124 2269 2157 2525 commune
2105 1955 2163 2234 habuerint,
2102 1842 2150 1919 vel
2117 1604 2164 1813 quonam
2102 1369 2149 1576 societa-

2196 2980 2243 3046 tis
2195 2755 2243 2947 vinculo
2194 2593 2241 2720 inter
2206 2494 2237 2547 se
2188 2193 2252 2446 colligatae
2186 1935 2239 2149 fuerint,
2198 1786 2229 1882 non
2182 1531 2228 1741 alienum
2180 1364 2228 1487 mihi

2292 2932 2324 3045 esse
2274 2693 2324 2899 videtur.
2269 2475 2332 2621 Quod
2274 2283 2316 2444 autem
2267 2188 2313 2247 ad
2264 1790 2324 2153 tetralogiarum
2261 1690 2308 1766 vel
2260 1363 2322 1662 trilogiarum

2356 2801 2417 3042 quandam
2352 2478 2399 2766 societatem
2348 2222 2393 2441 dramata
2344 1938 2406 2187 Euripidis
2342 1668 2403 1901 dissipata
2341 1470 2387 1630 omnia
2357 1364 2388 1444 re-

2450 2866 2482 3043 vocare
2447 2681 2480 2830 conor
2435 2502 2492 2646 atque
2428 2301 2474 2467 ordine
2440 2191 2483 2265 e0,
2439 2060 2485 2153 quo
2427 1911 2469 2023 nata
2438 1765 2468 1876 esse
2424 1500 2484 1737 suspicor,
2420 1362 2467 1463 dis-

2530 2882 2578 3041 p0n0‚
2528 2740 2559 2835 non
2508 2279 2572 2704 approbationem,
2505 2142 2551 2229 sed
2502 1919 2549 2106 veniam
2506 1750 2564 1883 peto.
2501 1512 2547 1683 Liceat
2500 1357 2547 1479 mihi

2594 2990 2641 3041 in
2594 2855 2640 2950 hoc
2591 2611 2652 2808 quidem
2601 2383 2649 2563 genere
2585 2219 2630 2335 ficta
2583 2058 2629 2185 veris
2582 1811 2627 2021 miscere
2580 1700 2626 1779 vel
2581 1467 2626 1666 lacunas
2579 1357 2626 1430 di-

2672 2697 2727 3040 dascaliarum.,
2682 2542 2729 2660 quas
2664 2229 2727 2506 indaganda
2662 1987 2708 2195 veritate
2660 1846 2706 1951 tolli
2675 1664 2722 1812 posse
2659 1358 2722 1638 desperem,

2754 2837 2818 3037 explere
2745 2452 2811 2810 interpolando.
2744 2200 2790 2391 Fictum
2742 2045 2789 2171 enim
2740 1772 2796 2009 ordinem,
2755 1592 2801 1735 quam
2739 1360 2800 1563 nullum,

2834 2898 2895 3037 sequi
2834 2608 2895 2863 praestare
2826 2313 2880 2552 arbitror,
2838 2105 2885 2264 neque
2820 1966 2867 2056 alia
2820 1729 2867 1922 ratione
2819 1522 2866 1695 melius
2820 1355 2867 1488 vitae

2912 2707 2962 3036 narrationem
2923 2561 2954 2670 cum
2920 2322 2967 2524 operum
2918 2076 2950 2286 censura
2900 1814 2963 2041 coniungi
2914 1630 2961 1779 posse
2899 1435 2946 1596 video.

2992 2809 3039 2901 His
2990 2725 3036 2775 in
2988 2408 3035 2690 universum
2983 2076 3046 2369 disputatis,
2980 1964 3027 2023 ad
2979 1604 3026 1914 Peliadarum
2979 1352 3026 1570 fabulam

3089 2953 3121 3033 me
3074 2661 3127 2918 converto,
3072 2310 3123 2622 ostensurus,
3062 2016 3125 2261 quomodo
3059 1855 3107 1982 illius
3062 1533 3121 1819 argumento
3064 1447 3107 1495 et
3059 1352 3106 1412 ad

3151 2812 3215 3033 publicas
3145 2407 3196 2777 Atheniensium
3158 2290 3191 2372 res
3148 2191 3190 2242 et
3142 2082 3188 2145 ad
3141 1804 3204 2036 privatam
3143 1574 3201 1751 poetae
3139 1351 3186 1518 condi-

3230 2848 3277 3033 tionem
3232 2533 3289 2814 respectum
3223 2343 3270 2497 fuisse
3223 2071 3285 2309 suspicer.
3218 1676 3282 1969 Olympiade
3220 1539 3279 1636 80}
3219 1350 3266 1501 Athe-

3308 2788 3356 3030 niensium
3307 2495 3353 2752 iuventute
3303 2283 3366 2461 partim
3303 2200 3348 2249 in
3302 1885 3364 2165 Aegyptum
3299 1628 3362 1850 profecta
3298 1424 3359 1603 partim
3298 1348 3345 1397 in

3387 2702 3453 3027 oppugnanda
3385 2486 3447 2669 Aegina
3385 2196 3444 2449 occupata,
3380 1898 3442 2158 sperabant
3378 1605 3437 1862 Corinthii7
3394 1513 3424 1568 se
3378 1348 3424 1478 inva—

3470 2888 3516 3026 sione
3466 2691 3514 2852 subito
3466 2608 3512 2654 in
3463 2323 3526 2574 Megaram
3460 2157 3506 2286 facta
3464 2037 3505 2121 aut
3457 1743 3520 2005 Aeginetas
3457 1453 3503 1705 obsidione
3457 1346 3503 1413 li-

3551 2768 3599 3026 beraturos
3549 2648 3592 2731 aut
3543 2287 3591 2612 Athenienses
3552 1923 3603 2250 oppressuros
3552 1762 3584 1885 esse.
3538 1555 3597 1691 Quae
3553 1435 3584 1515 res
3542 1344 3585 1398 ut

3629 2864 3685 3025 aliter,
3631 2682 3687 2828 atque
3624 2577 3671 2648 illi
3625 2209 3687 2541 speraverant,
3618 1959 3674 2175 caderet,
3633 1755 3664 1922 senum
3617 1343 3665 1719 Atheniensium

3709 2843 3757 3023 virtute
3706 2622 3753 2808 sactum
3708 2496 3763 2586 est,
3702 2381 3765 2460 qui
3700 2114 3747 2345 adsumtis
3698 1693 3744 2075 adolescentium
3698 1567 3757 1655 iis,
3698 1448 3759 1529 qui
3714 1344 3745 1422 ar-

3790 2928 3836 3020 mis
3785 2677 3833 2895 serendis
3783 2475 3830 2641 idonei
3786 2289 3839 2440 erant,
3780 2127 3826 2253 duce
3778 1814 3840 2092 Myronide,
3777 1587 3825 1777 obviam
3776 1340 3839 1551 profecti

3867 2793 3917 3019 hostibus
3879 2487 3928 2749 pugnaque
3863 2172 3926 2452 superiores
3859 1989 3917 2137 facti,
3858 1784 3921 1937 pulsis
3857 1478 3904 1745 Corinthiis
3862 1340 3904 1443 tro-

3963 2840 4012 3019 paeum
3946 2449 3992 2803 constituerunt
3940 2166 4005 2411 (Thucyd.
3939 2082 3995 2128 I,
3940 1936 3985 2044 105.
3937 1752 3999 1899 106.).
3938 1478 3984 1683 Iuvenes
3937 1338 4001 1431 igi-

4033 2935 4076 3017 tur
4023 2546 4089 2900 quodammodo
4038 2434 4071 2493 ex
4021 2202 4069 2399 senibus
4018 2029 4066 2148 facti
4023 1843 4065 1983 erant
4018 1580 4065 1794 iuvenile
4016 1338 4064 1529 facinus

4106 2823 4155 3014 edendo
4104 2392 4152 2763 Atheniensium
4103 2285 4158 2345 ii,
4099 2134 4162 2217 qui
4099 1887 4146 2090 absente
4098 1587 4145 1841 iuventute
4097 1337 4144 1554 hostium

4186 2772 4251 3013 impetum
4185 2402 4249 2736 propulerant.
4180 2148 4229 2319 Paullo
4184 1967 4243 2101 post,
4179 1621 4242 1916 Olympiade
4179 1485 4235 1575 81,
4177 1335 4223 1439 sive
