5010 3336
3830 2019 3888 2141 220

3687 1236 3749 1435 bebant,
3698 1470 3748 1746 maluerint.
3694 1814 3747 1914 Pro
3692 1948 3743 2043 hoc
3690 2077 3723 2188 meo
3688 2225 3739 2462 beneficio
3685 2499 3736 2624 hanc
3684 2661 3716 2688 a
3682 2722 3727 2772 te
3664 2800 3714 2913 gra-

3620 1234 3668 1356 tiam
3604 1390 3663 1507 peto
3603 1541 3666 1823 neutiquam
3599 1858 3647 2026 parem
3597 2062 3660 2185 (vita
3609 2221 3656 2348 enim
3608 2384 3656 2505 nihil
3605 2541 3654 2713 donari
3599 2752 3649 2911 maius

3525 1232 3587 1441 potest),
3539 1478 3585 1566 sed
3522 1603 3570 1807 aequam
3516 1841 3583 2147 iustamque,
3530 2192 3562 2254 ne
3526 2288 3561 2548 novercam
3523 2584 3573 2753 liberis
3520 2788 3568 2912 meis

3461 1231 3509 1281 in
3460 1318 3507 1519 domum
3446 1557 3505 1734 ducas,
3439 1787 3487 1940 quae,
3451 1974 3499 2154 invidia
3435 2192 3496 2368 ducta,
3447 2404 3495 2515 illos
3444 2551 3492 2678 male
3439 2711 3486 2909 tractet.

3380 1228 3431 1446 Infestae
3379 1498 3426 1625 enim
3374 1661 3425 1820 solent
3370 1854 3405 2093 novercae
3369 2128 3402 2240 esse
3354 2274 3415 2452 prioris
3365 2488 3413 2583 tori
3359 2618 3413 2908 liberisue-

3287 1228 3334 1325 que
3284 1359 3348 1542 viperis
3294 1577 3344 1812 mitiores.
3292 1881 3341 1946 Et
3292 1990 3338 2080 filii
3275 2127 3336 2324 quidem
3287 2360 3333 2564 masculi
3269 2598 3330 2755 patris
3266 2791 3313 2907 pos-

3222 1227 3264 1339 sunt
3221 1373 3267 1420 in
3204 1455 3265 1701 praesidio
3202 1737 3262 1854 niti3
3211 1891 3260 2024 filiae
3197 2045 3252 2225 autem,
3208 2264 3240 2374 cum
3205 2407 3254 2506 sint
3203 2532 3253 2720 iniuriis
3201 2749 3250 2907 omni-

3143 1225 3191 1317 bus
3126 1353 3187 1607 obnoxiae,
3136 1662 3179 1710 et
3133 1757 3183 1891 laesa
3130 1939 3178 2069 sama
3112 2116 3175 2392 nuptiarum
3109 2447 3157 2536 spe
3109 2570 3170 2820 privantur
3120 2855 3165 2908 et

3062 1224 3110 1401 solatio
3042 1438 3106 1717 auxilioque
3053 1754 3099 1881 omni
3049 1918 3098 2184 destitutae
3047 2235 3090 2361 sunt.
3044 2430 3093 2677 Acerbum
3042 2713 3086 2792 est
3040 2825 3089 2905 vel

2970 1220 3031 1334 hoc,
2966 1371 3026 1500 quod
2961 1535 3009 1697 neque
2974 1731 3022 1780 in
2956 1815 3019 2095 nuptiarum
2968 2130 3017 2315 laetitia
2950 2351 2997 2511 neque
2963 2543 3011 2593 in
2947 2623 3005 2794 partus
2960 2814 3009 2905 do-

2887 1219 2952 1425 loribus,
2898 1459 2946 1545 ubi
2897 1579 2943 1647 nil
2892 1682 2936 1837 matre
2890 1873 2939 2068 dulcius
2876 2104 2931 2209 est,
2886 2261 2933 2430 matris
2868 2475 2917 2624 opera
2882 2675 2924 2727 et
2867 2761 2913 2902 prae-

2820 1218 2868 1378 sentia
2818 1420 2867 1522 filia
2810 1572 2862 1952 confirmabitur.
2810 2018 2859 2147 Mihi
2807 2195 2854 2326 enim
2804 2359 2853 2554 iamiam
2800 2591 2850 2903 moriendum

2740 1218 2782 1319 est:
2724 1357 2786 1566 proinde
2735 1600 2782 1706 sitis
2718 1745 2782 1947 felices,
2729 1984 2777 2093 sitis
2715 2129 2761 2405 memores,
2724 2441 2768 2496 tu
2709 2532 2770 2746 quidem,
2720 2784 2753 2900 con-

2650 1215 2708 1319 iux,
2645 1356 2705 1542 uxoris,
2643 1580 2688 1680 vos,
2641 1717 2701 1891 liberi,
2649 1938 2697 2109 matris
2633 2146 2694 2381 optimae.
2644 2450 2692 2544 His
2642 2581 2690 2759 auditis
2640 2794 2688 2898 Ad-

2579 1214 2622 1378 metus
2575 1426 2624 1646 Alcestin
2572 1697 2619 1847 etiam
2568 1893 2612 2136 mortuam
2567 2186 2614 2339 solam
2565 2386 2612 2478 sibi
2563 2537 2596 2742 uxorem
2560 2790 2610 2900 fore

2483 1211 2547 1502 pollicetur,
2477 1550 2526 1711 neque
2491 1747 2539 1892 ullam
2472 1929 2537 2124 dignam
2474 2163 2519 2300 esse,
2469 2351 2516 2475 quae
2484 2509 2531 2560 in
2482 2596 2530 2700 eius
2480 2735 2530 2899 locum

2416 1211 2463 1460 succedat.
2397 1527 2462 1702 Neque
2398 1736 2442 1806 se,
2394 1842 2456 2002 quoad
2394 2039 2454 2181 vivat,
2405 2216 2455 2404 luctum
2402 2430 2451 2729 minuturum
2387 2767 2433 2897 esse,

2339 1210 2385 1299 sed
2336 1336 2383 1500 valere
2331 1532 2382 1706 iubere
2327 1743 2375 1961 convivia
2326 1997 2370 2046 et
2326 2082 2369 2213 serta
2325 2249 2368 2298 et
2311 2344 2366 2547 cautus,
2321 2597 2368 2726 omni
2304 2778 2351 2895 gau-

2258 1208 2307 1292 dio
2257 1329 2289 1440 cum
2253 1478 2286 1630 uxore
2251 1665 2282 1692 e
2249 1727 2297 1823 vita
2247 1861 2280 1950 sua
2243 1985 2287 2197 exemto,
2244 2267 2294 2437 Solum
2227 2473 2289 2796 aegritudinis
2239 2822 2288 2894 le-

2177 1206 2212 1378 vamen
2161 1427 2224 1564 sore,
2172 1620 2219 1662 si
2152 1712 2217 1969 imaginem
2156 2009 2213 2204 uxoriS‚
2164 2257 2212 2469 sollertis
2162 2505 2210 2711 artificis
2159 2747 2192 2894 manu

2084 1204 2146 1455 effictam,
2076 1509 2140 1864 amplectatur,
2086 1918 2117 2162 summum
2069 2212 2131 2474 gaudium,
2083 2522 2129 2565 si
2080 2600 2129 2807 eandem
2079 2844 2128 2895 in

2016 1203 2062 1386 somnis
1997 1426 2058 1711 conspiciat.
1997 1780 2057 1971 Quodsi
1991 2024 2054 2210 Orphei
2004 2246 2051 2341 sibi
2002 2375 2034 2469 vox
1985 2504 2045 2777 cantusque
1999 2812 2031 2891 68-

1927 1203 1981 1296 set,
1922 1334 1968 1431 quo
1915 1468 1982 1816 Proserpinam
1929 1856 1960 1966 cum
1925 2005 1976 2212 Plutone
1910 2248 1970 2570 demulceret,
1922 2608 1968 2669 ad
1919 2704 1967 2891 inferos

1854 1201 1906 1557 descensurum
1839 1595 1884 1725 esse,
1849 1755 1896 1900 nullis
1846 1937 1894 2184 terriculis
1828 2220 1892 2541 prohibitum,
1826 2580 1889 2695 quin
1841 2732 1887 2777 in
1840 2814 1887 2889 lu-

1777 1201 1810 1309 cem
1776 1345 1823 1475 illam
1767 1513 1819 1788 reduceret.
1767 1859 1815 2001 Nunc
1765 2037 1808 2200 autem
1748 2239 1796 2431 rogare,
1762 2469 1804 2522 ut
1762 2543 1810 2662 illuc
1760 2694 1793 2748 se
1759 2776 1791 2889 ven-

1696 1198 1740 1363 turum
1678 1402 1733 1660 exspectet
1673 1695 1738 1957 locumque
1686 1994 1733 2086 sibi
1669 2122 1726 2346 paratum
1682 2384 1730 2585 habeat:
1681 2620 1729 2670 in
1679 2711 1728 2886 eadem

1616 1197 1663 1327 enim
1613 1364 1659 1530 arcula
1609 1567 1657 1767 cedrina
1591 1804 1652 2152 compositum,
1603 2191 1651 2345 latere
1602 2381 1649 2527 lateri
1588 2561 1647 2762 iuncto,
1598 2801 1630 2888 cu-

1534 1194 1578 1414 raturum
1519 1452 1563 1594 esse,
1528 1648 1561 1711 ne
1525 1744 1570 1970 mortuus
1509 2008 1565 2268 separetur
1522 2302 1569 2362 ab
1508 2399 1553 2487 ea,
1504 2538 1551 2682 quam
1517 2732 1566 2887 solam

1454 1191 1503 1425 habuerit
1446 1459 1499 1675 fidelem.
1447 1747 1495 1855 Ilac
1428 1891 1486 2095 accepta
1432 2129 1491 2259 fide,
1441 2311 1490 2498 liberos
1440 2546 1487 2762 Alcestis
1422 2798 1469 2886 pa-

1374 1191 1421 1256 tri
1374 1291 1420 1339 in
1370 1374 1403 1548 manus
1367 1585 1415 1739 tradit
1349 1775 1412 2183 commendatque
1351 2209 1409 2427 orbatos,
1360 2463 1407 2625 mariti
1345 2652 1406 2883 animum,

1294 1192 1325 1289 una
1292 1325 1338 1451 mori
1273 1484 1336 1745 cupientis,
1273 1784 1333 2055 confirmat,
1268 2094 1330 2362 statimque
1264 2398 1327 2746 exstinguitur.
1278 2814 1327 2884 Ibi

1200 1188 1262 1459 Eumelus,
1206 1497 1255 1794 exstinctum
1204 1832 1251 2084 oculorum
1189 2119 1251 2338 vigorem
1185 2375 1248 2658 solutasque
1198 2708 1231 2882 manus

1121 1186 1182 1377 videns,
1115 1415 1177 1508 piis
1113 1546 1173 1762 querelis
1124 1800 1167 2009 matrem
1123 2047 1172 2329 defunctam
1106 2368 1167 2703 prosequitur,
1118 2741 1150 2882 suam

1054 1188 1097 1240 et
1052 1275 1099 1461 sororis
1050 1516 1093 1565 et
1032 1612 1093 1764 patris
1042 1822 1087 2010 sortem
1026 2059 1089 2336 deplorans.
1040 2406 1090 2649 Admetus
1025 2699 1082 2879 autem,

972 1186 1019 1472 consolante
959 1510 1016 1691 choro,
965 1742 1014 1906 missis
948 1943 1010 2188 querelis,
963 2239 1011 2391 sunus
962 2444 1003 2495 et
958 2541 1008 2756 honores
958 2792 1006 2879 de-

892 1183 941 1387 functae
889 1422 938 1643 adornat.
884 1716 935 1936 Chorum
883 1964 930 2162 naenias
883 2187 925 2385 cantare
868 2421 929 2573 iubet,
864 2606 927 2875 populares

813 1185 846 1355 omnes
810 1388 857 1544 tonsis
806 1582 856 1796 crinibus
804 1834 845 1883 et
788 1912 851 2060 pullis
802 2083 850 2303 vestibus
785 2323 851 2512 lugere,
800 2549 847 2697 etiam
784 2725 830 2878 equo—

733 1183 765 1293 rum
730 1328 779 1466 iubas
717 1502 775 1693 secari,
709 1731 773 1943 denique
722 1976 770 2213 tibiarum
707 2247 770 2486 lyraeque
720 2514 763 2657 cantu
720 2688 768 2876 duode-

652 1187 701 1282 cim
647 1319 682 1516 meuses
643 1554 695 1805 abstineri.
641 1873 691 1963 His
639 2003 690 2247 mandatis
628 2285 691 2463 editis,
638 2516 689 2644 intro
622 2695 672 2876 corpus
