<?xml version="1.0" encoding="UTF-8"?>
<!DOCTYPE html PUBLIC "-//W3C//DTD XHTML 1.0 Transitional//EN"
    "http://www.w3.org/TR/xhtml1/DTD/xhtml1-transitional.dtd">
<html xmlns="http://www.w3.org/1999/xhtml" xml:lang="en" lang="en">
 <head>
  <title>
</title>
<meta http-equiv="Content-Type" content="text/html;charset=utf-8" />
  <meta name='ocr-system' content='tesseract 3.04.00' />
  <meta name='ocr-capabilities' content='ocr_page ocr_carea ocr_par ocr_line ocrx_word'/>
</head>
<body>
  <div class='ocr_page' id='page_1' title='image "./euripidesrestitu00hartuoft/euripidesrestitu00hartuoft_raw_0546.png"; bbox 0 0 5010 3336; ppageno 0'>
   <div class='ocr_carea' id='block_1_1' title="bbox 3899 0 5010 3332">
    <p class='ocr_par' dir='ltr' id='par_1_1' title="bbox 3899 0 5010 3332">
     <span class='ocr_line' id='line_1_1' title="bbox 3899 0 5010 3332; textangle 270"><span class='ocrx_word' id='word_1_1' title='bbox 3899 0 5010 3332; x_wconf 95' lang='lat' dir='ltr'> </span> 
     </span>
    </p>
   </div>
   <div class='ocr_carea' id='block_1_2' title="bbox 0 0 0 2626">
    <p class='ocr_par' dir='ltr' id='par_1_2' title="bbox 0 0 0 2626">
     <span class='ocr_line' id='line_1_2' title="bbox 0 0 0 2626; textangle 270"><span class='ocrx_word' id='word_1_2' title='bbox 0 0 0 2626; x_wconf 95' lang='lat' dir='ltr'>                                           </span> 
     </span>
    </p>
   </div>
   <div class='ocr_carea' id='block_1_3' title="bbox 3933 2098 3995 2224">
    <p class='ocr_par' dir='ltr' id='par_1_3' title="bbox 3933 2098 3995 2224">
     <span class='ocr_line' id='line_1_3' title="bbox 3933 2098 3995 2224; textangle 270"><span class='ocrx_word' id='word_1_3' title='bbox 3933 2098 3995 2224; x_wconf 79' lang='lat'>528</span> 
     </span>
    </p>
   </div>
   <div class='ocr_carea' id='block_1_4' title="bbox 1029 1256 3854 3007">
    <p class='ocr_par' dir='ltr' id='par_1_4' title="bbox 1696 1269 3854 3007">
     <span class='ocr_line' id='line_1_4' title="bbox 3772 1308 3854 3005; textangle 270"><span class='ocrx_word' id='word_1_4' title='bbox 3803 1308 3853 1467; x_wconf 80' lang='lat' dir='ltr'>titiam</span> <span class='ocrx_word' id='word_1_5' title='bbox 3794 1505 3854 1674; x_wconf 86' lang='lat' dir='ltr'>dolor,</span> <span class='ocrx_word' id='word_1_6' title='bbox 3800 1728 3852 1954; x_wconf 89' lang='lat' dir='ltr'>dolorem</span> <span class='ocrx_word' id='word_1_7' title='bbox 3795 2000 3847 2190; x_wconf 84' lang='lat' dir='ltr'>laetitia</span> <span class='ocrx_word' id='word_1_8' title='bbox 3775 2236 3840 2436; x_wconf 77' lang='lat' dir='ltr'>excipit.</span> <span class='ocrx_word' id='word_1_9' title='bbox 3772 2508 3835 2654; x_wconf 80' lang='lat' dir='ltr'>Quod</span> <span class='ocrx_word' id='word_1_10' title='bbox 3784 2691 3834 2733; x_wconf 88' lang='lat' dir='ltr'>si</span> <span class='ocrx_word' id='word_1_11' title='bbox 3778 2769 3832 3005; x_wconf 87' lang='lat' dir='ltr'>detractis</span> 
     </span>
     <span class='ocr_line' id='line_1_5' title="bbox 3687 1306 3772 3007; textangle 270"><span class='ocrx_word' id='word_1_12' title='bbox 3723 1306 3772 1570; x_wconf 90' lang='lat' dir='ltr'>involucris</span> <span class='ocrx_word' id='word_1_13' title='bbox 3722 1618 3771 1788; x_wconf 86' lang='lat' dir='ltr'>futura</span> <span class='ocrx_word' id='word_1_14' title='bbox 3703 1835 3752 2033; x_wconf 90' lang='lat' dir='ltr'>semper</span> <span class='ocrx_word' id='word_1_15' title='bbox 3697 2078 3759 2368; x_wconf 80' lang='lat' dir='ltr'><strong>prospicere</strong></span> <span class='ocrx_word' id='word_1_16' title='bbox 3693 2420 3757 2622; x_wconf 77' lang='lat' dir='ltr'>liceret,</span> <span class='ocrx_word' id='word_1_17' title='bbox 3687 2670 3735 2832; x_wconf 90' lang='lat' dir='ltr'>neque</span> <span class='ocrx_word' id='word_1_18' title='bbox 3699 2870 3750 3007; x_wconf 89' lang='lat' dir='ltr'>felici</span> 
     </span>
     <span class='ocr_line' id='line_1_6' title="bbox 3606 1304 3688 3004; textangle 270"><span class='ocrx_word' id='word_1_19' title='bbox 3643 1304 3675 1475; x_wconf 88' lang='lat' dir='ltr'>rerum</span> <span class='ocrx_word' id='word_1_20' title='bbox 3642 1511 3685 1689; x_wconf 86' lang='lat' dir='ltr'>eventu</span> <span class='ocrx_word' id='word_1_21' title='bbox 3636 1726 3688 2021; x_wconf 88' lang='lat' dir='ltr'>efferremur</span> <span class='ocrx_word' id='word_1_22' title='bbox 3618 2055 3667 2219; x_wconf 87' lang='lat' dir='ltr'>neque</span> <span class='ocrx_word' id='word_1_23' title='bbox 3623 2244 3677 2607; x_wconf 77' lang='lat' dir='ltr'>calamitatibus</span> <span class='ocrx_word' id='word_1_24' title='bbox 3606 2633 3671 3004; x_wconf 83' lang='lat' dir='ltr'>afflictaremur‚</span> 
     </span>
     <span class='ocr_line' id='line_1_7' title="bbox 3525 1303 3610 2999; textangle 270"><span class='ocrx_word' id='word_1_25' title='bbox 3563 1303 3610 1394; x_wconf 86' lang='lat' dir='ltr'>sed</span> <span class='ocrx_word' id='word_1_26' title='bbox 3561 1430 3609 1685; x_wconf 87' lang='lat' dir='ltr'>imminuta</span> <span class='ocrx_word' id='word_1_27' title='bbox 3559 1723 3602 1773; x_wconf 87' lang='lat' dir='ltr'>et</span> <span class='ocrx_word' id='word_1_28' title='bbox 3555 1808 3605 1997; x_wconf 88' lang='lat' dir='ltr'>laetitia</span> <span class='ocrx_word' id='word_1_29' title='bbox 3553 2034 3597 2084; x_wconf 91' lang='lat' dir='ltr'>et</span> <span class='ocrx_word' id='word_1_30' title='bbox 3535 2118 3597 2428; x_wconf 79' lang='lat' dir='ltr'><strong>aegritudine</strong></span> <span class='ocrx_word' id='word_1_31' title='bbox 3542 2468 3594 2661; x_wconf 82' lang='lat' dir='ltr'><strong>facilius</strong></span> <span class='ocrx_word' id='word_1_32' title='bbox 3525 2699 3586 2999; x_wconf 86' lang='lat' dir='ltr'>aequitatem</span> 
     </span>
     <span class='ocr_line' id='line_1_8' title="bbox 3457 1301 3530 3001; textangle 270"><span class='ocrx_word' id='word_1_33' title='bbox 3480 1301 3530 1579; x_wconf 85' lang='lat' dir='ltr'>animorum</span> <span class='ocrx_word' id='word_1_34' title='bbox 3479 1625 3522 1675; x_wconf 88' lang='lat' dir='ltr'>et</span> <span class='ocrx_word' id='word_1_35' title='bbox 3473 1723 3521 2045; x_wconf 78' lang='lat' dir='ltr'>constantiam</span> <span class='ocrx_word' id='word_1_36' title='bbox 3465 2098 3503 2422; x_wconf 79' lang='lat' dir='ltr'>servaremus.</span> <span class='ocrx_word' id='word_1_37' title='bbox 3463 2490 3511 2603; x_wconf 92' lang='lat' dir='ltr'>IIoc</span> <span class='ocrx_word' id='word_1_38' title='bbox 3458 2654 3502 2823; x_wconf 87' lang='lat' dir='ltr'>autem</span> <span class='ocrx_word' id='word_1_39' title='bbox 3457 2875 3506 3001; x_wconf 82' lang='lat' dir='ltr'>illud</span> 
     </span>
     <span class='ocr_line' id='line_1_9' title="bbox 3361 1301 3448 2998; textangle 270"><span class='ocrx_word' id='word_1_40' title='bbox 3389 1301 3445 1396; x_wconf 75' lang='lat' dir='ltr'>est,</span> <span class='ocrx_word' id='word_1_41' title='bbox 3401 1433 3448 1481; x_wconf 91' lang='lat' dir='ltr'>in</span> <span class='ocrx_word' id='word_1_42' title='bbox 3384 1518 3431 1614; x_wconf 92' lang='lat' dir='ltr'>quo</span> <span class='ocrx_word' id='word_1_43' title='bbox 3394 1650 3446 1916; x_wconf 85' lang='lat' dir='ltr'>efficiendo</span> <span class='ocrx_word' id='word_1_44' title='bbox 3393 1953 3440 2029; x_wconf 75' lang='lat' dir='ltr'>vel</span> <span class='ocrx_word' id='word_1_45' title='bbox 3388 2056 3437 2270; x_wconf 83' lang='lat' dir='ltr'>maxime</span> <span class='ocrx_word' id='word_1_46' title='bbox 3370 2305 3431 2559; x_wconf 78' lang='lat' dir='ltr'>tragoedia</span> <span class='ocrx_word' id='word_1_47' title='bbox 3368 2596 3429 2832; x_wconf 82' lang='lat' dir='ltr'>elaborat,</span> <span class='ocrx_word' id='word_1_48' title='bbox 3361 2870 3408 2998; x_wconf 89' lang='lat' dir='ltr'>quae</span> 
     </span>
     <span class='ocr_line' id='line_1_10' title="bbox 3286 1299 3368 2997; textangle 270"><span class='ocrx_word' id='word_1_49' title='bbox 3319 1299 3368 1558; x_wconf 88' lang='lat' dir='ltr'>extricatis</span> <span class='ocrx_word' id='word_1_50' title='bbox 3317 1596 3365 1693; x_wconf 84' lang='lat' dir='ltr'>iam</span> <span class='ocrx_word' id='word_1_51' title='bbox 3314 1730 3363 1878; x_wconf 90' lang='lat' dir='ltr'>rebus</span> <span class='ocrx_word' id='word_1_52' title='bbox 3295 1915 3359 2173; x_wconf 88' lang='lat' dir='ltr'>solutoque</span> <span class='ocrx_word' id='word_1_53' title='bbox 3306 2209 3354 2339; x_wconf 92' lang='lat' dir='ltr'>nodo</span> <span class='ocrx_word' id='word_1_54' title='bbox 3289 2365 3349 2613; x_wconf 87' lang='lat' dir='ltr'>quomodo</span> <span class='ocrx_word' id='word_1_55' title='bbox 3286 2642 3348 2917; x_wconf 75' lang='lat' dir='ltr'>efficacius,</span> <span class='ocrx_word' id='word_1_56' title='bbox 3297 2954 3346 2997; x_wconf 90' lang='lat' dir='ltr'>si</span> 
     </span>
     <span class='ocr_line' id='line_1_11' title="bbox 3205 1297 3287 2993; textangle 270"><span class='ocrx_word' id='word_1_57' title='bbox 3225 1297 3287 1417; x_wconf 88' lang='lat' dir='ltr'>quid</span> <span class='ocrx_word' id='word_1_58' title='bbox 3237 1453 3280 1611; x_wconf 89' lang='lat' dir='ltr'>restat</span> <span class='ocrx_word' id='word_1_59' title='bbox 3220 1646 3283 1860; x_wconf 75' lang='lat' dir='ltr'>turbidi,</span> <span class='ocrx_word' id='word_1_60' title='bbox 3217 1910 3278 2112; x_wconf 78' lang='lat' dir='ltr'>sedare,</span> <span class='ocrx_word' id='word_1_61' title='bbox 3213 2163 3271 2407; x_wconf 89' lang='lat' dir='ltr'>quomodo</span> <span class='ocrx_word' id='word_1_62' title='bbox 3205 2445 3267 2649; x_wconf 88' lang='lat' dir='ltr'>aequius</span> <span class='ocrx_word' id='word_1_63' title='bbox 3218 2685 3265 2811; x_wconf 74' lang='lat' dir='ltr'>votis</span> <span class='ocrx_word' id='word_1_64' title='bbox 3217 2847 3264 2993; x_wconf 87' lang='lat' dir='ltr'>satis-</span> 
     </span>
     <span class='ocr_line' id='line_1_12' title="bbox 3122 1293 3207 2993; textangle 270"><span class='ocrx_word' id='word_1_65' title='bbox 3144 1293 3207 1491; x_wconf 66' lang='lat' dir='ltr'>facere,</span> <span class='ocrx_word' id='word_1_66' title='bbox 3143 1542 3202 1790; x_wconf 80' lang='lat' dir='ltr'>quomodo</span> <span class='ocrx_word' id='word_1_67' title='bbox 3138 1839 3199 2030; x_wconf 80' lang='lat' dir='ltr'>plenius</span> <span class='ocrx_word' id='word_1_68' title='bbox 3148 2079 3180 2159; x_wconf 90' lang='lat' dir='ltr'>res</span> <span class='ocrx_word' id='word_1_69' title='bbox 3141 2210 3178 2551; x_wconf 85' lang='lat' dir='ltr'>consummare</span> <span class='ocrx_word' id='word_1_70' title='bbox 3123 2604 3180 2796; x_wconf 66' lang='lat' dir='ltr'>potest,</span> <span class='ocrx_word' id='word_1_71' title='bbox 3122 2847 3168 2993; x_wconf 86' lang='lat' dir='ltr'>quam</span> 
     </span>
     <span class='ocr_line' id='line_1_13' title="bbox 3040 1293 3126 2991; textangle 270"><span class='ocrx_word' id='word_1_72' title='bbox 3077 1293 3126 1602; x_wconf 87' lang='lat' dir='ltr'>ostendendo</span> <span class='ocrx_word' id='word_1_73' title='bbox 3062 1641 3106 1724; x_wconf 72' lang='lat' dir='ltr'>ea,</span> <span class='ocrx_word' id='word_1_74' title='bbox 3059 1778 3105 1903; x_wconf 88' lang='lat' dir='ltr'>quae</span> <span class='ocrx_word' id='word_1_75' title='bbox 3056 1939 3113 2281; x_wconf 84' lang='lat' dir='ltr'>praesentibus</span> <span class='ocrx_word' id='word_1_76' title='bbox 3062 2318 3110 2467; x_wconf 84' lang='lat' dir='ltr'>rebus</span> <span class='ocrx_word' id='word_1_77' title='bbox 3058 2503 3091 2690; x_wconf 78' lang='lat' dir='ltr'>annexa</span> <span class='ocrx_word' id='word_1_78' title='bbox 3040 2727 3103 2991; x_wconf 88' lang='lat' dir='ltr'>postmodo</span> 
     </span>
     <span class='ocr_line' id='line_1_14' title="bbox 2960 1292 3041 2990; textangle 270"><span class='ocrx_word' id='word_1_79' title='bbox 2998 1292 3040 1529; x_wconf 83' lang='lat' dir='ltr'>eventura</span> <span class='ocrx_word' id='word_1_80' title='bbox 2995 1567 3041 1719; x_wconf 63' lang='lat' dir='ltr'>suut?</span> <span class='ocrx_word' id='word_1_81' title='bbox 2989 1788 3041 2071; x_wconf 85' lang='lat' dir='ltr'>Cohaerent</span> <span class='ocrx_word' id='word_1_82' title='bbox 2985 2106 3029 2271; x_wconf 87' lang='lat' dir='ltr'>autem</span> <span class='ocrx_word' id='word_1_83' title='bbox 2970 2294 3014 2367; x_wconf 75' lang='lat' dir='ltr'>ea,</span> <span class='ocrx_word' id='word_1_84' title='bbox 2965 2404 3011 2527; x_wconf 89' lang='lat' dir='ltr'>quae</span> <span class='ocrx_word' id='word_1_85' title='bbox 2977 2562 3019 2697; x_wconf 65' lang='lat' dir='ltr'>vates</span> <span class='ocrx_word' id='word_1_86' title='bbox 2960 2722 3022 2990; x_wconf 84' lang='lat' dir='ltr'>praedixit,</span> 
     </span>
     <span class='ocr_line' id='line_1_15' title="bbox 2882 1290 2961 2989; textangle 270"><span class='ocrx_word' id='word_1_87' title='bbox 2917 1290 2949 1404; x_wconf 92' lang='lat' dir='ltr'>cum</span> <span class='ocrx_word' id='word_1_88' title='bbox 2902 1455 2961 1800; x_wconf 87' lang='lat' dir='ltr'>praesentibus</span> <span class='ocrx_word' id='word_1_89' title='bbox 2909 1848 2956 1995; x_wconf 89' lang='lat' dir='ltr'>rebus</span> <span class='ocrx_word' id='word_1_90' title='bbox 2906 2045 2954 2139; x_wconf 87' lang='lat' dir='ltr'>hac</span> <span class='ocrx_word' id='word_1_91' title='bbox 2902 2192 2950 2408; x_wconf 91' lang='lat' dir='ltr'>ratione:</span> <span class='ocrx_word' id='word_1_92' title='bbox 2882 2472 2947 2825; x_wconf 88' lang='lat' dir='ltr'>Conspirantcs</span> <span class='ocrx_word' id='word_1_93' title='bbox 2893 2876 2925 2989; x_wconf 90' lang='lat' dir='ltr'>cum</span> 
     </span>
     <span class='ocr_line' id='line_1_16' title="bbox 2800 1286 2886 2987; textangle 270"><span class='ocrx_word' id='word_1_94' title='bbox 2835 1286 2886 1497; x_wconf 87' lang='lat' dir='ltr'>Hecuba</span> <span class='ocrx_word' id='word_1_95' title='bbox 2833 1531 2882 1735; x_wconf 77' lang='lat' dir='ltr'>Atridae</span> <span class='ocrx_word' id='word_1_96' title='bbox 2815 1771 2875 1921; x_wconf 85' lang='lat' dir='ltr'>atque</span> <span class='ocrx_word' id='word_1_97' title='bbox 2826 1958 2874 2137; x_wconf 90' lang='lat' dir='ltr'>Graeci</span> <span class='ocrx_word' id='word_1_98' title='bbox 2821 2182 2868 2394; x_wconf 89' lang='lat' dir='ltr'>amicum</span> <span class='ocrx_word' id='word_1_99' title='bbox 2802 2431 2866 2718; x_wconf 90' lang='lat' dir='ltr'>sociumque</span> <span class='ocrx_word' id='word_1_100' title='bbox 2800 2753 2862 2987; x_wconf 90' lang='lat' dir='ltr'>prodide-</span> 
     </span>
     <span class='ocr_line' id='line_1_17' title="bbox 2720 1285 2800 2984; textangle 270"><span class='ocrx_word' id='word_1_101' title='bbox 2744 1285 2798 1431; x_wconf 82' lang='lat' dir='ltr'>runt3</span> <span class='ocrx_word' id='word_1_102' title='bbox 2754 1469 2786 1583; x_wconf 80' lang='lat' dir='ltr'>mox</span> <span class='ocrx_word' id='word_1_103' title='bbox 2750 1620 2800 1844; x_wconf 86' lang='lat' dir='ltr'>eiusdem</span> <span class='ocrx_word' id='word_1_104' title='bbox 2745 1880 2796 2096; x_wconf 82' lang='lat' dir='ltr'>feminae</span> <span class='ocrx_word' id='word_1_105' title='bbox 2739 2132 2789 2401; x_wconf 83' lang='lat' dir='ltr'>acerbitate</span> <span class='ocrx_word' id='word_1_106' title='bbox 2738 2440 2784 2588; x_wconf 91' lang='lat' dir='ltr'>animi</span> <span class='ocrx_word' id='word_1_107' title='bbox 2720 2625 2776 2774; x_wconf 85' lang='lat' dir='ltr'>atque</span> <span class='ocrx_word' id='word_1_108' title='bbox 2733 2811 2777 2984; x_wconf 85' lang='lat' dir='ltr'>contu-</span> 
     </span>
     <span class='ocr_line' id='line_1_18' title="bbox 2637 1283 2722 2985; textangle 270"><span class='ocrx_word' id='word_1_109' title='bbox 2675 1283 2722 1442; x_wconf 89' lang='lat' dir='ltr'>macia</span> <span class='ocrx_word' id='word_1_110' title='bbox 2671 1478 2721 1694; x_wconf 85' lang='lat' dir='ltr'>lacessiti</span> <span class='ocrx_word' id='word_1_111' title='bbox 2667 1731 2710 1942; x_wconf 87' lang='lat' dir='ltr'>mortem</span> <span class='ocrx_word' id='word_1_112' title='bbox 2665 1995 2711 2040; x_wconf 87' lang='lat' dir='ltr'>ei</span> <span class='ocrx_word' id='word_1_113' title='bbox 2660 2077 2709 2320; x_wconf 86' lang='lat' dir='ltr'>intensuri</span> <span class='ocrx_word' id='word_1_114' title='bbox 2657 2356 2698 2470; x_wconf 87' lang='lat' dir='ltr'>sunt</span> <span class='ocrx_word' id='word_1_115' title='bbox 2639 2506 2706 2573; x_wconf 81' lang='lat'>*).</span> <span class='ocrx_word' id='word_1_116' title='bbox 2637 2643 2702 2985; x_wconf 80' lang='lat' dir='ltr'>Agamemnon</span> 
     </span>
     <span class='ocr_line' id='line_1_19' title="bbox 2560 1280 2641 2983; textangle 270"><span class='ocrx_word' id='word_1_117' title='bbox 2577 1280 2641 1476; x_wconf 87' lang='lat' dir='ltr'>pellicis</span> <span class='ocrx_word' id='word_1_118' title='bbox 2577 1512 2637 1666; x_wconf 90' lang='lat' dir='ltr'>gratia</span> <span class='ocrx_word' id='word_1_119' title='bbox 2574 1702 2634 1805; x_wconf 82' lang='lat' dir='ltr'>regi</span> <span class='ocrx_word' id='word_1_120' title='bbox 2582 1852 2634 2106; x_wconf 87' lang='lat' dir='ltr'>interitum</span> <span class='ocrx_word' id='word_1_121' title='bbox 2565 2156 2625 2321; x_wconf 85' lang='lat' dir='ltr'>parari</span> <span class='ocrx_word' id='word_1_122' title='bbox 2560 2369 2606 2547; x_wconf 83' lang='lat' dir='ltr'>passus</span> <span class='ocrx_word' id='word_1_123' title='bbox 2562 2601 2615 2704; x_wconf 80' lang='lat' dir='ltr'>est3</span> <span class='ocrx_word' id='word_1_124' title='bbox 2571 2755 2620 2983; x_wconf 91' lang='lat' dir='ltr'>eiusdem</span> 
     </span>
     <span class='ocr_line' id='line_1_20' title="bbox 2486 1279 2561 2983; textangle 270"><span class='ocrx_word' id='word_1_125' title='bbox 2498 1279 2561 1472; x_wconf 86' lang='lat' dir='ltr'>pellicis</span> <span class='ocrx_word' id='word_1_126' title='bbox 2508 1533 2542 1707; x_wconf 77' lang='lat' dir='ltr'>caussa</span> <span class='ocrx_word' id='word_1_127' title='bbox 2505 1761 2554 1919; x_wconf 79' lang='lat' dir='ltr'>redux</span> <span class='ocrx_word' id='word_1_128' title='bbox 2503 1965 2549 2014; x_wconf 88' lang='lat' dir='ltr'>in</span> <span class='ocrx_word' id='word_1_129' title='bbox 2486 2063 2546 2272; x_wconf 85' lang='lat' dir='ltr'>patriam</span> <span class='ocrx_word' id='word_1_130' title='bbox 2493 2318 2535 2533; x_wconf 89' lang='lat' dir='ltr'>mortem</span> <span class='ocrx_word' id='word_1_131' title='bbox 2493 2585 2540 2644; x_wconf 89' lang='lat' dir='ltr'>ab</span> <span class='ocrx_word' id='word_1_132' title='bbox 2490 2692 2523 2847; x_wconf 80' lang='lat' dir='ltr'>uxore</span> <span class='ocrx_word' id='word_1_133' title='bbox 2490 2895 2522 2983; x_wconf 85' lang='lat' dir='ltr'>sua</span> 
     </span>
     <span class='ocr_line' id='line_1_21' title="bbox 2408 1278 2475 2982; textangle 270"><span class='ocrx_word' id='word_1_134' title='bbox 2418 1278 2465 1518; x_wconf 84' lang='lat' dir='ltr'>passurus</span> <span class='ocrx_word' id='word_1_135' title='bbox 2425 1556 2471 1649; x_wconf 85' lang='lat' dir='ltr'>est.</span> <span class='ocrx_word' id='word_1_136' title='bbox 2424 1721 2475 1954; x_wconf 81' lang='lat' dir='ltr'>Ceterum</span> <span class='ocrx_word' id='word_1_137' title='bbox 2417 1991 2468 2229; x_wconf 81' lang='lat' dir='ltr'>Hecubae</span> <span class='ocrx_word' id='word_1_138' title='bbox 2413 2275 2461 2599; x_wconf 84' lang='lat' dir='ltr'>mutationem</span> <span class='ocrx_word' id='word_1_139' title='bbox 2412 2635 2459 2734; x_wconf 89' lang='lat' dir='ltr'>noli</span> <span class='ocrx_word' id='word_1_140' title='bbox 2408 2770 2458 2982; x_wconf 83' lang='lat' dir='ltr'>credere</span> 
     </span>
     <span class='ocr_line' id='line_1_22' title="bbox 2315 1278 2391 2975; textangle 270"><span class='ocrx_word' id='word_1_141' title='bbox 2335 1278 2383 1489; x_wconf 86' lang='lat' dir='ltr'>poenam</span> <span class='ocrx_word' id='word_1_142' title='bbox 2346 1550 2379 1663; x_wconf 86' lang='lat' dir='ltr'>esse</span> <span class='ocrx_word' id='word_1_143' title='bbox 2326 1723 2391 2061; x_wconf 74' lang='lat' dir='ltr'>crudelitatis,</span> <span class='ocrx_word' id='word_1_144' title='bbox 2322 2125 2368 2219; x_wconf 88' lang='lat' dir='ltr'>qna</span> <span class='ocrx_word' id='word_1_145' title='bbox 2318 2267 2383 2664; x_wconf 68' lang='lat' dir='ltr'>Polymestorem</span> <span class='ocrx_word' id='word_1_146' title='bbox 2315 2711 2377 2975; x_wconf 78' lang='lat' dir='ltr'>puniverit.</span> 
     </span>
     <span class='ocr_line' id='line_1_23' title="bbox 2234 1276 2319 2978; textangle 270"><span class='ocrx_word' id='word_1_147' title='bbox 2270 1276 2319 1439; x_wconf 86' lang='lat' dir='ltr'>Simili</span> <span class='ocrx_word' id='word_1_148' title='bbox 2266 1476 2313 1604; x_wconf 91' lang='lat' dir='ltr'>enim</span> <span class='ocrx_word' id='word_1_149' title='bbox 2263 1640 2310 1789; x_wconf 90' lang='lat' dir='ltr'>modo</span> <span class='ocrx_word' id='word_1_150' title='bbox 2258 1827 2310 2046; x_wconf 82' lang='lat' dir='ltr'>Cadmus</span> <span class='ocrx_word' id='word_1_151' title='bbox 2257 2084 2304 2133; x_wconf 89' lang='lat' dir='ltr'>in</span> <span class='ocrx_word' id='word_1_152' title='bbox 2239 2169 2303 2384; x_wconf 87' lang='lat' dir='ltr'>lapidem</span> <span class='ocrx_word' id='word_1_153' title='bbox 2234 2434 2297 2604; x_wconf 78' lang='lat' dir='ltr'>anguis</span> <span class='ocrx_word' id='word_1_154' title='bbox 2249 2641 2297 2851; x_wconf 86' lang='lat' dir='ltr'>formam</span> <span class='ocrx_word' id='word_1_155' title='bbox 2247 2891 2279 2978; x_wconf 76' lang='lat' dir='ltr'>ex·</span> 
     </span>
     <span class='ocr_line' id='line_1_24' title="bbox 2156 1272 2238 2977; textangle 270"><span class='ocrx_word' id='word_1_156' title='bbox 2187 1272 2238 1530; x_wconf 88' lang='lat' dir='ltr'>hibentem</span> <span class='ocrx_word' id='word_1_157' title='bbox 2181 1569 2217 1834; x_wconf 80' lang='lat' dir='ltr'>conversus</span> <span class='ocrx_word' id='word_1_158' title='bbox 2162 1887 2225 2164; x_wconf 88' lang='lat' dir='ltr'>eodemque</span> <span class='ocrx_word' id='word_1_159' title='bbox 2156 2200 2214 2424; x_wconf 87' lang='lat' dir='ltr'>tempore</span> <span class='ocrx_word' id='word_1_160' title='bbox 2170 2459 2218 2508; x_wconf 84' lang='lat' dir='ltr'>in</span> <span class='ocrx_word' id='word_1_161' title='bbox 2169 2547 2216 2803; x_wconf 89' lang='lat' dir='ltr'>beatorum</span> <span class='ocrx_word' id='word_1_162' title='bbox 2167 2840 2215 2977; x_wconf 87' lang='lat' dir='ltr'>insu—</span> 
     </span>
     <span class='ocr_line' id='line_1_25' title="bbox 2075 1272 2157 2971; textangle 270"><span class='ocrx_word' id='word_1_163' title='bbox 2108 1272 2157 1346; x_wconf 86' lang='lat' dir='ltr'>las</span> <span class='ocrx_word' id='word_1_164' title='bbox 2104 1399 2151 1665; x_wconf 86' lang='lat' dir='ltr'>translatus</span> <span class='ocrx_word' id='word_1_165' title='bbox 2100 1711 2143 1802; x_wconf 89' lang='lat' dir='ltr'>est.</span> <span class='ocrx_word' id='word_1_166' title='bbox 2098 1890 2147 2074; x_wconf 91' lang='lat' dir='ltr'>Contra</span> <span class='ocrx_word' id='word_1_167' title='bbox 2080 2120 2144 2436; x_wconf 67' lang='lat' dir='ltr'>Polymestor</span> <span class='ocrx_word' id='word_1_168' title='bbox 2091 2483 2121 2546; x_wconf 90' lang='lat' dir='ltr'>ne</span> <span class='ocrx_word' id='word_1_169' title='bbox 2091 2592 2122 2721; x_wconf 92' lang='lat' dir='ltr'>nunc</span> <span class='ocrx_word' id='word_1_170' title='bbox 2075 2769 2135 2971; x_wconf 88' lang='lat' dir='ltr'>quidem</span> 
     </span>
     <span class='ocr_line' id='line_1_26' title="bbox 2002 1272 2074 2971; textangle 270"><span class='ocrx_word' id='word_1_171' title='bbox 2027 1272 2074 1391; x_wconf 86' lang='lat' dir='ltr'>satis</span> <span class='ocrx_word' id='word_1_172' title='bbox 2011 1425 2057 1601; x_wconf 85' lang='lat' dir='ltr'>magno</span> <span class='ocrx_word' id='word_1_173' title='bbox 2007 1639 2069 1885; x_wconf 85' lang='lat' dir='ltr'>supplicio</span> <span class='ocrx_word' id='word_1_174' title='bbox 2017 1922 2067 2133; x_wconf 80' lang='lat' dir='ltr'>affectus</span> <span class='ocrx_word' id='word_1_175' title='bbox 2014 2171 2047 2283; x_wconf 89' lang='lat' dir='ltr'>esse</span> <span class='ocrx_word' id='word_1_176' title='bbox 2002 2326 2060 2551; x_wconf 75' lang='lat' dir='ltr'>videtur,</span> <span class='ocrx_word' id='word_1_177' title='bbox 2010 2602 2057 2697; x_wconf 87' lang='lat' dir='ltr'>nisi</span> <span class='ocrx_word' id='word_1_178' title='bbox 2008 2734 2056 2886; x_wconf 86' lang='lat' dir='ltr'>etiam</span> <span class='ocrx_word' id='word_1_179' title='bbox 2006 2920 2054 2971; x_wconf 88' lang='lat' dir='ltr'>in</span> 
     </span>
     <span class='ocr_line' id='line_1_27' title="bbox 1915 1270 1995 2972; textangle 270"><span class='ocrx_word' id='word_1_180' title='bbox 1946 1270 1995 1469; x_wconf 89' lang='lat' dir='ltr'>deserta</span> <span class='ocrx_word' id='word_1_181' title='bbox 1944 1503 1992 1661; x_wconf 89' lang='lat' dir='ltr'>insula</span> <span class='ocrx_word' id='word_1_182' title='bbox 1925 1695 1982 1972; x_wconf 88' lang='lat' dir='ltr'>exponatur</span> <span class='ocrx_word' id='word_1_183' title='bbox 1934 2008 1976 2283; x_wconf 89' lang='lat' dir='ltr'>monstrum</span> <span class='ocrx_word' id='word_1_184' title='bbox 1932 2320 1979 2494; x_wconf 73' lang='lat' dir='ltr'>divinis</span> <span class='ocrx_word' id='word_1_185' title='bbox 1915 2530 1978 2862; x_wconf 81' lang='lat' dir='ltr'>humanisque</span> <span class='ocrx_word' id='word_1_186' title='bbox 1927 2895 1974 2972; x_wconf 90' lang='lat' dir='ltr'>iu—</span> 
     </span>
     <span class='ocr_line' id='line_1_28' title="bbox 1845 1269 1914 2970; textangle 270"><span class='ocrx_word' id='word_1_187' title='bbox 1866 1269 1914 1404; x_wconf 88' lang='lat' dir='ltr'>ribus</span> <span class='ocrx_word' id='word_1_188' title='bbox 1864 1442 1907 1494; x_wconf 92' lang='lat' dir='ltr'>et</span> <span class='ocrx_word' id='word_1_189' title='bbox 1860 1530 1909 1785; x_wconf 77' lang='lat' dir='ltr'>universae</span> <span class='ocrx_word' id='word_1_190' title='bbox 1856 1822 1905 2052; x_wconf 86' lang='lat' dir='ltr'>societati</span> <span class='ocrx_word' id='word_1_191' title='bbox 1853 2098 1903 2343; x_wconf 87' lang='lat' dir='ltr'>humanae</span> <span class='ocrx_word' id='word_1_192' title='bbox 1850 2392 1899 2660; x_wconf 90' lang='lat' dir='ltr'>inimicum.</span> <span class='ocrx_word' id='word_1_193' title='bbox 1845 2713 1896 2970; x_wconf 70' lang='lat' dir='ltr'>‘Ceterum</span> 
     </span>
     <span class='ocr_line' id='line_1_29' title="bbox 1756 1269 1835 2969; textangle 270"><span class='ocrx_word' id='word_1_194' title='bbox 1786 1269 1835 1365; x_wconf 92' lang='lat' dir='ltr'>hoc</span> <span class='ocrx_word' id='word_1_195' title='bbox 1785 1412 1817 1471; x_wconf 91' lang='lat' dir='ltr'>eo</span> <span class='ocrx_word' id='word_1_196' title='bbox 1780 1526 1828 1732; x_wconf 90' lang='lat' dir='ltr'>consilio</span> <span class='ocrx_word' id='word_1_197' title='bbox 1776 1779 1825 2004; x_wconf 87' lang='lat' dir='ltr'>decernit</span> <span class='ocrx_word' id='word_1_198' title='bbox 1756 2049 1820 2427; x_wconf 79' lang='lat' dir='ltr'>Agamemnon,</span> <span class='ocrx_word' id='word_1_199' title='bbox 1768 2481 1811 2538; x_wconf 87' lang='lat' dir='ltr'>ut</span> <span class='ocrx_word' id='word_1_200' title='bbox 1768 2584 1815 2647; x_wconf 87' lang='lat' dir='ltr'>de</span> <span class='ocrx_word' id='word_1_201' title='bbox 1766 2694 1814 2815; x_wconf 88' lang='lat' dir='ltr'>socii</span> <span class='ocrx_word' id='word_1_202' title='bbox 1764 2865 1815 2969; x_wconf 87' lang='lat' dir='ltr'>fato</span> 
     </span>
     <span class='ocr_line' id='line_1_30' title="bbox 1696 1270 1755 1728; textangle 270"><span class='ocrx_word' id='word_1_203' title='bbox 1704 1270 1755 1452; x_wconf 88' lang='lat' dir='ltr'>Graeci</span> <span class='ocrx_word' id='word_1_204' title='bbox 1696 1487 1750 1728; x_wconf 88' lang='lat' dir='ltr'>celentur.</span> 
     </span>
    </p>

    <p class='ocr_par' dir='ltr' id='par_1_5' title="bbox 1029 1256 1673 2965">
     <span class='ocr_line' id='line_1_31' title="bbox 1588 1398 1673 2965; textangle 270"><span class='ocrx_word' id='word_1_205' title='bbox 1605 1398 1673 1630; x_wconf 87' lang='lat' dir='ltr'>Magnam</span> <span class='ocrx_word' id='word_1_206' title='bbox 1617 1685 1666 1834; x_wconf 90' lang='lat' dir='ltr'>huius</span> <span class='ocrx_word' id='word_1_207' title='bbox 1600 1879 1660 2163; x_wconf 80' lang='lat' dir='ltr'>tragoediae</span> <span class='ocrx_word' id='word_1_208' title='bbox 1593 2223 1657 2355; x_wconf 86' lang='lat' dir='ltr'>apud</span> <span class='ocrx_word' id='word_1_209' title='bbox 1607 2418 1651 2616; x_wconf 74' lang='lat' dir='ltr'>veteres</span> <span class='ocrx_word' id='word_1_210' title='bbox 1588 2673 1654 2965; x_wconf 87' lang='lat' dir='ltr'>dignitatem</span> 
     </span>
     <span class='ocr_line' id='line_1_32' title="bbox 1509 1263 1593 2964; textangle 270"><span class='ocrx_word' id='word_1_211' title='bbox 1543 1263 1593 1422; x_wconf 85' lang='lat' dir='ltr'>fuisse</span> <span class='ocrx_word' id='word_1_212' title='bbox 1541 1460 1573 1520; x_wconf 82' lang='lat' dir='ltr'>ex</span> <span class='ocrx_word' id='word_1_213' title='bbox 1535 1552 1587 1883; x_wconf 89' lang='lat' dir='ltr'>imitationum</span> <span class='ocrx_word' id='word_1_214' title='bbox 1533 1929 1575 1981; x_wconf 85' lang='lat' dir='ltr'>et</span> <span class='ocrx_word' id='word_1_215' title='bbox 1527 2016 1575 2542; x_wconf 88' lang='lat' dir='ltr'>commemorationum</span> <span class='ocrx_word' id='word_1_216' title='bbox 1509 2575 1574 2856; x_wconf 83' lang='lat' dir='ltr'>frequentia</span> <span class='ocrx_word' id='word_1_217' title='bbox 1520 2888 1569 2964; x_wconf 87' lang='lat' dir='ltr'>in-</span> 
     </span>
     <span class='ocr_line' id='line_1_33' title="bbox 1430 1263 1511 2964; textangle 270"><span class='ocrx_word' id='word_1_218' title='bbox 1447 1263 1511 1513; x_wconf 88' lang='lat' dir='ltr'>telligitur.</span> <span class='ocrx_word' id='word_1_219' title='bbox 1442 1582 1507 1828; x_wconf 86' lang='lat' dir='ltr'>Respexit</span> <span class='ocrx_word' id='word_1_220' title='bbox 1453 1876 1500 1938; x_wconf 91' lang='lat' dir='ltr'>ad</span> <span class='ocrx_word' id='word_1_221' title='bbox 1450 1990 1482 2099; x_wconf 90' lang='lat' dir='ltr'>eam</span> <span class='ocrx_word' id='word_1_222' title='bbox 1430 2136 1496 2495; x_wconf 87' lang='lat' dir='ltr'>Aristophanes</span> <span class='ocrx_word' id='word_1_223' title='bbox 1444 2538 1492 2589; x_wconf 91' lang='lat' dir='ltr'>in</span> <span class='ocrx_word' id='word_1_224' title='bbox 1443 2623 1492 2849; x_wconf 83' lang='lat' dir='ltr'>Nubibus</span> <span class='ocrx_word' id='word_1_225' title='bbox 1441 2887 1489 2964; x_wconf 88' lang='lat' dir='ltr'>bis</span> 
     </span>
     <span class='ocr_line' id='line_1_34' title="bbox 1348 1263 1432 2962; textangle 270"><span class='ocrx_word' id='word_1_226' title='bbox 1370 1263 1432 1330; x_wconf 85' lang='lat' dir='ltr'>(v.</span> <span class='ocrx_word' id='word_1_227' title='bbox 1380 1363 1427 1475; x_wconf 76' lang='lat'>718.</span> <span class='ocrx_word' id='word_1_228' title='bbox 1379 1513 1422 1562; x_wconf 91' lang='lat' dir='ltr'>et</span> <span class='ocrx_word' id='word_1_229' title='bbox 1359 1598 1424 1785; x_wconf 81' lang='lat'>1165.),</span> <span class='ocrx_word' id='word_1_230' title='bbox 1356 1820 1421 2038; x_wconf 86' lang='lat' dir='ltr'>itemque</span> <span class='ocrx_word' id='word_1_231' title='bbox 1370 2064 1416 2113; x_wconf 93' lang='lat' dir='ltr'>in</span> <span class='ocrx_word' id='word_1_232' title='bbox 1351 2135 1416 2401; x_wconf 74' lang='lat' dir='ltr'>Gerytadis</span> <span class='ocrx_word' id='word_1_233' title='bbox 1348 2438 1413 2616; x_wconf 84' lang='lat' dir='ltr'>fragm.</span> <span class='ocrx_word' id='word_1_234' title='bbox 1363 2640 1411 2675; x_wconf 92' lang='grc' dir='ltr'>Ι.</span> <span class='ocrx_word' id='word_1_235' title='bbox 1362 2715 1405 2767; x_wconf 89' lang='lat' dir='ltr'>et</span> <span class='ocrx_word' id='word_1_236' title='bbox 1350 2799 1410 2877; x_wconf 77' lang='lat' dir='ltr'>IL,</span> <span class='ocrx_word' id='word_1_237' title='bbox 1358 2912 1407 2962; x_wconf 89' lang='lat' dir='ltr'>in</span> 
     </span>
     <span class='ocr_line' id='line_1_35' title="bbox 1265 1260 1352 2960; textangle 270"><span class='ocrx_word' id='word_1_238' title='bbox 1302 1260 1352 1382; x_wconf 84' lang='lat' dir='ltr'>Rau.</span> <span class='ocrx_word' id='word_1_239' title='bbox 1300 1418 1347 1547; x_wconf 79' lang='lat'><strong>1:331</strong></span> <span class='ocrx_word' id='word_1_240' title='bbox 1280 1573 1329 1707; x_wconf 88' lang='lat' dir='ltr'>seqq.</span> <span class='ocrx_word' id='word_1_241' title='bbox 1294 1745 1336 1796; x_wconf 85' lang='lat' dir='ltr'>et</span> <span class='ocrx_word' id='word_1_242' title='bbox 1292 1831 1341 1879; x_wconf 92' lang='lat' dir='ltr'>in</span> <span class='ocrx_word' id='word_1_243' title='bbox 1289 1906 1339 2098; x_wconf 89' lang='lat' dir='ltr'>incerto</span> <span class='ocrx_word' id='word_1_244' title='bbox 1271 2125 1335 2303; x_wconf 86' lang='lat' dir='ltr'>fragm.</span> <span class='ocrx_word' id='word_1_245' title='bbox 1269 2339 1315 2415; x_wconf 88' lang='lat' dir='ltr'>ap.</span> <span class='ocrx_word' id='word_1_246' title='bbox 1281 2437 1331 2616; x_wconf 86' lang='lat' dir='ltr'>Athen.</span> <span class='ocrx_word' id='word_1_247' title='bbox 1282 2654 1331 2737; x_wconf 87' lang='lat' dir='ltr'>Ill.</span> <span class='ocrx_word' id='word_1_248' title='bbox 1265 2773 1312 2821; x_wconf 89' lang='lat' dir='ltr'>p.</span> <span class='ocrx_word' id='word_1_249' title='bbox 1278 2846 1326 2960; x_wconf 84' lang='grc'><strong>112.</strong></span> 
     </span>
     <span class='ocr_line' id='line_1_36' title="bbox 1186 1258 1273 2958; textangle 270"><span class='ocrx_word' id='word_1_250' title='bbox 1221 1258 1270 1350; x_wconf 82' lang='lat' dir='ltr'>E.:</span> <span class='ocrx_word' id='word_1_251' title='bbox 1205 1385 1273 1498; x_wconf 77' lang='grc' dir='ltr'>ἥκω</span> <span class='ocrx_word' id='word_1_252' title='bbox 1201 1527 1265 1829; x_wconf 78' lang='grc' dir='ltr'><em>Θεαρίωνος</em></span> <span class='ocrx_word' id='word_1_253' title='bbox 1195 1856 1262 2190; x_wconf 70' lang='grc' dir='ltr'><em>ἀρτοπώλιον</em></span> <span class='ocrx_word' id='word_1_254' title='bbox 1190 2213 1254 2398; x_wconf 73' lang='grc' dir='ltr'><em>λιπών,</em></span> <span class='ocrx_word' id='word_1_255' title='bbox 1203 2436 1255 2505; x_wconf 79' lang='grc' dir='ltr'>ἵν’</span> <span class='ocrx_word' id='word_1_256' title='bbox 1202 2543 1257 2650; x_wconf 77' lang='grc' dir='ltr'><em>ἐστὶ</em></span> <span class='ocrx_word' id='word_1_257' title='bbox 1186 2684 1250 2958; x_wconf 71' lang='grc' dir='ltr'><em>κριβάνων</em></span> 
     </span>
     <span class='ocr_line' id='line_1_37' title="bbox 1118 1256 1195 2955; textangle 270"><span class='ocrx_word' id='word_1_258' title='bbox 1138 1256 1195 1463; x_wconf 76' lang='grc' dir='ltr'>ἑδώλια.</span> <span class='ocrx_word' id='word_1_259' title='bbox 1118 1535 1185 1777; x_wconf 84' lang='lat' dir='ltr'>Respexit</span> <span class='ocrx_word' id='word_1_260' title='bbox 1129 1812 1177 1962; x_wconf 88' lang='lat' dir='ltr'>simili</span> <span class='ocrx_word' id='word_1_261' title='bbox 1125 1995 1173 2188; x_wconf 87' lang='lat' dir='ltr'>ratione</span> <span class='ocrx_word' id='word_1_262' title='bbox 1124 2224 1171 2284; x_wconf 88' lang='lat' dir='ltr'>ad</span> <span class='ocrx_word' id='word_1_263' title='bbox 1120 2321 1155 2364; x_wconf 85' lang='lat' dir='ltr'>v.</span> <span class='ocrx_word' id='word_1_264' title='bbox 1120 2406 1169 2452; x_wconf 89' lang='grc'>1.</span> <span class='ocrx_word' id='word_1_265' title='bbox 1120 2489 1171 2739; x_wconf 86' lang='lat' dir='ltr'>Lucianus</span> <span class='ocrx_word' id='word_1_266' title='bbox 1121 2774 1168 2826; x_wconf 87' lang='lat' dir='ltr'>in</span> <span class='ocrx_word' id='word_1_267' title='bbox 1118 2854 1168 2955; x_wconf 85' lang='lat' dir='ltr'>Ne-</span> 
     </span>
     <span class='ocr_line' id='line_1_38' title="bbox 1029 1258 1104 2955; textangle 270"><span class='ocrx_word' id='word_1_268' title='bbox 1045 1258 1093 1417; x_wconf 76' lang='lat' dir='ltr'>cyom.</span> <span class='ocrx_word' id='word_1_269' title='bbox 1058 1469 1089 1526; x_wconf 93' lang='lat' dir='ltr'>ac</span> <span class='ocrx_word' id='word_1_270' title='bbox 1052 1561 1104 1768; x_wconf 85' lang='lat' dir='ltr'>Plautus</span> <span class='ocrx_word' id='word_1_271' title='bbox 1050 1822 1097 1882; x_wconf 86' lang='lat' dir='ltr'>ad</span> <span class='ocrx_word' id='word_1_272' title='bbox 1048 1919 1080 1962; x_wconf 89' lang='lat' dir='ltr'>v.</span> <span class='ocrx_word' id='word_1_273' title='bbox 1043 2004 1092 2116; x_wconf 78' lang='lat'>740.</span> <span class='ocrx_word' id='word_1_274' title='bbox 1043 2154 1091 2202; x_wconf 88' lang='lat' dir='ltr'>in</span> <span class='ocrx_word' id='word_1_275' title='bbox 1041 2237 1090 2374; x_wconf 89' lang='lat' dir='ltr'>Asin.</span> <span class='ocrx_word' id='word_1_276' title='bbox 1029 2408 1091 2469; x_wconf 78' lang='lat' dir='ltr'>II,</span> <span class='ocrx_word' id='word_1_277' title='bbox 1032 2507 1088 2555; x_wconf 84' lang='lat'>2,</span> <span class='ocrx_word' id='word_1_278' title='bbox 1038 2593 1084 2641; x_wconf 82' lang='grc'>8.</span> <span class='ocrx_word' id='word_1_279' title='bbox 1040 2712 1088 2804; x_wconf 87' lang='lat' dir='ltr'>Usi</span> <span class='ocrx_word' id='word_1_280' title='bbox 1037 2839 1079 2955; x_wconf 89' lang='lat' dir='ltr'>sunt</span> 
     </span>
    </p>
   </div>
   <div class='ocr_carea' id='block_1_5' title="bbox 941 1255 1027 2953">
    <p class='ocr_par' dir='ltr' id='par_1_6' title="bbox 941 1255 1027 2953">
     <span class='ocr_line' id='line_1_39' title="bbox 941 1255 1027 2953; textangle 270"><span class='ocrx_word' id='word_1_281' title='bbox 978 1255 1027 1405; x_wconf 87' lang='lat' dir='ltr'>dictis</span> <span class='ocrx_word' id='word_1_282' title='bbox 962 1443 1023 1738; x_wconf 89' lang='lat' dir='ltr'>quibusdam</span> <span class='ocrx_word' id='word_1_283' title='bbox 950 1772 1018 2077; x_wconf 84' lang='lat' dir='ltr'>philosophi,</span> <span class='ocrx_word' id='word_1_284' title='bbox 960 2115 1010 2254; x_wconf 90' lang='lat' dir='ltr'>velut</span> <span class='ocrx_word' id='word_1_285' title='bbox 943 2290 1009 2602; x_wconf 86' lang='lat' dir='ltr'>Chrysippus</span> <span class='ocrx_word' id='word_1_286' title='bbox 956 2637 991 2682; x_wconf 83' lang='lat' dir='ltr'>v.</span> <span class='ocrx_word' id='word_1_287' title='bbox 957 2712 1003 2823; x_wconf 71' lang='lat'>783.</span> <span class='ocrx_word' id='word_1_288' title='bbox 941 2862 1006 2953; x_wconf 89' lang='lat' dir='ltr'>(cs.</span> 
     </span>
    </p>
   </div>
   <div class='ocr_carea' id='block_1_6' title="bbox 2844 3333 3865 3336">
    <p class='ocr_par' dir='ltr' id='par_1_7' title="bbox 2844 3333 3865 3336">
     <span class='ocr_line' id='line_1_40' title="bbox 2844 3333 3865 3336; textangle 270"><span class='ocrx_word' id='word_1_289' title='bbox 2844 3333 3865 3336; x_wconf 95' lang='lat' dir='ltr'> </span> 
     </span>
    </p>
   </div>
   <div class='ocr_carea' id='block_1_7' title="bbox 2602 3172 3377 3175">
    <p class='ocr_par' dir='ltr' id='par_1_8' title="bbox 2602 3172 3377 3175">
     <span class='ocr_line' id='line_1_41' title="bbox 2602 3172 3377 3175; textangle 270"><span class='ocrx_word' id='word_1_290' title='bbox 2602 3172 3377 3175; x_wconf 95' lang='lat' dir='ltr'> </span> 
     </span>
    </p>
   </div>
   <div class='ocr_carea' id='block_1_8' title="bbox 1852 3335 2691 3336">
    <p class='ocr_par' dir='ltr' id='par_1_9' title="bbox 1852 3335 2691 3336">
     <span class='ocr_line' id='line_1_42' title="bbox 1852 3335 2691 3336; textangle 270"><span class='ocrx_word' id='word_1_291' title='bbox 1852 3335 2691 3336; x_wconf 95' lang='lat' dir='ltr'> </span> 
     </span>
    </p>
   </div>
   <div class='ocr_carea' id='block_1_9' title="bbox 1443 3334 2691 3336">
    <p class='ocr_par' dir='ltr' id='par_1_10' title="bbox 1443 3334 2691 3336">
     <span class='ocr_line' id='line_1_43' title="bbox 1443 3334 2691 3336; textangle 270"><span class='ocrx_word' id='word_1_292' title='bbox 1443 3334 2691 3336; x_wconf 95' lang='lat' dir='ltr'> </span> 
     </span>
    </p>
   </div>
   <div class='ocr_carea' id='block_1_10' title="bbox 874 1251 889 1705">
    <p class='ocr_par' dir='ltr' id='par_1_11' title="bbox 874 1251 889 1705">
     <span class='ocr_line' id='line_1_44' title="bbox 874 1251 889 1705; textangle 270"><span class='ocrx_word' id='word_1_293' title='bbox 874 1251 889 1705; x_wconf 95' lang='lat' dir='ltr'> </span> 
     </span>
    </p>
   </div>
   <div class='ocr_carea' id='block_1_11' title="bbox 705 3335 1312 3336">
    <p class='ocr_par' dir='ltr' id='par_1_12' title="bbox 705 3335 1312 3336">
     <span class='ocr_line' id='line_1_45' title="bbox 705 3335 1312 3336; textangle 270"><span class='ocrx_word' id='word_1_294' title='bbox 705 3335 1312 3336; x_wconf 95' lang='lat' dir='ltr'> </span> 
     </span>
    </p>
   </div>
   <div class='ocr_carea' id='block_1_12' title="bbox 0 0 832 3332">
    <p class='ocr_par' dir='ltr' id='par_1_13' title="bbox 0 0 832 3332">
     <span class='ocr_line' id='line_1_46' title="bbox 0 0 832 3332; textangle 270"><span class='ocrx_word' id='word_1_295' title='bbox 0 0 832 3332; x_wconf 95' lang='lat' dir='ltr'> </span> 
     </span>
    </p>
   </div>
   <div class='ocr_carea' id='block_1_13' title="bbox 740 1310 800 2200">
    <p class='ocr_par' dir='ltr' id='par_1_14' title="bbox 740 1310 800 2200">
     <span class='ocr_line' id='line_1_47' title="bbox 740 1310 800 2200; textangle 270"><span class='ocrx_word' id='word_1_296' title='bbox 746 1310 800 1359; x_wconf 63' lang='lat'>³⁵)</span> <span class='ocrx_word' id='word_1_297' title='bbox 755 1394 798 1461; x_wconf 87' lang='lat' dir='ltr'>ef.</span> <span class='ocrx_word' id='word_1_298' title='bbox 749 1493 796 1647; x_wconf 70' lang='lat' dir='ltr'>schot.</span> <span class='ocrx_word' id='word_1_299' title='bbox 747 1680 789 1736; x_wconf 74' lang='lat' dir='ltr'>aa</span> <span class='ocrx_word' id='word_1_300' title='bbox 746 1767 773 1809; x_wconf 81' lang='lat' dir='ltr'>v.</span> <span class='ocrx_word' id='word_1_301' title='bbox 744 1842 788 1966; x_wconf 80' lang='lat'>1237.</span> <span class='ocrx_word' id='word_1_302' title='bbox 741 2002 779 2045; x_wconf 72' lang='lat' dir='ltr'>ct</span> <span class='ocrx_word' id='word_1_303' title='bbox 740 2076 783 2200; x_wconf 84' lang='lat'>1241.</span> 
     </span>
    </p>
   </div>
  </div>
 </body>
</html>
