5010 3336
2641 3262 2674 3334 Ἵῑιηζ

2723 3328 2728 3330 “
2725 3264 2753 3304 Π.-

2963 3278 2991 3323 ·l*3

1141 2145 1195 2260 441

1297 2914 1339 3015 tem
1287 2653 1338 2863 transiit.
1284 2320 1349 2571 Quondam
1285 2133 1332 2259 enim
1297 1927 1345 2081 usque
1280 1813 1328 1873 ad
1277 1373 1343 1768 Melanippidem‚

1368 2598 1433 3013 dithyramborum
1371 2344 1428 2563 poetam,
1363 2074 1410 2296 solebant
1361 1752 1408 2029 mercedem
1376 1690 1407 1717 a
1358 1499 1422 1658 poetis
1373 1373 1405 1452 ac-

1450 2849 1512 3012 cipere
1446 2550 1502 2804 tibicines,
1444 2170 1491 2500 obtinente
1446 1966 1487 2115 tunc
1439 1656 1501 1918 priores
1441 1371 1500 1600 partes

1526 2789 1589 3013 poesi,
1528 2687 1572 2755 ut
1528 2430 1571 2653 essent
1536 2165 1576 2400 eorum,
1520 2028 1580 2127 qui
1517 1740 1563 1995 fabulas
1515 1370 1574 1704 docerent,

1604 2700 1651 3012 tibicines
1601 2365 1648 2665 ministri.
1597 2195 1658 2319 Qui
1612 2047 1643 2173 mos
1601 1792 1656 2021 postea
1595 1368 1657 1765 depravatus

1688 2913 1730 3011 est
1680 2814 1743 2879 *).
1681 2617 1727 2746 Hinc
1680 2267 1726 2583 Pherecrates
1675 2019 1722 2232 comicus
1672 1756 1719 1994 Musicam
1671 1540 1719 1723 inducit
1670 1367 1718 1507 muli-

1760 2905 1808 3010 ebri
1760 2736 1807 2869 cultu
1764 2652 1806 2700 et
1772 2416 1821 2616 corpore
1760 2281 1803 2383 toto
1754 2067 1801 2244 misere
1750 1806 1809 2031 foedato,
1765 1632 1813 1753 quae
1750 1366 1809 1599 Iustitiae,

1854 2790 1886 3009 caussam
1837 2497 1885 2754 vexationis
1834 2198 1897 2461 quaerenti,
1833 2041 1878 2164 haec
1828 1664 1892 2009 responderet:
1828 1564 1875 1616 ln
1828 1365 1891 1531 primis

1917 2894 1964 3011 mihi
1916 2624 1964 2859 malorum
1918 2423 1961 2589 auctor
1910 2036 1974 2391 Melanippides
1908 1880 1967 2002 fuit,
1908 1760 1971 1842 qui
1923 1648 1955 1727 me
1912 1362 1970 1614 acceptam

1996 2892 2043 3011 fecit
1995 2523 2043 2851 remissiorem
1992 2150 2053 2476 laxioremque
1988 1812 2036 2099 chordarum
2002 1669 2034 1763 usu
1985 1362 2035 1634 duodecim.

2074 2789 2122 3006 Cinesias
2088 2641 2120 2754 vero
2071 2366 2119 2606 scelestus
2070 2043 2130 2331 incongruos
2063 1629 2129 2015 (ἐξαρμονίους)
2063 1360 2111 1604 anfractus

2151 2751 2199 3008 efficiendo
2151 2668 2198 2718 in
2150 2418 2213 2633 strophis
2148 2158 2211 2369 perdidit
2164 2046 2195 2124 me
2147 1920 2206 2013 ita,
2150 1822 2193 1875 ut
2142 1359 2205 1778 dithyramborum

2245 2782 2293 3009 poeseos,
2227 2338 2292 2745 quemadmodum
2227 2256 2273 2305 in
2226 2005 2288 2220 clypeis,
2225 1772 2271 1968 sinistra
2224 1644 2270 1740 iam
2222 1357 2269 1610 videantur

2309 2837 2356 3007 dextra
2323 2678 2357 2803 esse.
2308 2482 2354 2609 Tum
2306 2244 2367 2446 Phrynis
2303 1968 2351 2208 rotatione
2304 1728 2365 1933 quadam
2300 1591 2348 1696 soni
2300 1358 2363 1553 propria

2387 2806 2446 3009 iniecta,
2387 2538 2435 2772 vertendo
2384 2134 2446 2502 torquendoque
2399 2022 2429 2100 me
2380 1628 2446 1990 pessumdedit:
2378 1530 2426 1580 in
2378 1358 2440 1496 quin-

2482 2910 2528 3005 que
2466 2751 2513 2876 enim
2465 2521 2513 2715 chordis
2463 2215 2510 2470 duodecim
2462 1935 2523 2179 expressit
2460 1610 2508 1904 harmonias.
2456 1354 2503 1542 Tamen

2544 2908 2601 3007 hic,
2560 2726 2607 2871 quum
2544 2406 2591 2689 emendaret
2546 2168 2604 2383 peccata,
2539 1777 2602 2130 quodammodo
2536 1486 2585 1754 tolerabilis
2535 1355 2583 1463 fuit.

2622 2714 2670 3004 Timotheus
2638 2526 2680 2670 vero,
2638 2446 2669 2472 o
2622 2135 2679 2408 carissima,
2625 1936 2666 2083 totam
2618 1728 2665 1887 obruit
2614 1353 2677 1684 laceravitque

2702 2706 2765 3004 turpissime.
2701 2483 2761 2640 „Quis
2705 2371 2747 2446 est
2700 2255 2746 2345 iste
2698 1938 2745 2226 Timotheus
2697 1864 2744 1921 ‘2⁷’
2695 1586 2758 1815 Pyrrhias
2692 1355 2755 1551 quidam

2780 2782 2829 3002 Milesius
2780 2398 2829 2746 contumeliose
2794 2301 2825 2378 me
2777 2042 2824 2280 tractavit.
2776 1878 2823 1972 Hic
2789 1675 2834 1858 omnes,
2787 1519 2834 1638 quos
2788 1352 2819 1485 com-

2860 2708 2918 3002 memoravi,
2860 2482 2922 2673 priores
2856 2199 2919 2447 superavit
2855 1897 2902 2167 invehendo
2857 1540 2900 1862 monstrosam
2867 1349 2912 1505 quan-

2939 2889 2985 3002 dam
2938 2510 2997 2856 vibmtionem,
2941 2240 2997 2463 tanquam
2934 1881 2981 2195 formicarum
2932 1577 2978 1849 scatebram
2926 1434 2991 1543 ³W),
2935 1347 2977 1399 et

3017 2728 3079 3003 ubieunque
3016 2574 3063 2693 mihi
3016 2354 3063 2540 obviam
3014 2263 3060 2317 fit
3013 2135 3060 2227 soli
3010 1812 3071 2103 ambulanti,
3027 1785 3031 1788 ¹
3008 1616 3057 1759 solvit
3008 1350 3070 1582 dissipat-

3111 2907 3158 3000 que
3095 2614 3142 2872 duodecim
3090 2332 3141 2580 chordis.⁷⁷

3174 2649 3221 2868 Fuerunt
3174 2524 3234 2606 qui
3172 2218 3219 2470 novatione
3169 1919 3217 2168 Timothei
3167 1481 3230 1874 indignarentur:
3164 1347 3226 1431 qui

3268 2850 3315 2996 quum
3252 2754 3296 2802 in
3250 2418 3298 2718 Carneorum
3249 2229 3295 2369 festis
3249 2051 3309 2177 apud
3246 1609 3293 2017 Lacedaemonios
3247 1348 3302 1560 caneret,

3334 2740 3378 2994 accusatus
3333 2628 3387 2718 est,
3328 2477 3390 2602 quod
3327 2197 3373 2456 multarum
3326 1889 3372 2177 chordarum
3324 1641 3371 1870 citharam
3321 1346 3369 1620 invehendo

3414 2778 3457 2995 veterem
3407 2498 3456 2733 musicam
3408 2092 3466 2451 corrumperet,
3409 1899 3465 2045 atque
3416 1722 3449 1845 unus
3416 1614 3447 1672 ex
3400 1346 3463 1563 ephoris,

3492 2834 3535 2994 sumto
3485 2587 3545 2799 culte110,
3491 2354 3547 2550 paratus
3489 2211 3529 2316 erat
3484 2119 3529 2179 ad
3481 1743 3544 2092 praecidendas
3479 1594 3526 1717 fides
3493 1345 3541 1575 superva-

3582 2802 3625 2991 caneas,
3580 2620 3627 2764 quum
3563 2507 3610 2587 ille
3562 2172 3609 2471 ostendendo
3561 1910 3623 2147 Apollinis
3556 1637 3620 1875 quandam
3557 1346 3617 1604 imaginem

3646 2944 3693 2995 in
3645 2729 3709 2923 publico
3647 2478 3698 2701 stantem,
3642 2402 3687 2449 in
3641 2238 3687 2370 cuius
3639 2110 3701 2212 lyra
3656 2005 3701 2093 par
3636 1532 3700 1982 deprehenderetur
3633 1342 3681 1511 fidium

3724 2873 3773 2991 ordo
3711 2515 3784 2858 numerusque,
3720 2235 3784 2502 periculum
3718 2021 3781 2217 effugit3
3718 1941 3765 2002 cf.
3717 1752 3765 1928 Athen.
3712 1607 3763 1735 XIV.
3730 1543 3777 1590 p.
3715 1418 3763 1530 636.
3712 1343 3759 1403 Ε.

3935 2886 3988 2934 ³⁸²)
3935 2761 3976 2858 Iam
3934 2530 3975 2734 Pratinas
3935 2363 3986 2492 poeta
3931 2209 3984 2323 apud
3930 1914 3971 2185 Athenaeum
3926 1773 3969 1883 XIV.
3941 1690 3979 1732 p.
3924 1564 3967 1660 617.
3923 1477 3963 1525 C.
3935 1342 3962 1442 con-

4007 2677 4057 2852 questus
4007 2570 4054 2647 est,
4002 2426 4055 2540 quod
4014 2316 4040 2396 non
3999 2074 4050 2286 tibicines,
4002 1999 4039 2044 ut
4001 1878 4039 1971 erat·
3996 1681 4051 1849 patrius
4006 1533 4043 1651 mos,
3991 1343 4044 1501 choris,

4074 2772 4113 2850 sed
4073 2619 4113 2742 chori
4072 2343 4113 2591 tibicinibus
4069 2068 4111 2312 aecium-ent
4064 1912 4121 2038 (τούς
4063 1695 4120 1894 αὐλητὰς
4060 1607 4117 1667 μὴ
4062 1339 4103 1575 συναυλεῖν

4144 2753 4189 2847 τοῖς
4144 2561 4196 2725 χοροῖς,
4140 2423 4182 2532 ἀλλὰ
4135 2285 4188 2392 τοὺς
4136 2090 4193 2252 χοροὺς
4133 1851 4193 2061 συνᾴδειν
4138 1730 4184 1824 τοῖς
4128 1449 4185 1699 αὐληταῖς).

4211 2881 4262 2953 “¹²²22)
4210 2782 4251 2849 Cf.
4211 2533 4264 2753 Aristoph.
4212 2324 4254 2503 Thesm.
4224 2250 4249 2291 v.
4206 2117 4248 2218 100:
4204 1857 4262 2088 μύρμηκος
4199 1584 4259 1827 ἀτραπούς,
4195 1527 4253 1555 ἢ
4197 1454 4241 1497 τί
4197 1340 4239 1435 δια-

4294 2592 4333 2849 μινυρεταις
