5010 3336
3827 2063 3882 2184 328

3692 1295 3727 1402 mus
3692 1435 3743 1613 fabulis
3692 1648 3728 1815 eorum
3690 1851 3724 1946 uno
3672 1980 3733 2205 tempore
3666 2251 3737 2388 lectis
3666 2427 3733 2812 examinatisque
3676 2857 3726 2960 lau-

3613 1296 3661 1384 des
3599 1419 3661 1720 singulorum
3595 1757 3657 1987 exposuit
3609 2021 3650 2069 et
3593 2103 3655 2219 quid
3610 2255 3655 2380 inter
3609 2416 3640 2470 se
3601 2506 3654 2762 differrent
3597 2796 3641 2960 osten-

3534 1294 3582 1383 dit.
3534 1456 3582 1607 Cuius
3533 1661 3581 1722 de
3530 1770 3576 2013 sententia
3514 2063 3561 2157 quo
3527 2195 3577 2496 commodius
3510 2532 3564 2702 posset
3508 2735 3568 2961 iudicari,

3439 1292 3504 1635 Aristophanis
3450 1673 3498 1964 sententiam
3449 2002 3480 2109 cum
3449 2135 3496 2215 illa
3432 2242 3494 2514 comparari
3443 2543 3492 2665 utile
3440 2690 3473 2801 esse
3437 2827 3487 2962 duxi.

3374 1454 3423 1553 Iam
3373 1591 3419 1650 ad
3371 1686 3403 1849 rerum
3355 1886 3417 2186 publicarum
3368 2219 3411 2395 statum
3349 2432 3407 2578 atque
3345 2614 3407 2961 conditionem,

3280 1291 3343 1444 qualis
3292 1480 3342 1629 suerit
3292 1664 3324 1722 eo
3274 1758 3334 1997 tempore,
3273 2036 3319 2130 quo
3289 2166 3335 2283 llaec
3285 2321 3335 2582 didascalia
3281 2616 3323 2723 acta
3267 2749 3322 2841 est,
3278 2879 3309 2960 ex-

3200 1291 3263 1569 plicandum
3213 1606 3245 1684 me
3209 1715 3251 1959 converto.
3208 2031 3255 2153 Acta
3209 2173 3250 2248 est
3191 2278 3255 2428 igitur
3206 2452 3254 2528 01.
3193 2554 3248 2631 87,
3190 2658 3247 2720 1.,
3201 2756 3247 2802 id
3184 2826 3244 2959 quod

3118 1288 3183 1655 Aristophanis,
3117 1705 3176 2008 grammatici
3116 2056 3177 2371 nobilissimi,
3124 2424 3171 2704 testimonio
3107 2753 3161 2957 constat,

3055 1288 3102 1425 cuius
3054 1462 3101 1610 verba
3052 1646 3100 1767 haec
3050 1803 3092 1938 sunt:
3031 1986 3101 2231 ἐδιδάχθη
3046 2268 3099 2348 ἐπὶ
3030 2387 3093 2731 Πυθοδώρου
3024 2767 3087 2957 ἄρχον-

2966 1286 3008 1376 τος
2974 1408 3025 1539 κατὰ
2956 1573 3026 1670 τὴν
2951 1694 3022 2056 ὀγδοηκοστὴν
2950 2087 3019 2315 ἑβδόμην
2950 2342 3020 2688 Ὀλυμπιάδα.
2945 2736 3008 2959 Πρῶτος

2879 1283 2945 1599 Εὐφορίων,
2876 1637 2942 1880 δεύτερος
2869 1915 2934 2215 Σοφοκλῆς,
2871 2248 2934 2417 τρίτος
2868 2453 2932 2760 Εὐριπίδης.
2861 2832 2926 2955 Μή-

2801 1283 2864 1413 δεια,
2795 1455 2861 1789 Φιλοκτήτης,
2796 1827 2858 2040 Δίκτυς,
2791 2079 2855 2323 Θερισταὶ
2788 2350 2854 2588 σάτυροι·
2800 2627 2850 2691 οὐ
2786 2725 2849 2953 σώζεται.

2734 1283 2783 1467 Doctae
2716 1503 2780 1654 igitur
2730 1691 2778 1785 hae
2727 1820 2767 1933 sunt
2726 1968 2774 2160 fabulae
2725 2194 2773 2366 eodem
2711 2406 2754 2553 anno,
2706 2603 2752 2697 quo
2715 2747 2757 2956 exeunte

2654 1283 2701 1466 exarsit
2652 1501 2700 1682 bellum
2634 1720 2699 2140 Peloponnesium.
2645 2213 2695 2388 Victus
2642 2435 2684 2594 autem
2641 2645 2682 2721 est
2622 2756 2686 2954 Euripi-

2573 1279 2623 1371 des
2574 1405 2606 1499 non
2574 1536 2620 1594 ab
2555 1632 2620 1949 Euphorione
2552 1982 2614 2106 ipso,
2567 2143 2614 2230 sed
2566 2267 2611 2325 ab
2548 2364 2612 2624 Aeschle,
2545 2662 2600 2801 patre
2543 2831 2604 2953 eius,

2497 1278 2544 1327 id
2481 1366 2542 1493 quod
2492 1531 2535 1669 recte
2487 1706 2537 2143 animadverterunt
2485 2180 2534 2442 Elmsleius
2483 2472 2530 2518 in
2479 2545 2522 2703 annot.
2479 2727 2526 2786 ad
2475 2816 2527 2952 Med.

2401 1276 2447 1327 p.
2415 1365 2460 1440 70.
2400 1478 2462 1606 (55)
2396 1656 2454 1802 atque
2391 1852 2456 2035 Pflugk.
2407 2072 2453 2121 in
2406 2158 2453 2372 editione
2403 2409 2452 2617 Medeae
2386 2653 2431 2697 p.
2401 2738 2444 2782 5.
2397 2853 2446 2952 Te-

2335 1277 2380 1434 statur
2334 1460 2380 1586 enim
2332 1607 2380 1783 Suidas
2328 1813 2377 1949 hisce
2327 1977 2374 2163 verbis:
2310 2202 2375 2512 Εὐφορίων,
2311 2542 2371 2657 υίὸς
2302 2681 2368 2949 Αἰσχύλου

2255 1273 2302 1372 τοῦ
2237 1407 2297 1678 τραγικοῦ,
2233 1708 2305 2002 Ἀθηναῖος,
2230 2039 2295 2283 τραγικὸς
2242 2310 2293 2397 καὶ
2230 2427 2291 2599 αὐτός,
2229 2636 2292 2694 ὃς
2236 2729 2287 2815 καὶ
2224 2841 2281 2952 τοῖς

2159 1272 2224 1540 Αἰσχύλου
2170 1577 2215 1673 τοῦ
2154 1708 2216 1932 πατρός,
2155 1980 2220 2054 οἷς
2147 2099 2212 2253 μήπω
2147 2303 2218 2369 ἦν
2144 2417 2212 2822 ἐπιδειξάμενος,
2153 2870 2186 2948 τε·

2079 1270 2142 1452 τράκις
2075 1487 2143 1747 ἐνίκησεν·
2071 1800 2137 1994 ἔγραψε
2084 2043 2135 2094 δὲ
2083 2142 2133 2229 καὶ
2078 2285 2131 2463 οἰκεῖά.
2078 2535 2125 2649 Fuit
2075 2699 2117 2863 tamen
2074 2899 2121 2948 in

2014 1269 2062 1366 hoc
2011 1400 2059 1611 ineundo
2007 1650 2052 1913 certamine
2006 1950 2051 2091 etiam
1988 2129 2050 2457 Euphorionis
1986 2487 2045 2721 quaedam
1979 2749 2042 2946 propria

1923 1269 1983 1391 laus,
1934 1426 1980 1477 id
1917 1515 1978 1643 quod
1930 1681 1961 1741 ex
1915 1777 1975 2088 Quinctiliani
1925 2122 1971 2283 verbis
1906 2319 1970 2633 intelligitur:
1900 2684 1965 2945 „Aeschy-

1856 1267 1905 1344 lus
1836 1378 1900 1726 grandiloquus
1849 1764 1891 1840 est
1831 1875 1878 2024 saepe
1831 2058 1876 2211 usque
1845 2247 1892 2305 ad
1828 2343 1889 2535 vitium,
1840 2584 1888 2669 sed
1837 2720 1885 2856 rudis
1834 2892 1882 2943 in

1758 1267 1824 1520 plerisque
1772 1568 1812 1617 et
1753 1666 1817 2035 incompositus.
1749 2130 1813 2339 Propter
1748 2403 1809 2532 quod
1754 2592 1799 2940 correctas

1695 1269 1744 1414 eius
1691 1462 1741 1718 fabulas
1690 1766 1736 1812 in
1686 1864 1727 2109 certamen
1684 2160 1732 2359 deferre
1668 2393 1728 2745 posterioribus
1662 2779 1723 2939 poetis

1612 1266 1666 1591 Athenienses
1595 1626 1657 1916 permisere,
1589 1952 1650 2233 suntque
1604 2270 1636 2343 eo
1601 2377 1648 2560 modo
1597 2606 1647 2798 multi
1594 2845 1627 2940 co-

1532 1265 1582 1529 ronati.”

1452 1394 1504 1586 Bellum
1433 1621 1500 2024 Peloponnesium
1443 2060 1488 2253 constat
1444 2298 1476 2325 a
1440 2373 1489 2638 Corinthiis
1432 2675 1484 2935 conflatum

1377 1262 1412 1375 esse
1374 1408 1423 1501 hac
1374 1536 1421 1597 de
1370 1633 1404 1822 caussa.
1351 1891 1415 2206 Epidamnios
1363 2259 1406 2423 contra
1345 2458 1408 2763 Corcyraeos
1355 2798 1403 2934 adiu-

1297 1262 1339 1429 vantes
1293 1477 1340 1535 ab
1293 1588 1341 1664 his
1275 1713 1337 1899 proelio
1287 1935 1335 2086 navali
1285 2122 1332 2235 victi
1284 2271 1325 2397 sunt.
1268 2468 1329 2577 Quo
1279 2617 1328 2745 facto
1263 2782 1309 2932 quum

1215 1260 1265 1527 maioribus
1198 1564 1259 1736 opibus
1208 1775 1257 1954 bellum
1191 1985 1247 2219 pararent
1188 2265 1251 2504 simulque
1194 2559 1248 2931 Atheniensium

1136 1260 1185 1546 societatem
1116 1585 1172 1895 quaererent,
1112 1932 1175 2188 Corcyraei
1110 2224 1173 2394 legatis
1124 2432 1171 2493 ad
1120 2529 1167 2729 eosdem
1115 2766 1165 2929 missis

1044 1257 1106 1601 perfecerunt,
1053 1654 1095 1708 ut
1052 1758 1098 1805 hi
1048 1841 1097 2012 foedus
1047 2050 1089 2100 et
1044 2136 1092 2419 societatem
1043 2458 1075 2567 cum
1026 2602 1089 2723 ipsis
1024 2760 1086 2927 iunge-

979 1257 1022 1368 rent
978 1403 1010 1496 non
978 1531 1024 1596 ita
959 1633 1020 1844 quidem,
970 1881 1011 1936 ut
967 1968 1015 2167 eosdem
951 2205 1012 2399 utrique
964 2426 1012 2594 hostes
943 2626 1009 2927 eosdemque

900 1255 947 1440 amicos
894 1476 946 1713 haberent
879 1759 942 1892 (nam
891 1944 937 1982 si
886 2016 935 2250 adversus
885 2289 934 2569 Corinthios
883 2604 931 2724 iussi
876 2759 920 2927 essent

820 1254 854 1365 eum
803 1404 867 1693 Corcyraeis
798 1728 859 1988 proficisci,
792 2024 849 2220 ruptum
807 2257 851 2388 esset
792 2422 854 2629 foedus,
787 2682 846 2814 quod
796 2850 846 2923 eis

740 1256 785 1359 erat
738 1403 771 1512 cum
717 1531 786 1941 Peloponnesiis),
730 1974 777 2060 sed
716 2105 770 2182 ut,
727 2219 775 2261 si
712 2293 776 2399 quis
709 2444 775 2713 Corcyram
718 2765 767 2919 Athe-

657 1252 695 1400 nasve
656 1434 702 1519 aut
654 1552 690 1718 eorum
649 1755 700 1915 socios
633 1947 698 2212 invaderet,
645 2245 696 2388 alteri
643 2423 695 2590 alteris
638 2625 689 2807 auxilio
637 2835 673 2921 es-
