5010 3336
1067 2115 1122 2231 177

1218 2700 1284 2999 splendidam
1212 2313 1275 2664 miseriam*);
1212 2185 1258 2279 iam
1223 1993 1264 2139 vero,
1206 1778 1269 1942 regiae
1204 1343 1271 1747 magnificentiam

1315 2889 1347 2998 cum
1315 2768 1345 2853 sua
1297 2498 1344 2734 tenuitate
1291 2106 1347 2465 conferentem,
1285 1908 1334 2055 etiam
1300 1710 1348 1860 pavor
1290 1629 1333 1676 et
1285 1344 1345 1597 malorum,

1394 2874 1441 2997 quae
1390 2610 1440 2841 passurus
1376 2483 1431 2575 est,
1369 2147 1434 2449 praesagium
1364 1904 1412 2113 invadit:

1456 2597 1518 2866 „Egone
1450 2228 1513 2547 Argivum
1444 1846 1508 2193 imperium
1443 1482 1505 1811 attingam
1449 1337 1491 1448 aut

1522 1881 1585 2156 Pelopis
1520 1597 1584 1836 digner
1521 1336 1570 1552 domo?

1612 2700 1674 2862 Quoi
1625 2578 1657 2669 me
1603 2165 1655 2546 ostendam?
1599 1964 1667 2130 quod
1600 1622 1664 1938 templum
1600 1335 1649 1595 adeam?

1700 2295 1750 2476 quem
1684 1845 1746 2259 orefunesto
1678 1333 1744 1809 aclloquar?’'²'·²²²‘)

1847 2623 1910 2862 „Quam
1843 2221 1892 2565 maximum
1840 2051 1888 2184 etsi
1838 1910 1887 2019 hic
1838 1794 1885 1877 mi
1836 1573 1885 1763 hodie
1838 1331 1886 1538 conti-

1919 1996 1983 2173 gerit
1914 1673 1966 1962 malum.”

2081 2691 2146 2860 „Sed
2082 2493 2146 2634 ipse
2094 2351 2125 2442 me
2077 1962 2137 2301 delectat,
2074 1667 2124 1899 ductat
2073 1327 2140 1610 Delphi·-

2154 2032 2205 2173 cus’⁷
2152 1880 2215 2002 ³¹²²²²²²²).

2243 2675 2293 2857 Contra
2239 2332 2295 2643 adolescens,
2236 2159 2298 2298 regni
2234 1856 2299 2115 splendore
2234 1494 2299 1809 obcaecatus,
2239 1323 2287 1449 bene

2339 2786 2388 2986 sperare
2321 2602 2367 2739 iubet
2334 2498 2364 2553 ac
2315 2359 2363 2452 diis
2314 2033 2362 2323 ducentibus
2310 1733 2360 1997 confidere.
2315 1484 2365 1664 Carere
2319 1323 2366 1450 enim

2402 2762 2452 2982 omnibus
2397 2587 2445 2729 bonis
2411 2423 2453 2552 eum,
2394 2308 2455 2387 qui
2394 2105 2455 2274 opibus
2395 1881 2438 2069 careat:

2476 2577 2539 2851 ἐπίσταμαι
2471 2488 2521 2543 δὲ
2469 2367 2521 2455 καὶ
2469 2030 2533 2334 πεπείραμαι
2468 1862 2525 1997 λίαν,

2557 2782 2616 2851 ὡς
2556 2644 2605 2749 τῶν
2552 2384 2618 2610 ἐχόντων
2550 2165 2608 2351 πάντες
2552 1855 2613 2132 ἄνθρωποι
2546 1658 2611 1821 φίλοι.

2712 2619 2765 2853 πλούτου
2710 2535 2761 2581 δ’
2707 2142 2774 2499 ἅπορῥυὲντος
2706 1871 2765 2109 ἀσθενεῖς
2704 1655 2772 1840 γάμοι·

2791 2754 2860 2850 τὴν
2791 2627 2858 2722 μὲν
2790 2494 2857 2594 γὰρ
2789 2195 2855 2457 εὐγένειαν
2788 1918 2838 2161 αἰνοῦσιν
2786 1687 2850 1883 βροτοί,

2875 2653 2940 2850 μᾶλλον
2870 2562 2922 2618 δὲ
2871 2250 2937 2531 κηδεύουσι
2872 2109 2928 2218 τοῖς
2866 1756 2930 2076 εὐδαίμοσιν.

2957 2835 3006 2979 Hunc
2960 2644 3019 2784 pater
2954 2454 3001 2598 docet
2952 2120 2999 2405 felicitatem
2964 1834 3010 2075 nunquam
2948 1659 2996 1793 nasci
2949 1565 2998 1625 ab
2949 1312 2997 1529 externis

3037 2824 3094 2976 bonis,
3033 2701 3081 2788 sed
3033 2618 3081 2667 in
3033 2481 3080 2582 sola
3033 2272 3080 2448 virtute
3030 2032 3095 2239 positam
3044 1861 3075 1997 esse:

3112 2745 3163 2844 οὐκ
3109 2645 3161 2710 ἂν
3110 2425 3160 2611 δύναιο
3108 2319 3175 2388 μὴ
3108 2102 3173 2286 καμὼν
3106 1722 3169 2066 εὐδαιμονεῖν,

3191 2628 3256 2842 αἰσχρόν
3207 2544 3240 2595 τε
3192 2275 3254 2491 μοχθεῖν
3188 2171 3255 2241 μὴ
3186 1964 3238 2136 θέλειν
3185 1700 3238 1930 νεανίαν.

3300 2778 3309 2841 -—-
3298 2582 3305 2645 -
3298 2389 3305 2449 —-
3268 2214 3317 2256 εἰ
3268 2133 3317 2178 δ’
3270 1979 3329 2097 ἄτερ
3266 1764 3316 1944 πόνων

3350 2666 3408 2835 δοκεῖς
3348 2410 3406 2633 ἔσεσθαι,
3348 2200 3411 2373 μῶρος
3341 2104 3405 2164 εἶ,
3345 1872 3408 2068 θνητὸς
3342 1659 3408 1839 γεγώς.

3433 2754 3481 2966 Deorum
3431 2653 3476 2719 ait
3431 2407 3476 2621 favorem
3429 2270 3491 2380 plus
3427 2086 3474 2245 valere
3442 1917 3487 2059 quam
3441 1739 3487 1884 opum
3422 1307 3487 1715 magnitudinem:

3512 2704 3559 2837 θεοῦ
3505 2422 3565 2671 θέλοντος
3505 2290 3556 2389 κᾶν
3502 2176 3555 2255 ἐπὶ
3501 1994 3568 2140 ῥιπὸς
3500 1774 3561 1961 πλέοις.

3592 2755 3657 2965 Sperare
3594 2544 3646 2721 autem,
3589 2401 3636 2507 fore
3589 2222 3635 2367 fidam
3586 2023 3649 2185 patrui
3584 1710 3643 1988 amicitiam,
3581 1540 3629 1674 stulti
3596 1362 3629 1505 esse:

3666 2226 3728 2475 „Nulla
3669 1957 3713 2193 sancta
3662 1627 3710 1923 societas

3747 2474 3811 2820 Necfides
3747 2236 3809 2440 regni
3742 2078 3791 2201 esff’
3740 1895 3804 2046 ****).

3827 2705 3876 2832 Dum
3826 2409 3889 2671 Thyestes,
3825 2162 3872 2374 filiorum
3823 1904 3869 2134 voluntati
3821 1587 3883 1877 obsequens,
3818 1500 3866 1549 in
3833 1418 3867 1475 eo
3820 1300 3875 1393 est,

3913 2902 3960 2957 ut
3907 2821 3955 2871 in
3907 2640 3955 2786 aedes
3906 2451 3967 2606 regias
3906 2241 3960 2418 intret,
3918 2057 3951 2203 senex
3900 1796 3965 2020 quidam,
3916 1719 3948 1746 a
3900 1523 3962 1685 regina
3899 1295 3954 1490 missus,

4021 2852 4073 2890 *)
4019 2654 4061 2820 Seneca
4018 2547 4067 2626 111,
4014 2263 4056 2517 446—470.

4090 2841 4142 2912 **)
4088 2706 4131 2813 Attii
4088 2515 4142 2678 fragm.
4101 2444 4128 2485 n.
4085 2373 4127 2415 7.

4158 2837 4211 2923 ***)
4157 2679 4199 2808 Ennii
4157 2490 4212 2651 fragm.
4170 2417 4196 2460 n.
4155 2348 4197 2389 3.
4156 2274 4195 2316 et
4152 2207 4193 2248 2.

4227 2843 4281 2949 ****)
4226 2687 4269 2814 Ennii
4226 2496 4282 2658 fragm.
4225 2381 4267 2465 inc.
4238 2312 4263 2351 n.
4220 2209 4262 2276 14.
