5010 3336
1062 2080 1113 2196 103

1210 2761 1255 2977 minutae
1208 2494 1254 2726 materiae
1203 2175 1268 2457 partIculae‚
1206 2014 1251 2137 inter
1221 1926 1250 1978 se
1206 1714 1251 1899 similes
1201 1302 1268 1691 (ὁμοιομερεῖς),

1289 2771 1351 2980 primum
1288 2608 1334 2735 inter
1302 2517 1334 2572 se
1284 2222 1343 2483 confusae.1
1289 2001 1346 2173 postea
1285 1696 1332 1965 accedente
1290 1498 1333 1661 mente
1286 1300 1335 1463 divina

1368 2931 1415 2981 in
1367 2664 1415 2882 ordinem
1367 2375 1412 2614 adductae
1378 2216 1409 2326 esse
1363 1883 1410 2180 dicerentur.
1363 1487 1423 1811 Quamobrem
1382 1302 1429 1450 quum

1447 2819 1493 2980 onmia
1462 2723 1493 2783 ex
1447 2465 1493 2687 omnibus
1442 2172 1506 2413 principio
1446 2018 1490 2127 nata
1458 1859 1490 1970 esse
1443 1468 1503 1811 crederentur,
1446 1302 1508 1419 quid

1526 2782 1585 2979 mirum,
1526 2702 1572 2743 si
1524 2469 1572 2666 Dae'dali
1522 2236 1569 2435 audacia
1523 2141 1569 2200 ad
1523 1872 1570 2104 effectum
1523 1588 1571 1837 adducere
1531 1398 1573 1566 conata
1530 1299 1573 1376 est

1606 2915 1664 2983 id,
1606 2747 1668 2877 quod
1606 2606 1653 2712 fieri
1599 2418 1667 2572 posse'
1602 2104 1667 2391 Menalippa
1619 1914 1650 2081 rerum
1603 1503 1665 1878 investigatione
1620 1302 1665 1479 cogno-

1688 2882 1744 2983 vit,
1690 2777 1733 2828 et
1683 2492 1748 2743 migrando
1682 2142 1745 2456 tollendoque
1682 1973 1745 2105 leges
1689 1736 1729 1937 naturae
1685 1550 1730 1698 boves
1683 1300 1731 1513 homini—

1766 2893 1813 2982 bus
1765 2624 1819 2860 miscere,
1763 2408 1810 2575 alitum
1763 1964 1824 2371 terrestriumque
1768 1708 1809 1930 naturam
1764 1483 1810 1671 sociare
1780 1301 1811 1446 ausus

1846 2869 1893 2983 est‘P
1843 2631 1901 2802 Vides,
1859 2453 1905 2594 quam
1848 2281 1889 2415 arcte
1844 1970 1889 2246 dramatum
1848 1650 1903 1934 argumenta
1844 1489 1890 1617 inter
1859 1410 1889 1463 se
1858 1302 1890 1384 co*

1925 2749 1971 2987 haereant
1929 2548 1985 2692 atque
1923 2293 1970 2501 alterum
1922 2090 1968 2243 altero
1921 1735 1985 2053 compleatur.
1922 1402 1969 1666 Praeterea
1923 1301 1969 1349 in

2005 2808 2051 2983 eodem
2002 2537 2049 2759 dramate
2002 2236 2065 2502 Euripides
2006 2042 2049 2200 totum
2006 1844 2048 2005 vatum
2001 1732 2048 1809 vel
2002 1535 2064 1696 potius
2001 1302 2065 1498 sapien-

2084 2864 2131 2987 tium
2082 2622 2130 2826 chorum
2082 2384 2143 2588 induxit,
2097 2226 2144 2346 quos
2098 2094 2129 2190 non
2082 1910 2128 2067 minus
2081 1647 2140 1884 studiose,
2098 1468 2144 1609 quam
2096 1302 2128 1434 sumu

2179 2881 2211 2987 mos
2163 2474 2226 2826 philosophos,
2163 2369 2209 2416 in
2178 2158 2209 2323 rerum
2167 1884 2209 2102 naturam
2162 1589 2223 1834 inquirere
2162 1302 2222 1538 videmus,

2259 2821 2306 2985 quum,
2258 2596 2290 2784 summo
2242 2390 2289 2572 numini
2242 2089 2304 2361 indagando
2241 1749 2303 2053 colendoque
2257 1516 2303 1713 operam
2240 1303 2299 1489 dantes,

2323 2856 2369 2987 nulla
2339 2659 2370 2822 rerum
2320 2279 2385 2623 procuratione
2321 1895 2368 2243 distrahantur.
2320 1740 2366 1833 Ilis
2322 1516 2367 1702 duabus
2320 1302 2369 1481 fabulis

2403 2788 2449 2988 tertiam
2402 2628 2448 2755 addo
2401 2335 2460 2590 Cadmum,
2402 2160 2447 2296 cuius
2399 1895 2461 2123 primaria
2415 1651 2462 1861 persona
2401 1460 2462 1624 Agave
2403 1304 2455 1424 erat,

2481 2792 2529 2987 Baccho
2481 2488 2543 2757 inspirante

2562 2518 2625 2857 „utiliumque
2576 2317 2623 2484 sagax
2575 2114 2606 2281 sertem
2564 2028 2606 2078 et
2558 1814 2606 1991 divina
2558 1565 2620 1791 sutm·2'‚''

2657 2864 2702 2987 quae
2642 2630 2704 2827 quidem
2639 2194 2702 2602 philosophorum
2638 1981 2700 2157 placita
2638 1744 2684 1948 rudibus
2637 1490 2684 1707 barbaris
2638 1303 2685 1455 tradi—

2721 2853 2767 2987 disse
2721 2601 2768 2810 videtur.

2800 2675 2847 2857 Natura
2800 2439 2846 2616 horum
2799 2103 2846 2379 dramatum
2796 1931 2843 2043 talis
2801 1735 2855 1872 erat,
2802 1622 2844 1676 ut
2832 1594 2854 1609 ,
2797 1406 2845 1537 inter
2811 1301 2845 1357 se

2881 2810 2936 2989 iuncta,
2895 2679 2927 2773 non
2883 2417 2925 2643 carerent
2878 2173 2925 2383 iucunda
2878 1890 2924 2139 varietate.
2877 1729 2924 1820 His
2877 1535 2939 1683 igitur
2876 1302 2924 1501 alterius

2959 2694 3008 2989 didascaliae
2958 2496 3005 2659 locum
2958 2211 3020 2461 assignare
2957 2012 3011 2174 lubet,
2973 1832 3018 1974 quam
2962 1640 3003 1796 actam
2972 1499 3003 1611 esse
2961 1303 3003 1463 statuo

3040 2911 3087 2987 01.
3042 2795 3098 2874 83,
3041 2714 3087 2757 1.
3053 2555 3085 2678 aimo
3039 2408 3084 2519 447.
3043 2125 3099 2356 praetore
3036 1849 3083 2080 Philisco.
3037 1631 3096 1768 Quae
3036 1302 3094 1582 coniectura

3120 2815 3168 2990 indicio
3120 2620 3166 2787 nititur
3116 2402 3174 2597 Suidae,
3118 2282 3179 2363 qui
3133 2219 3163 2256 s.
3134 2144 3163 2186 v.
3110 1905 3179 2105 Ἀχαιός
3117 1754 3161 1876 hacc
3115 1515 3163 1720 tradidit
3130 1303 3162 1488 memo·

3200 2859 3246 2987 riae:
3191 2756 3262 2823 ἦν
3196 2666 3246 2720 δὲ
3196 2381 3259 2632 νεώτερος
3195 2012 3259 2355 Σοφοκλέους
3194 1832 3259 1989 ὀλίγῳ
3193 1675 3243 1810 τινί·
3192 1304 3244 1638 ἐπεδείκνυτο

3274 2929 3326 2985 δὲ
3282 2691 3340 2895 κοινῇ
3269 2528 3324 2653 σὺν
3277 2049 3341 2493 τῷΕὐριπίδῃ
3274 1883 3324 2011 ἀπὸ
3278 1730 3339 1847 τῆς
3269 1602 3339 1696 σῖγ’
3274 1306 3339 1574 ὀλυμπι-

3356 2807 3415 2986 άδος.
3357 2629 3405 2738 Non
3373 2396 3419 2592 semper
3359 2062 3419 2359 tetralogiis,
3357 1938 3403 2024 sed
3356 1658 3402 1902 interdum
3357 1474 3403 1620 etiam
3357 1305 3403 1439 trilo—

3439 2894 3503 2988 giis
3443 2617 3485 2858 certatum
3453 2470 3483 2580 esse
3437 2201 3483 2434 arbitror:
3452 1994 3497 2151 neque
3435 1822 3481 1946 enim
3450 1532 3481 1785 numerum
3436 1304 3497 1497 thyme-

3518 2780 3565 2989 licorum
3517 2488 3575 2744 artificum,
3517 2373 3577 2451 qui
3507 2074 3578 2336 achor-ago
3515 1795 3573 2047 dabantur7
3529 1561 3577 1758 semper
3518 1304 3577 1532 quattuor

3597 2810 3647 2987 fabulis
3596 2575 3659 2775 agendis
3595 2282 3644 2537 suffecisse
3599 1868 3643 2245 consentaneum
3598 1743 3643 1831 est.

3866 2481 3918 2548 A.
3861 1756 3916 2392 Cretenses.

3987 2496 4047 2851 Argumentum
3985 2305 4032 2448 huius
3983 1974 4047 2257 tragoediae
3982 1724 4031 1925 Malalas
3985 1627 4031 1677 in
3982 1308 4044 1578 chronogr.

4064 2898 4114 2981 lv.
4082 2815 4128 2863 p.
4067 2666 4115 2776 105.
4066 2440 4124 2628 retulit,
4080 2241 4127 2389 quem
4063 2046 4111 2196 miror
4078 1904 4110 2000 non
4063 1698 4111 1857 solum
4080 1626 4110 1654 a
4062 1308 4120 1592 Matthiaco.,

4144 2893 4192 2983 sed
4144 2710 4192 2859 etiam
4161 2650 4191 2675 a
4144 2343 4193 2602 Welckero
4142 2023 4205 2301 neglectum
4159 1848 4191 1976 esse.
4144 1661 4192 1781 Eius
4145 1472 4191 1621 verba
4142 1306 4188 1429 haec

4220 2092 4237 2109 e-

4228 2843 4272 2981 sunt:
4220 2736 4273 2793 ἐν
4216 2611 4283 2690 οἷς
4224 2358 4288 2565 χρόνοις
4215 2172 4287 2308 ἦσαν
4241 2093 4272 2121 o
4221 1770 4282 2041 Δαίδαλος
4219 1636 4273 1725 καὶ
4220 1558 4271 1588 ὁ
4213 1305 4284 1516 Ἴκαρος
