5010 3336
920 2171 971 2240 11

1072 2877 1119 3021 quum
1058 2617 1106 2838 codicum
1060 2311 1107 2583 testimonia
1061 2150 1109 2278 inter
1075 2064 1108 2117 se
1062 1926 1124 2031 ipsa
1078 1808 1112 1903 non
1072 1502 1129 1778 congruant.
1068 1382 1116 1446 Et

1136 2767 1185 3021 manifesto
1138 2609 1185 2724 ficta
1140 2454 1186 2565 sunt
1154 2287 1199 2409 quae
1139 2180 1187 2242 de
1139 1951 1201 2135 origine
1145 1703 1191 1906 nominiS
1147 1384 1206 1657 traduntur,

1216 2843 1278 3022 quippe
1232 2663 1279 2808 quum
1218 2485 1264 2636 multo
1221 2353 1263 2463 ante
1233 2120 1281 2328 pugnam
1219 1971 1281 2097 apud
1219 1711 1283 1945 Euripum
1225 1380 1272 1684 commissam

1295 2827 1356 3021 quidam
1295 2436 1343 2802 Atheniensium
1310 2309 1342 2403 non
1296 2039 1359 2276 ignobiles
1297 1768 1361 2013 Euripidis
1316 1570 1350 1742 nomen
1319 1382 1365 1546 gesse-

1374 2926 1420 3022 rint
1378 2829 1421 2879 et
1389 2648 1435 2795 unus,
1374 2521 1435 2599 qui
1378 2382 1420 2484 erat
1374 2103 1437 2348 Aeschylo
1392 1973 1423 2068 non
1378 1785 1425 1938 multo
1379 1571 1439 1751 iunior„
1383 1380 1429 1523 etiam

1452 2895 1500 3023 inter
1453 2652 1518 2861 tragicos
1456 2438 1515 2607 poetas
1453 2159 1514 2405 floruerit3
1455 2048 1502 2109 cf.
1455 1813 1504 2011 Suidam
1472 1742 1506 1778 s,
1473 1664 1506 1706 v.
1458 1464 1523 1628 Eurip.
1465 1377 1508 1427 et

1531 2805 1580 3021 Bodeum
1532 2657 1579 2772 hist.
1546 2487 1594 2622 poes.
1532 2301 1581 2453 dram.
1533 2232 1581 2263 Ι.
1550 2150 1596 2197 p.
1536 2006 1582 2116 449.
1552 1921 1583 1969 11.
1538 1839 1586 1886 5.

1611 2755 1672 2896 Quod
1614 2559 1658 2722 autem
1611 2324 1674 2523 singulis
1613 2029 1674 2291 tragoediis
1614 1698 1678 1987 Euripidem
1616 1527 1663 1664 initio
1632 1376 1665 1482 cer-

1693 2894 1737 3024 tasse
1694 2659 1746 2849 statuo,
1704 2519 1752 2607 pro
1691 2195 1738 2473 testimonio
1696 2040 1739 2151 utor
1692 1826 1742 2005 Suidae
1695 1624 1742 1783 verbis
1696 1514 1742 1578 de
1695 1378 1743 1468 So—

1769 2849 1829 3024 phocle
1769 2596 1831 2816 scriptis:
1759 2440 1831 2562 ἦρξε
1772 2317 1817 2413 τοῦ
1768 2118 1833 2291 δρᾶμα
1772 1961 1834 2092 πρὸς
1771 1768 1836 1940 δρᾶμα
1772 1376 1837 1741 ἀγωνίζεσθαι,

1844 2896 1895 3025 ἀλλὰ
1842 2794 1910 2863 μὴ
1846 2397 1911 2759 τετραλογίαν,
1851 2173 1912 2347 quibus
1852 1851 1915 2137 simpliciter
1854 1724 1901 1817 dici
1854 1480 1902 1689 arbitror
1855 1378 1902 1441 -il-

1927 2928 1973 3026 lum
1931 2783 1974 2863 aut
1927 2598 1975 2737 initio
1933 2470 1975 2551 aut
1930 2214 1991 2422 primum
1931 1966 1993 2164 singulis
1933 1661 1995 1920 tragoediis
1938 1378 1981 1611 certasse.

2005 2918 2053 3025 Non
2007 2756 2053 2882 enim
2022 2537 2054 2722 morem
2008 2234 2072 2501 tetralogiis
2010 1943 2069 2184 certandi,
2012 1762 2073 1890 quod
2012 1507 2075 1728 plerique
2016 1376 2060 1473 sta-

2089 2868 2141 3023 tuunt,
2085 2524 2134 2830 immutatum
2103 2370 2147 2497 esse,
2089 2175 2135 2333 omnia
2089 1920 2146 2145 clamant,
2106 1727 2153 1883 neque
2090 1631 2138 1691 ad
2092 1374 2138 1608 rationem

2164 2642 2227 3022 societatemque
2165 2357 2214 2627 dramatum
2167 2162 2216 2342 Suidae
2168 1998 2216 2146 verba
2170 1726 2232 1975 pertinere
2186 1543 2234 1705 posse,
2169 1374 2218 1518 facile

2247 2945 2290 3021 est
2244 2667 2291 2914 intellectu
2241 2568 2305 2635 *).

2485 2712 2536 2778 A.
2486 2351 2541 2626 Rhesus
2488 2153 2541 2296 sive
2490 1623 2561 2109 Nyctegresia.

2609 2736 2670 2894 Quum
2611 2459 2675 2689 prologus
2614 2365 2661 2414 in
2614 2040 2673 2318 codicibus,
2629 1866 2676 1986 quos
2614 1668 2662 1816 hodie
2614 1374 2674 1624 habemus,

2687 2868 2735 3023 nullus
2694 2578 2754 2816 exstaret,
2692 2411 2740 2530 duos
2698 2204 2740 2362 autem
2693 1941 2756 2169 prologos
2692 1692 2755 1905 scriptor
2694 1483 2741 1660 veteris
2711 1373 2742 1450 ar-

2769 2806 2827 3024 gumenti
2769 2714 2816 2764 in
2769 2539 2818 2672 libris
2772 2389 2819 2490 suis
2772 2067 2831 2356 invenisset,
2788 1812 2833 2016 quorum
2773 1571 2820 1778 alterum
2777 1371 2837 1537 aptum

2843 2818 2892 3025 dramati
2852 2736 2894 2784 et
2850 2445 2911 2704 genuinum
2867 2299 2899 2409 esse
2853 2149 2899 2269 dixit
2849 1889 2914 2119 (δικαίαν
2848 1648 2910 1865 ἐκτιθεὶς
2848 1527 2915 1624 τὴν
2850 1372 2901 1501 ὑπό·

2925 2877 2972 3027 θεσιν
2917 2623 2991 2857 Ῥήσου),
2930 2384 2978 2587 alterum
2931 2212 2993 2353 plane
2931 1909 2994 2189 pedestrem
2948 1724 2994 1883 neque
2917 1503 2994 1697 dignum
2932 1374 2980 1476 Eu-

3004 2864 3067 3025 ripide
3012 2790 3054 2839 et
3024 2734 3054 2761 a
3009 2503 3057 2708 scenicis
3009 2212 3058 2471 manifesto
3012 1860 3074 2185 compositum
3007 1654 3071 1825 (πεζὸς
3009 1485 3060 1626 πάνυ
3008 1371 3061 1460 καὶ

3081 2958 3129 3022 οὐ
3082 2714 3146 2924 πρέπων
3087 2395 3153 2680 Εὐριπίδῃ·
3087 2269 3138 2357 καὶ
3088 2107 3153 2236 τάχα
3091 2008 3139 2074 ἄν
3106 1841 3148 1975 τινες
3091 1703 3140 1809 τῶν
3089 1370 3155 1671 ὑποκριτῶν

3159 2641 3223 3024 διεσκευακότες
3161 2506 3215 2608 εἶεν
3167 2270 3232 2471 αὐτόν),
3172 1907 3218 2234 recentiorum
3172 1594 3219 1871 criticorum
3172 1478 3218 1557 alii
3187 1372 3219 1454 ve-

3259 2917 3289 3023 rum
3259 2779 3291 2889 esse
3252 2460 3294 2752 censuerunt
3249 2241 3295 2431 initium
3250 2006 3311 2209 prologi,
3266 1835 3311 1979 quem
3250 1555 3311 1814 genuinum
3250 1371 3297 1528 fuisse

3325 2682 3382 3024 grammaticus
3326 2415 3386 2646 affirmat,
3328 2304 3373 2380 alii
3328 2056 3390 2270 spurium
3334 1765 3389 2022 utrumque
3329 1563 3385 1735 fuisse,
3343 1370 3389 1528 neque

3402 2924 3449 3023 ullo
3403 2774 3450 2890 huie
3404 2545 3453 2740 fabulae
3407 2304 3468 2505 prologo
3422 2136 3469 2256 opus
3405 1928 3454 2082 fuisse
3407 1622 3456 1882 ostendere
3406 1373 3455 1575 studue-›

3486 2897 3530 3020 runt.
3482 2642 3530 2830 Horum
3484 2546 3531 2594 in
3501 2299 3532 2499 numero
3491 2178 3533 2253 est
3484 1893 3547 2131 valterus,
3487 1734 3548 1842 qui,
3502 1539 3549 1687 quum
3486 1374 3534 1506 leves

3562 2760 3624 3023 inanesque
3578 2615 3610 2725 esse
3579 2369 3627 2580 caussas,
3565 2158 3627 2331 quibus
3566 2006 3612 2122 moti
3566 1784 3628 1972 priores
3566 1590 3613 1747 critici
3565 1370 3630 1565 genuini

3728 2927 3781 2967 Α)
3729 2775 3769 2898 Idem
3742 2610 3782 2746 nuper
3730 2446 3771 2584 Feld
3745 2313 3772 2432 man
3746 2200 3771 2295 11118
3732 2125 3771 2167 iu
3726 1762 3787 2091 programmate
3734 1517 3787 1731 quodam,
3733 1372 3786 1486 quod

3798 2779 3838 2890 mihi
3798 2599 3851 2741 ipsum
3800 2405 3841 2558 videre
3815 2282 3841 2365 11011
3801 2104 3852 2252 licuit,
3802 1939 3843 2060 hisee
3804 1754 3844 1901 verbis
3802 1538 3843 1712 docuit:
3801 1372 3853 1498 „Non

3867 2779 3907 2887 illud
3869 2540 3921 2737 profecto
3869 2403 3910 2499 inde
3871 2060 3923 2364 consequitur,
3876 1835 3913 2006 veteres
3877 1686 3914 1786 antc
3872 1375 3924 1644 Sophoclem

3936 2695 3991 2887 tragicos
3939 2478 3993 2667 trilogiis
3953 2275 3994 2449 semper
3942 1999 3994 2246 argumenti
3943 1757 3983 1971 affinitate
3941 1493 3982 1733 coniunctis
3954 1376 3980 1469 ccr-

4010 2759 4058 2887 tasse,
4009 2638 4059 2728 scd,
4010 2492 4062 2606 quod
4011 2366 4050 2464 lucc
4010 2154 4062 2336 clarius,
4012 1867 4066 2122 tetralogias
4014 1581 4065 1838 plerumque
4009 1374 4050 1553 minime

4076 2778 4115 2885 huic
4077 2660 4131 2751 legi
4079 2421 4119 2630 obnoxias
4080 2166 4129 2391 docuisse>
4080 1855 4133 2122 Sophoclem
4095 1709 4122 1814 vcro
4080 1489 4133 1677 primum
4078 1378 4119 1461 sin-

4146 2757 4197 2885 gulas
4146 2686 4186 2729 in
4152 2435 4189 2655 certamen
4163 2222 4189 2400 vocasse
4150 1899 4203 2191 tragoediasfi‘
