5010 3336
3905 2082 3961 2200 194

3748 1299 3804 1530 tandem,
3762 1584 3809 1724 minis
3764 1763 3811 1887 illius
3754 1926 3813 2154 territus,
3752 2203 3814 2309 ipse
3770 2345 3817 2458 liliis
3769 2495 3813 2669 auctor
3772 2705 3818 2760 fit
3772 2794 3819 2979 sororis

3676 1299 3725 1562 tollendae.
3682 1634 3729 1918 Sarcasmus
3685 1956 3732 2084 inest
3677 2119 3734 2301 verbis,
3674 2340 3736 2514 quibus
3674 2536 3721 2742 poenam
3677 2775 3738 2980 irrogat:

3586 1433 3647 1808 „Postremo
3586 1837 3651 2475 ampleoeasmcctum,
3592 2505 3640 2684 quem
3612 2711 3659 2781 di
3609 2806 3660 2980 dant,

3509 2135 3556 2248 cap
3525 2270 3578 2343 e.’⁷

3438 1305 3487 1506 Licebat
3440 1541 3483 1702 autem
3425 1738 3489 1867 patri
3443 1904 3490 1966 de
3445 2001 3491 2101 filia
3430 2138 3494 2433 supplici-um
3443 2472 3480 2685 sumere,
3451 2722 3498 2857 cuius
3454 2887 3485 2981 uon

3356 1303 3389 1475 caussa
3351 1520 3407 1699 solum,
3361 1749 3392 1917 verum
3363 1966 3410 2111 etiam
3365 2148 3412 2415 necessitas
3367 2465 3410 2612 esset.
3365 2688 3420 2985 Timendum

3276 1304 3323 1434 enim
3268 1470 3322 1591 erat,
3271 1628 3310 1707 ne,
3281 1746 3322 1829 aut
3267 1877 3330 2209 Alphesiboea
3272 2254 3332 2507 coniugem
3282 2558 3335 2855 ulciscente,
3292 2902 3335 2986 aut

3197 1305 3244 1540 fratribus
3200 1576 3246 1720 huius
3201 1756 3247 1990 ultionem
3186 2026 3246 2340 praevertere
3198 2377 3255 2716 studentibus„
3211 2755 3259 2896 liberi
3213 2932 3244 2987 se

3118 1303 3164 1513 invicem
3120 1560 3166 1914 interficerent.
3123 1997 3170 2166 Genus
3124 2214 3165 2378 autem
3111 2426 3174 2652 supplicii
3115 2701 3178 2884 delegit
3121 2918 3180 2986 id,

3021 1306 3069 1403 quo
3038 1438 3083 1505 uti
3039 1541 3086 1764 solebant
3025 1800 3088 1899 qni,
3042 1938 3072 1997 ne
3043 2034 3090 2184 caede
3044 2220 3075 2390 manus
3038 2430 3093 2838 contaminarent,
3051 2877 3082 2986 cru-

2955 1309 2987 1446 orem
2949 1479 3004 1610 eius,
2945 1649 2991 1794 quem
2957 1830 3009 2216 interficiebant,
2964 2267 3011 2465 haurire
2965 2500 3013 2747 nolebant.
2968 2816 3018 2987 Vivam

2859 1308 2923 1459 igitur
2878 1492 2925 1644 muris
2879 1682 2929 1908 concludi
2882 1944 2928 2104 iussit.

2796 1441 2845 1582 Forti
2799 1629 2840 1677 et
2800 1723 2847 1963 constanti
2802 2010 2848 2167 animo
2788 2217 2852 2599 Alphesiboeam
2808 2658 2854 2719 ad
2809 2779 2851 2988 mortem

2699 1311 2763 1585 profectam
2718 1638 2750 1749 esse
2704 1799 2768 2066 putandum
2712 2103 2764 2205 est,
2725 2260 2772 2638 commiserante
2727 2672 2774 2843 choro.
2730 2914 2776 2990 Ex

2636 1312 2683 1471 nuntii
2637 1504 2685 1785 narratione
2641 1822 2683 1982 exstat
2628 2015 2690 2342 fragmentum
2646 2379 2691 2564 hocce:

2568 1447 2575 1507 —
2570 1643 2577 1707 —-
2574 1840 2579 1902 ——
2573 2031 2581 2097 »m
2576 2228 2584 2295 *—
2557 2430 2615 2643 „sede9

2461 1454 2525 1917 Augus-citam
2482 1950 2528 2115 sami
2474 2147 2530 2452 inclusa,
2469 2489 2537 2861 squalida.’'

2394 1313 2440 1574 Postremo
2398 1610 2444 1754 deum
2387 1806 2447 2017 aliquem
2402 2068 2449 2394 intervenisse
2390 2442 2447 2591 puto,
2391 2640 2453 2722 qui
2392 2766 2457 2993 Alphesi—

2315 1316 2359 1486 boeam
2316 1522 2363 1696 merita
2320 1734 2366 1874 laude
2312 1911 2368 2161 afficeret,
2307 2198 2364 2387 patrem
2316 2426 2372 2774 consolaretur,
2328 2814 2376 2996 fratres

2226 1316 2273 1499 autem„
2237 1536 2278 1587 ut
2221 1622 2284 1816 piaculo
2241 1853 2270 1905 se
2230 1942 2287 2204 solverent,
2244 2240 2292 2418 monile
2246 2453 2276 2562 cum
2230 2598 2294 2746 peplo
2248 2783 2292 2827 in
2248 2869 2288 2993 tem-

2138 1321 2201 1451 plum
2141 1498 2204 1742 Apollinis
2145 1795 2208 2009 Delphos
2146 2048 2210 2271 perferre
2163 2315 2210 2522 iuberet.
2166 2592 2213 2669 Ex
2167 2704 2212 2848 huius
2166 2886 2197 2994 ora-

2075 1318 2122 1448 tione
2061 1484 2123 1738 depromta
2081 1776 2111 1886 esse
2081 1918 2128 2143 videntur
2083 2179 2130 2329 haec:

1984 1903 2049 2112 „quod
2002 2148 2048 2201 iz·
2003 2238 2052 2539 interdiu
1990 2576 2052 2866 inseram
1991 2895 2056 2944 *)

1918 1459 1965 1735 Penitus
1904 1800 1967 2301 interpressam
1923 2364 1971 2536 alcis
1925 2598 1971 2993 clauserunt

1823 2153 1889 2428 specis.”

1756 1324 1803 1555 Ceterum
1759 1592 1807 1809 abfuisse
1760 1845 1805 1903 ab
1760 1940 1807 2033 hac
1746 2068 1809 2322 tragoedia
1748 2358 1806 2475 puto
1764 2511 1812 2677 caedis
1765 2703 1798 2999 commemo—n

1666 1324 1723 1591 rationem,
1665 1641 1710 1734 qua
1681 1771 1727 2019 Temenus
1665 2058 1721 2205 atque
1682 2241 1729 2398 Axion
1684 2435 1714 2461 a
1684 2498 1732 2798 Callirrhoes
1685 2833 1734 2999 liberis

1582 1325 1645 1651 (Amphotero
1584 1686 1642 1832 atque
1586 1867 1648 2143 Acarnane)
1602 2180 1650 2429 interfecti
1604 2465 1634 2575 esse
1604 2611 1650 2853 dicuntur.
1606 2901 1653 3001 Ali-

1517 1326 1558 1404 ter
1519 1439 1565 1565 euim
1520 1603 1566 1661 ab
1520 1699 1567 1804 aliis
1520 1857 1566 2090 traditum
1520 2136 1567 2291 fuisse
1506 2342 1569 2587 colligitur
1524 2637 1555 2698 ex
1525 2731 1574 3002 Pausaniae

1426 1328 1485 1451 loco,
1423 1487 1470 1631 quem
1424 1668 1470 1814 supra
1440 1851 1487 2119 citavimus.

1343 1458 1406 1630 Longe
1360 1677 1405 1915 diversam
1360 1968 1406 2095 viam
1361 2143 1408 2203 ad
1361 2249 1409 2396 huius
1363 2434 1411 2629 fabulae
1350 2662 1414 2894 reliquias
1367 2928 1414 3001 iu-

1264 1328 1325 1669 terpretandas
1263 1706 1328 2137 disponendasque
1266 2172 1326 2418 ingressus
1283 2456 1326 2532 est
1272 2567 1332 2875 WVelckerus,
1286 2911 1333 3001 So-

1183 1331 1247 1496 phocli
1202 1530 1247 1750 tribuens
1186 1786 1231 1910 quae
1200 1958 1246 2220 manifesto
1186 2275 1250 2521 Euripidis
1192 2572 1247 2711 sunt,
1204 2758 1246 2810 et
1188 2855 1237 3004 posse

1120 1329 1166 1474 huius
1107 1522 1168 1803 tragoediae
1119 1849 1163 2146 structuram
1121 2190 1152 2250 ex
1108 2294 1170 2579 fragmentis
1124 2618 1171 2790 coniici
1109 2824 1171 3002 despe-

1040 1331 1072 1459 rans,
1041 1527 1087 1725 Mecum
1040 1761 1084 1923 autem
1039 1961 1086 2206 consentit
1042 2242 1089 2439 Sclioell
1042 2476 1089 2524 iu
1030 2558 1089 2711 libro,
1029 2760 1076 2906 quem
1046 2941 1093 3005 de

854 1474 894 1607 quem
868 1636 895 1719 non
866 1748 910 1963 refutavit
866 1994 907 2251 wolckerus
856 2281 895 2322 p.
867 2355 911 2452 582.
867 2524 909 2727 Ceterum
870 2768 912 2871 libri
870 2909 914 3004 ἐπεὶ

795 1476 832 1519 et
795 1550 840 1618 ἐπ’
795 1648 843 1702 οὗ
783 1734 824 1814 pro
794 1845 840 1933 εἴπ’
795 1964 836 2017 εἰ.

715 1400 766 1446 t²²)
712 1478 765 1647 Vulgo:
714 1681 766 1791 qnod
726 1821 765 1883 ιΙίἱ
725 1911 766 2136 interdum.
