5010 3336
2688 3273 2714 3291 1÷
2768 3272 2850 3291 w.—

2928 3304 3119 3336 ἔζη-ζτΜ-γῖ

1144 2120 1199 2235 461

1291 2597 1356 2873 Pressaque
1293 2470 1338 2574 iam
1289 2230 1354 2447 gravida
1290 1952 1353 2202 crepitent
1288 1824 1335 1918 tibi
1294 1653 1349 1800 terga
1286 1361 1350 1625 pharetra,

1371 2691 1432 2875 Dirige
1369 2338 1434 2656 odoriseqnos
1367 2237 1416 2303 ad
1375 2058 1414 2200 certa
1367 1836 1414 2021 cubilia
1366 1602 1414 1800 canes.'‘

1449 2668 1496 2878 Etiamsi
1449 2508 1496 2635 enim
1453 2311 1495 2473 tantae
1446 2008 1509 2275 elegantiae
1461 1807 1493 1975 versus
1446 1709 1492 1760 in
1443 1486 1490 1676 Livium
1443 1360 1490 1452 mi-

1529 2878 1576 3005 nime
1527 2648 1587 2843 cadunt,
1532 2462 1575 2621 tamen
1527 2364 1574 2425 de
1541 2278 1572 2330 re
1525 2139 1586 2244 ipsa
1540 2009 1571 2105 non
1530 1910 1571 1984 est
1523 1748 1585 1874 quod
1523 1439 1570 1711 dubitemus
1520 1357 1582 1425 *).

1606 2597 1654 3004 Efficacissimum
1606 2408 1654 2535 enim
1607 2250 1651 2352 erat
1602 2132 1648 2192 ad
1602 1692 1649 2074 misericordiam
1600 1356 1647 1639 movendam

1684 2802 1732 3005 venandi
1685 2536 1732 2747 studium
1699 2429 1731 2485 eo
1683 2275 1744 2380 ipso
1685 2007 1742 2227 tempore
1681 1901 1727 1959 ab
1681 1682 1742 1858 ignaris
1679 1355 1742 1638 praedicari,

1779 2907 1825 3003 quo
1764 2753 1810 2871 illud
1763 2552 1810 2717 liberis
1760 2390 1824 2517 regis
1759 2034 1822 2356 perniciosum
1758 1895 1805 1999 fuit.
1758 1652 1806 1824 Statim
1758 1497 1804 1622 enim
1761 1352 1821 1464 post

1841 2875 1889 3004 hunc
1847 2635 1889 2829 cantum
1853 2411 1901 2585 corpus
1838 2168 1884 2376 Learchi
1836 1876 1884 2123 interfecti
1854 1717 1885 1825 cum
1836 1465 1883 1667 moestis
1835 1352 1882 1421 la-

1920 2828 1967 3003 mentis
1921 2733 1968 2793 ad
1919 2553 1966 2697 aedes
1918 2351 1978 2507 regias
1916 2094 1963 2302 relatum
1916 1807 1979 2049 simulque
1932 1639 1973 1775 rem,
1915 1351 1976 1591 quomodo

1999 2731 2057 3003 evenisset,
1998 2637 2043 2695 ab
2012 2509 2043 2601 uno
2012 2411 2043 2471 ex
1995 2122 2042 2377 comitibus
1995 1802 2058 2086 expositam,
1993 1607 2057 1768 paullo
1998 1463 2055 1574 post
2008 1350 2039 1429 re-

2093 2894 2139 3003 gem
2077 2688 2139 2847 ipsum
2081 2420 2122 2640 secutum
2090 2262 2122 2372 esse
2090 2011 2121 2215 necesse
2079 1873 2122 1962 est.
2073 1714 2120 1785 De
2087 1572 2134 1667 quo
2075 1349 2119 1525 eventu

2156 2878 2202 3001 haec
2154 2737 2202 2851 dicit
2152 2454 2216 2709 Hyginus:
2154 2135 2211 2400 „Athamas
2159 1940 2200 2100 autem
2153 1855 2198 1904 in
2151 1576 2199 1828 venatione
2166 1456 2213 1544 per
2151 1348 2197 1422 in-

2234 2818 2281 3001 saniam
2233 2494 2289 2786 Learchum,
2232 2226 2279 2458 maiorem
2232 2037 2278 2191 filium
2246 1847 2289 2001 suum,
2229 1519 2277 1813 interfecit.''
2228 1348 2277 1449 Ob-

2313 2881 2360 3003 viam
2312 2689 2373 2835 igitur
2316 2416 2357 2643 currente
2310 2240 2369 2370 filio,
2311 1959 2359 2192 Athamas
2325 1823 2373 1911 per
2308 1558 2356 1791 insaniam
2310 1464 2356 1522 ab
2308 1348 2354 1427 Iu-

2407 2872 2439 3000 none
2389 2557 2447 2839 immissam,
2404 2334 2436 2527 cervum
2404 2186 2436 2295 eum
2406 2039 2437 2149 esse
2394 1853 2448 2005 ratus,
2388 1728 2435 1825 telo
2384 1347 2448 1693 transfixit**).

2470 2703 2518 2999 Vitulantem
2467 2316 2515 2658 Athamantem
2474 2125 2529 2269 atque
2469 1759 2515 2078 exsultantem
2466 1503 2526 1714 laetitia,
2482 1348 2513 1454 cum

2549 2814 2595 3000 insania
2546 2501 2594 2766 etiamtunc
2552 2170 2607 2445 teneretur,
2547 1965 2594 2110 simili
2546 1776 2593 1919 modo
2551 1584 2607 1729 atque
2547 1345 2608 1540 Agaven

2629 2950 2675 3000 in
2642 2707 2674 2901 scenam
2625 2470 2672 2657 redisse
2642 2374 2672 2434 ex
2626 2100 2674 2335 Cicerone
2626 1833 2673 2066 discimus
2626 1676 2672 1797 haec
2626 1594 2671 1642 in
2625 1440 2670 1562 libro
2623 1343 2670 1405 de

2707 2799 2767 3000 harusp.
2719 2637 2766 2763 resp.
2720 2560 2751 2599 c.
2706 2446 2752 2523 18.
2704 2132 2753 2407 referente:
2705 1932 2764 2075 „Non
2711 1771 2752 1883 sunt
2704 1669 2750 1739 illi
2703 1430 2750 1635 eiulatus
2706 1342 2749 1393 et

2784 2790 2847 2998 gemitus
2783 2449 2830 2755 Philoctetae
2788 2317 2830 2415 tam
2786 2071 2844 2267 miseri,
2800 1728 2846 2018 quamquam
2786 1568 2829 1680 sunt
2781 1342 2841 1523 acerbi,

2878 2822 2926 2996 quam
2861 2645 2908 2760 illa
2862 2218 2910 2583 exsultatio
2863 1752 2911 2167 Athamantis
2866 1654 2909 1704 et
2876 1467 2922 1607 quam
2875 1342 2907 1421 so-

2942 2818 2990 2997 mnium
2940 2359 2987 2770 matricidarum.''
2941 2058 3005 2276 Corpora
2947 1709 2988 2012 mortuorum
2939 1341 3001 1664 conspicienS‚

3021 2875 3068 2999 haec
3020 2726 3082 2831 ipsa
3034 2487 3080 2681 quoque
3019 2335 3067 2440 sine
3020 2142 3068 2289 dubio
3036 2018 3084 2108 pro
3021 1865 3067 1985 seris
3021 1780 3068 1829 in
3025 1575 3067 1747 venatu
3017 1340 3064 1542 interfe-

3099 2906 3146 2994 ctis
3098 2701 3145 2871 habuit
3102 2608 3144 2658 et
3097 2463 3154 2575 filii,
3114 2282 3159 2424 quem
3115 2051 3147 2245 cervum
3116 1905 3147 2015 esse
3099 1646 3162 1871 putabat,
3097 1454 3144 1601 funus
3112 1339 3143 1419 re-

3177 2850 3238 2995 liquis
3176 2640 3237 2815 apponi
3175 2451 3222 2609 iussit.
3176 2146 3223 2402 Postremo
3179 2064 3224 2112 in
3178 1834 3224 2030 domum
3194 1772 3224 1799 a
3176 1447 3224 1737 satellitibus
3175 1337 3221 1411 lu-

3255 2773 3316 2994 gentibus
3253 2501 3299 2738 deductus
3258 2364 3312 2463 est,
3255 2206 3302 2318 inde
3271 2046 3302 2159 mox
3256 1938 3302 1997 ad
3256 1617 3301 1900 immensam
3253 1337 3301 1580 calamita-

3340 2892 3382 2993 tem
3331 2553 3389 2858 intuendam,
3347 2402 3378 2515 sana
3340 2204 3380 2366 mente
3339 1948 3396 2170 recepta,
3335 1647 3381 1911 rediturus.

3410 2719 3459 2858 Haec
3409 2438 3457 2684 videntem
3412 2204 3459 2400 Inonem
3414 1991 3477 2157 ingens
3413 1780 3460 1955 invasit
3412 1610 3458 1746 dolor
3415 1523 3458 1572 et
3409 1336 3457 1489 facto-

3506 2883 3539 2989 rum
3490 2518 3552 2848 poenitentia:
3522 1777 3526 1779 ,

3564 2708 3630 2856 φίλαι
3569 2405 3630 2676 γυναῖκες,
3569 2258 3627 2369 πῶς
3567 2159 3618 2223 ἂν
3566 2076 3630 2124 ἐξ
3569 1878 3634 2037 ἀρχῆς
3567 1645 3632 1843 δόμους

3646 2531 3710 2857 Ἀθάμαντος
3646 2204 3712 2499 οἰκήσαιμι,
3650 2064 3698 2167 τῶν
3647 1654 3712 2030 πεπραγμένων

3724 2619 3789 2861 δράσασα
3725 2395 3789 2586 μηδὲν·
3758 2196 3765 2259 -
3756 1999 3763 2063 —
3757 1804 3763 1867 -—

3834 2799 3843 2860 —
3832 2600 3840 2665 ——a
3833 2409 3841 2466 ——
3834 2210 3841 2272 —
3836 2018 3843 2081 ,—-<
3835 1823 3841 1886 —

3946 2888 3998 2937 >r)
3944 2788 3985 2855 ef.
3945 2594 3986 2764 welck.
3961 2518 3999 2561 p.
3945 2386 3987 2483 625.

4014 2884 4067 2959 ²⁸²³l‘)
4015 2629 4055 2855 Plutarch·
4016 2440 4057 2597 δεισιδ.
4031 2364 4069 2406 p.
4014 2227 4054 2332 167:
4012 2148 4056 2173 ὁ
4016 1882 4071 2111 Τειρεσίας
4014 1679 4071 1837 ἐχρῆτο
4014 1424 4069 1637 δυςτυχία
4011 1335 4067 1395 μὴ

4082 2678 4139 2853 βλέπων
4082 2575 4127 2632 τὰ
4086 2396 4128 2532 τέκνα
4083 2242 4138 2354 μηδὲ
4082 2093 4134 2201 τοὺς
4085 1814 4140 2053 συνήθεις,
4084 1739 4127 1761 ὁ
4083 1627 4126 1687 δὲ
4081 1330 4135 1577 Ἀθάμας

4153 2620 4205 2853 μείζονι
4155 2504 4197 2581 καὶ
4153 2435 4209 2463 ἡ
4153 2223 4207 2403 Ἀγαύη,
4152 1940 4209 2176 βλέποντες
4154 1849 4204 1910 ὠς
4154 1641 4202 1821 λέοντας
4152 1504 4195 1603 καὶ
4148 1332 4193 1462 ἐλά-

4236 2678 4274 2851 φους·
4224 2556 4266 2633 καὶ
4227 2463 4282 2526 τῷ
4222 2228 4281 2435 εΗρακλεῖ
4222 2049 4278 2199 δήπου
4222 1834 4279 2019 μανέντι
4222 1697 4273 1805 τοὺς
4223 1556 4272 1669 υἱεῖς
4219 1332 4265 1527 ἐλυσιτέ-

4293 2788 4334 2853 λει
4289 2651 4347 2761 μήτε
4294 2506 4337 2620 ἰδεῖν
4292 2365 4350 2477 μήτε
4292 2083 4338 2333 αἰσθέσθαι
4293 1819 4352 2053 παρόντας
4296 1701 4338 1790 κτλ.

1288 898 1601 921 *μ’-ό-’φὴιὲὲςη--ψγ-νρ
1633 906 1692 911 -·--
1716 903 1721 906 -
1744 908 1749 909 ⁷
1767 907 1770 910 -
1789 905 1811 908 -›
1856 891 1871 911 ”z
1884 910 1902 911 ἡ
1948 895 1967 899 ”
