5010 3336
3907 2087 3963 2208 180

3768 1424 3819 1683 Obstinate
3769 1729 3818 1970 infitiante
3751 2016 3814 2240 Aerope,
3768 2305 3816 2501 simulat
3768 2550 3816 2644 sibi
3750 2695 3812 2982 persuaderi

3673 1294 3737 1524 omnique
3675 1560 3737 1842 suspicione
3688 1878 3720 1932 se
3687 1967 3736 2229 liberatum
3677 2267 3719 2396 esse,
3687 2435 3736 2531 hoc
3674 2568 3734 2797 consilio,
3686 2834 3728 2888 ut
3685 2923 3731 2983 il-

3609 1293 3656 1386 lius
3609 1422 3657 1483 ad
3610 1518 3658 1720 fratrem
3592 1758 3655 2048 capiendum
3590 2084 3639 2235 opera
3607 2269 3652 2466 utatur:

3512 1423 3578 1826 „Impetrem
3512 1848 3574 2073 facile
3527 2110 3574 2184 ab
3516 2222 3573 2466 animo,
3527 2515 3567 2585 ut
3525 2621 3567 2858 cernat
3525 2894 3573 2981 vi—

3447 2121 3493 2329 talem
3446 2369 3494 2712 babulam’'
3431 2741 3498 2807 *).

3355 1290 3419 1460 ltaque
3355 1506 3413 1735 tanquam
3367 1790 3414 1915 bono
3366 1963 3413 2122 animo
3366 2158 3412 2288 hunc
3366 2322 3413 2462 initio
3366 2498 3412 2779 arcessierit
3366 2813 3409 2862 et
3367 2895 3399 2981 no-

3292 1288 3339 1489 vissimo
3290 1539 3339 1737 demum
3271 1784 3330 2013 tempore
3285 2061 3333 2294 delatoris
3286 2347 3333 2600 cuiusdam
3286 2637 3334 2981 criminationi-

3212 1287 3260 1378 bus
3213 1414 3243 1441 a
3212 1474 3253 1612 recta
3211 1644 3255 1716 via
3209 1751 3255 1992 abductus
3194 2030 3254 2197 fuerit,
3205 2233 3237 2435 uxorem
3189 2488 3246 2652 rogat,
3206 2704 3248 2756 ut
3205 2803 3254 2980 blande

3132 1286 3179 1494 invitans
3132 1543 3181 1746 fratrem
3131 1795 3178 1844 in
3128 1894 3176 2094 domum
3126 2143 3174 2373 deducat.
3127 2444 3174 2518 Ad
3124 2567 3167 2798 mutatam
3125 2836 3174 2979 animi

3051 1286 3099 1577 sententiam
3050 1616 3099 1879 manifesto
3033 1913 3095 2163 pertinent
3047 2197 3093 2405 haecce:

2971 1453 2981 1464 .
2971 1502 2981 1511 .
2956 1548 3021 1676 πρὶν
2954 1711 3021 1971 ἐκφλῆναί
2951 2004 2999 2066 με
2966 2102 3018 2189 καὶ
2952 2224 3013 2420 μαθεῖν
2950 2455 3014 2617 λόγον
2950 2647 3013 2746 *3)

2892 1288 2941 1441 Grata
2875 1474 2939 1700 Aeropae
2890 1733 2937 1859 haec
2888 1895 2934 2030 Atrei
2887 2086 2927 2163 est
2885 2208 2933 2427 voluntas
2870 2472 2931 2691 speranti
2879 2741 2934 2877 sore,
2887 2927 2929 2980 ut

2796 1285 2860 1498 decepto
2796 1545 2857 1742 penitus
2809 1792 2857 1969 marito
2806 2018 2855 2227 facultas
2805 2274 2852 2445 redeat
2805 2480 2851 2756 adulterum
2789 2792 2854 2977 ample-

2732 1286 2779 1468 ctendi.
2716 1538 2778 1737 Aerope
2731 1784 2762 1895 cum
2729 1944 2776 2095 Atreo
2728 2147 2774 2206 ad
2711 2256 2775 2533 Thyestem
2725 2568 2772 2867 invitandum
2727 2903 2773 2977 ‹li-

2637 1284 2700 1499 gressis,
2653 1554 2700 1691 locus
2651 1739 2698 1797 fit
2651 1834 2698 1973 chori
2649 2010 2706 2209 carmini
2645 2244 2693 2411 terti0.
2646 2483 2694 2636 Redit
2645 2669 2692 2849 Atreus
2646 2886 2694 2976 ho-

2557 1284 2620 1482 spitem,
2574 1518 2620 1594 cui
2555 1633 2618 1893 scrupulus
2570 1930 2610 2152 exemtus
2568 2189 2609 2265 est
2552 2301 2613 2496 reginae
2550 2532 2613 2831 praesentia,
2566 2867 2598 2978 cum

2493 1284 2541 1453 liberis
2494 1489 2540 1593 eius
2490 1642 2538 1908 adducens,
2472 1978 2537 2175 Quippe
2472 2226 2535 2501 Thyestes,
2486 2555 2517 2665 cum
2486 2710 2533 2834 salsa
2486 2881 2534 2978 sint

2397 1283 2461 1523 plurima,
2398 1572 2444 1694 quae
2410 1731 2457 1988 videantur
2409 2023 2439 2134 esse
2399 2169 2438 2311 vera,
2391 2365 2437 2512 posse
2389 2548 2447 2684 putat
2406 2720 2437 2747 e
2406 2782 2449 2976 contra-

2332 1283 2379 1358 rio
2332 1404 2379 1549 ctiam
2332 1599 2363 1767 verum
2330 1823 2362 1934 esse
2314 1981 2376 2195 aliquid,
2313 2260 2372 2391 quod
2326 2439 2372 2589 fidem
2309 2638 2357 2874 superare
2326 2907 2373 2975 vi—

2251 1282 2301 1484 dentur:

2172 1414 2222 1523 ἀλλ’
2157 1560 2222 1699 εἴπερ
2171 1736 2222 1875 ἐστὶν
2170 1909 2223 1965 ἐν
2155 2000 2220 2213 βροτοῖς
2151 2245 2218 2602 ψευδηγορεῖν

2084 1412 2140 1666 πιθανόν,
2076 1703 2140 1933 νομίζειν
2074 1967 2139 2063 χρή
2074 2100 2121 2156 γε
2088 2191 2139 2278 καὶ
2084 2315 2136 2631 τούναντίον

2011 1413 2059 1584 ἄπιστ’
1993 1621 2062 1793 ἀληθῆ
2009 1831 2059 1995 πολλὰ
1993 2031 2058 2343 συμβαίνειν
1990 2377 2053 2608 βροτοῖς.

1916 1284 1981 1489 Reliqua
1931 1524 1978 1669 huius
1914 1704 1977 1931 colloquii
1914 1967 1975 2125 qualia
1916 2156 1975 2362 suerint,
1910 2401 1956 2698 cognoscere
1909 2733 1965 2876 potes
1922 2912 1954 2973 ex

1851 1282 1901 1501 Senecae
1837 1537 1883 1688 opere
1835 1725 1898 1827 (ΙΙΙ.
1850 1865 1880 1909 v.
1830 1946 1894 2312 512.-545.)‚
1831 2359 1877 2485 quae
1845 2532 1891 2637 eius
1827 2686 1890 2972 tragoediae

1755 1281 1804 1395 pars
1757 1434 1819 1547 quin
1771 1585 1803 1644 ex
1753 1678 1819 1917 Euripide
1752 1952 1799 2188 expressa
1756 2224 1815 2301 sit,
1765 2339 1796 2434 non
1764 2466 1812 2649 dubito.
1747 2702 1811 2970 Postquam

1691 1282 1739 1404 satis
1692 1440 1739 1530 sibi
1678 1566 1737 1837 gratulatus
1687 1875 1730 1953 est
1688 1986 1735 2164 Atreus
1686 2192 1735 2346 fratre
1668 2372 1725 2573 recepto
1667 2598 1730 2815 satisque
1682 2840 1728 2971 huuc

1612 1280 1660 1396 ficta
1611 1431 1660 1643 laetitiae
1595 1678 1657 2034 significatione
1592 2071 1655 2327 delenivit,
1603 2379 1635 2579 uxorem
1603 2618 1634 2726 cum
1601 2761 1650 2859 hoc
1600 2894 1648 2969 in-

1532 1280 1581 1434 troire
1532 1470 1575 1520 et
1531 1545 1578 1647 sine
1530 1676 1561 1811 mora
1527 1836 1575 2107 convivium
1512 2135 1558 2310 parare
1523 2337 1572 2473 iubet
1508 2499 1570 2966 splendidissimum.

1452 1278 1502 1409 Tum
1440 1446 1484 1590 vero,
1435 1648 1490 1841 captum
1447 1879 1495 1974 iam
1447 2010 1490 2180 tenens
1430 2218 1488 2362 atque
1443 2398 1490 2717 constrictum
1426 2751 1489 2966 hostem,

1371 1277 1422 1427 animi
1374 1462 1420 1537 sui
1369 1573 1418 1862 sententiam
1352 1900 1414 2255 consiliumque
1350 2290 1412 2475 aperit:

1276 1409 1342 1635 „Ergo
1272 1671 1339 2036 incipiam,
1286 2077 1328 2324 conata
1268 2361 1331 2741 exsequast'
1267 2773 1329 2897 )

1177 1348 1229 1400 ²2)
1188 1429 1229 1560 Ennii
1172 1593 1228 1758 fragm.
1187 1786 1229 1827 5.
1169 1886 1225 2030 Vulgo
1180 2067 1223 2315 vitalem
1180 2346 1221 2463 Bab
1178 2482 1219 2611 ium.
1161 2670 1215 2962 Deploratum

1119 1414 1159 1564 locum
1117 1588 1144 1682 esse
1116 1708 1157 1814 dicit
1100 1846 1156 2056 Bothius,
1110 2098 1152 2228 simul
1107 2266 1137 2618 commemorans
1105 2648 1131 2687 v.
1104 2716 1143 2745 Ι.
1103 2781 1143 2809 b
1102 2827 1142 2960 abu-

1038 1414 1089 1548 lum,
1035 1580 1086 1697 quod
1043 1727 1086 1995 vocabulum
1027 2022 1082 2186 legitur
1027 2213 1080 2330 apud
1025 2358 1079 2595 Apuleium
1034 2628 1072 2670 et
1019 2703 1073 2959 significare

978 1411 1020 1589 videtur
960 1609 1014 1882 stultum.

897 1300 951 1381 ³W)
893 1415 948 1558 Vulgo
892 1588 949 1696 πρὶν
905 1726 950 1781 ἂν
890 1804 948 2026 ἐκφλῆναί
887 2054 927 2122 με.
897 2178 940 2350 Eadem
894 2375 938 2545 ratione
891 2574 935 2758 Schocll
890 2780 932 2833 Τ.
890 2854 931 2887 Ι.
876 2912 917 2956 p.

838 1410 880 1509 131.
837 1543 876 1626 hoc
819 1660 877 1961 fragmentum
816 1983 871 2309 interpretatur.

756 1271 811 1383 aff)
767 1412 810 1517 Attii
751 1545 808 1709 fragm.
763 1730 790 1771 n.
761 1794 804 1863 14.
745 1894 801 2061 Vulgo:
743 2090 797 2187 Ego
742 2213 798 2383 incipio.
738 2423 796 2542 Ergo
748 2563 795 2843 scribendum
748 2858 778 2954 esse

695 1406 739 1515 vidit
692 1556 737 1758 Bothius.

1629 3163 1813 3171 „-2—.----
