5010 3336
3930 2168 3985 2247 76

3784 1379 3846 1548 Ennii,
3782 1603 3829 1698 quo
3796 1743 3844 1794 in
3794 1840 3830 2030 summo
3792 2078 3842 2216 Pelio
3787 2252 3839 2545 constitutus
3782 2597 3836 2816 Phoenix
3762 2849 3820 3046 recepto

3718 1378 3749 1522 sensu
3716 1559 3765 1811 oculorum
3698 1844 3756 2047 repente
3713 2079 3760 2127 in
3709 2166 3760 2273 loca
3704 2307 3757 2700 circumiacentia
3684 2731 3745 3047 prospexisse

3636 1376 3680 1809 commemoratur:

3544 1501 3606 1636 „Ibi
3556 1683 3599 1812 tum
3537 1857 3604 2223 derepente
3551 2272 3582 2347 esc
3547 2396 3596 2533 alto
3546 2582 3592 2650 in
3539 2695 3591 2909 altum
3539 2944 3588 3043 de-

3455 2191 3516 2416 spexit
3465 2451 3515 2677 mare.''

3400 1371 3450 1524 Simul
3397 1571 3447 1797 Chironis
3394 1846 3443 2140 divinatione
3390 2183 3442 2438 Phoenicis
3386 2492 3433 2723 virtutem
3369 2772 3415 2801 a
3379 2844 3429 3044 crimine

3318 1369 3369 1621 liberatam
3318 1669 3349 1781 esse
3314 1826 3357 2201 consentaneum
3309 2250 3351 2337 est.
3305 2407 3357 2634 Clausula
3302 2684 3347 2846 autem
3298 2898 3349 3042 huius

3240 1367 3286 1653 narrationis
3238 1688 3286 1812 haec
3235 1847 3285 2000 fuisse
3233 2034 3283 2252 videtur:

3145 1494 3213 1740 μέγιστον
3143 1774 3214 1859 ἆρ’
3140 1894 3212 1961 ἦν
3138 1993 3205 2028 ἦ
3139 2063 3203 2244 φύσις·
3152 2281 3203 2338 τὸ
3136 2372 3202 2473 γὰρ
3145 2507 3197 2674 κακὸν

3069 1498 3131 1670 οὐδεὶς
3062 1701 3129 1912 τρέφων
3074 1946 3130 2002 εὖ
3058 2037 3123 2265 χρηστὸν
3071 2300 3123 2366 ἂν
3053 2399 3119 2518 θείη
3065 2553 3116 2694 ποτέ.

2984 1364 3050 1748 Relinquebatur
2979 1780 3041 2039 Amyntori
2991 2072 3038 2250 orbitas
2976 2285 3033 2429 atque
2973 2462 3033 2782 poenitentia:

2919 1493 2976 1534 ὦ
2898 1566 2964 1751 γῆρας,
2914 1787 2970 1904 οἷον
2902 1936 2959 2046 τοῖς
2896 2080 2964 2290 ἔχουσιν
2910 2325 2965 2375 εἷ
2906 2403 2957 2583 κακόν.

2741 1487 2808 1626 γυνή
2755 1660 2789 1713 τε
2753 1746 2805 1960 πάντων
2736 1994 2802 2321 ἀγριώτατον
2746 2354 2797 2535 κακόν.

2677 1487 2726 1709 Sumtum
2675 1746 2706 1773 a
2658 1807 2721 1984 pellice
2656 2019 2718 2314 supplicium
2669 2351 2700 2462 esse
2652 2507 2715 2651 plane
2666 2695 2714 2815 mihi
2664 2863 2697 3035 neces-

2597 1357 2645 1535 sarium
2596 1571 2628 1681 esse
2594 1727 2642 1936 videtur.
2579 2007 2641 2204 Neque,
2575 2252 2636 2364 quin
2575 2408 2637 2646 Amyntor
2587 2689 2630 2897 mortem
2585 2944 2633 3038 sibi

2507 1355 2565 1669 consciverit,
2503 1707 2564 1892 dubito,
2514 1928 2560 2020 nisi
2512 2055 2559 2185 sorte
2512 2221 2558 2302 dei
2510 2336 2558 2541 alicuius
2508 2568 2557 2842 interventu
2506 2871 2539 3034 serva-

2438 1352 2481 1430 tus
2426 1467 2479 1560 est,
2421 1598 2483 1678 qui
2420 1714 2482 1907 quidem
2434 1944 2480 2089 etiam
2432 2124 2479 2187 de
2431 2219 2479 2506 Alcimedae
2430 2542 2478 2641 vita
2413 2675 2474 2837 potuit
2426 2861 2473 3033 decer-

2357 1353 2389 1484 nere.
2357 1554 2405 1652 Sed
2356 1689 2403 1750 de
2355 1784 2403 1880 hoc
2337 1915 2394 2169 postremo
2351 2214 2399 2446 dramatis
2349 2481 2394 2594 actu
2349 2627 2397 2748 nihil
2331 2782 2394 3031 proditum

2278 1353 2321 1430 est
2275 1464 2322 1743 memoriae.
2250 2248 2271 2261 ⁸

2197 1481 2245 1687 Maximi
2193 1731 2241 1968 momenti
2191 2013 2233 2087 est
2191 2120 2238 2181 ad
2173 2216 2237 2582 perspiciendas
2186 2618 2237 2891 fabularum
2186 2925 2234 3029 Eu-

2100 1347 2165 1516 ripidis
2114 1554 2147 1750 caussas
2100 1785 2159 2015 narratio,
2095 2053 2141 2174 quae
2108 2211 2154 2273 de
2108 2309 2154 2545 daemone
2092 2573 2154 2871 Anagyrasio
2090 2899 2153 3029 apud

2036 1348 2085 1550 Suidam
2034 1599 2081 1717 etin
2032 1755 2079 1859 cod.
2030 1899 2080 2094 Coislin.
2013 2132 2060 2208 ap.
2027 2242 2076 2398 Gaiss.
2027 2435 2076 2579 Prov.
2011 2607 2057 2655 p.
2024 2693 2074 2804 123.
2026 2840 2073 3028 inveni-

1955 1346 1999 1442 tur.
1938 1513 2003 1767 Anagyrus
1937 1805 1984 1954 pagus
1950 1992 1990 2097 erat
1948 2132 1995 2288 tribus
1935 2323 1996 2661 Erechtheae,
1948 2707 1995 2756 in
1932 2793 1977 2887 quo
1945 2923 1988 3028 erat

1876 1344 1923 1483 lucus
1861 1520 1907 1699 araque
1872 1735 1922 1961 daemoni
1854 1996 1916 2295 Anagyrasio
1868 2329 1899 2482 sacer.
1868 2551 1915 2660 Hoc
1867 2682 1915 2848 sanum
1852 2877 1897 3027 quum

1795 1346 1827 1498 senex
1781 1534 1843 1730 quidam
1782 1766 1841 2011 violasset,
1790 2046 1838 2190 heros
1789 2229 1836 2329 sive
1788 2365 1836 2571 daemon
1775 2608 1834 2803 effecit,
1787 2838 1830 2892 ut
1770 2920 1832 3024 pel-

1716 1342 1764 1424 lex
1717 1459 1763 1590 senis
1715 1627 1763 1779 filium
1713 1818 1762 2038 eiusdem
1694 2074 1758 2338 impotenti
1708 2372 1740 2537 amore
1692 2573 1755 2837 deperiret.
1692 2888 1753 3026 Quae

1621 1342 1668 1490 quum
1635 1527 1684 1892 adolescentem
1634 1929 1681 1988 ad
1630 2024 1679 2320 voluntatem
1628 2357 1660 2494 suam
1626 2518 1659 2615 non
1612 2642 1674 2885 potuisset
1610 2911 1657 3023 per-

1546 1341 1604 1541 ducere,
1539 1578 1602 1734 stupri
1553 1781 1602 2004 intentati
1550 2048 1583 2159 eum
1548 2203 1596 2457 criminata
1547 2508 1589 2586 est
1532 2633 1594 2762 apud
1531 2811 1590 3019 patrem.

1476 1338 1524 1386 Is
1475 1423 1506 1533 eum
1460 1570 1522 1775 privavit
1473 1810 1520 1962 oculis
1453 2000 1512 2349 caecatumque
1467 2382 1514 2428 in
1468 2450 1514 2601 insula
1452 2628 1514 2855 exposuit
1450 2876 1498 3022 parva

1380 1338 1443 1610 sterilique.
1394 1695 1443 1884 Deinde
1377 1929 1441 2262 indignatione
1372 2310 1435 2618 popularium
1371 2663 1435 3021 ignominiaque

1315 1338 1358 1538 coactus
1306 1576 1347 1742 senex,
1314 1781 1361 1926 domo
1298 1963 1358 2175 incensa,
1310 2212 1341 2321 curn
1308 2358 1355 2580 omnibus
1308 2616 1355 2755 bonis
1307 2794 1338 2849 se
1305 2884 1337 3019 com-

1223 1336 1283 1522 bussit,
1220 1570 1282 1734 pellex
1235 1779 1281 1826 in
1218 1874 1275 2077 puteum
1230 2125 1262 2178 se
1212 2214 1276 2563 praecipitavit.
1228 2632 1276 2782 Addit
1225 2817 1275 3018 Suidas:

1142 1337 1206 1535 ἱστορεῖ
1155 1568 1206 1623 δὲ
1138 1648 1212 1959 Ἱερώνυμος
1152 1994 1205 2051 ἐν
1134 2086 1194 2157 τῷ
1135 2199 1200 2317 περὶ
1131 2362 1198 2799 τραγῳδοποιῶν,
1144 2844 1195 3016 ἄπει-

1062 1334 1125 1554 κοίζων
1063 1589 1124 1851 τούτοις
1070 1884 1122 2002 τὸν
1054 2036 1125 2427 Εὐριπίδου
1065 2468 1116 2774 Φοίνικα.
1063 2850 1114 3016 Verba

978 1335 1041 1624 Hieronymi
993 1658 1041 1781 haec
990 1815 1040 2014 fuerunt
973 2050 1039 2184 (vide
986 2228 1035 2439 eundem
986 2475 1016 2516 s.
984 2550 1018 2593 v.
969 2631 1037 2887 ἐναύειν);
983 2933 1036 3014 ἐν-

913 1334 959 1526 τεῦθεν
897 1574 967 1871 Εὐριπίδης
891 1917 962 2270 ἐναυσάμενος
906 2314 956 2407 τὸν
888 2456 955 2618 λόγον
903 2665 954 2870 ἅπαντα
902 2904 959 3015 εἶτα

816 1336 884 1562 (μέντοι)
817 1602 877 1672 τῷ
828 1711 881 1920 Φοίνικι
810 1965 875 2276 περιτίθησι.
825 2344 874 2502 Recte
809 2537 871 2651 quin
807 2680 871 3013 Hieronymus

741 1332 801 1639 iudicaverit,
748 1675 784 1771 non
748 1804 793 1881 est
741 1916 797 2251 dubitandum.
727 2319 794 2608 intelligitur
741 2639 786 2802 autem
742 2827 774 2887 ex
742 2917 789 3013 hoc
