5010 3336
3938 2093 3998 2217 508

3801 1314 3864 1475 erepti
3805 1511 3859 1651 sunt,
3808 1702 3861 1936 ultionem
3782 1983 3846 2335 persequitur,
3787 2388 3840 2629 latronum
3781 2687 3830 2854 alteris
3762 2902 3809 2991 pro

3720 1310 3783 1475 gladio
3722 1502 3777 1664 utem,
3719 1689 3765 1786 quo
3726 1813 3776 1993 alteros
3723 2022 3754 2081 ex
3718 2110 3767 2299 insidiis
3711 2325 3761 2494 adorta
3692 2514 3755 2716 iugulet.
3682 2786 3750 2990 Regem,

3655 1309 3703 1550 victorum
3639 1573 3701 1777 socium,
3633 1816 3692 2056 exquisito
3621 2094 3684 2338 supplicio
3617 2375 3679 2553 ai'ticit3
3621 2591 3670 2799 victores
3603 2837 3666 2991 ipsos,

3576 1307 3609 1417 cum
3559 1455 3621 1630 punire
3571 1664 3604 1758 non
3553 1794 3612 1975 possit,
3559 2014 3601 2148 certe
3558 2183 3604 2241 ad
3538 2279 3597 2587 prodendum
3540 2625 3589 2812 socium
3536 2848 3584 2989 adiu-

3479 1304 3543 1611 vandumque
3487 1662 3535 1916 consilinm
3481 1968 3515 2107 suum
3472 2156 3524 2368 adducit.
3468 2440 3516 2524 Sic
3462 2576 3495 2694 anus
3444 2732 3506 2986 destituta,

3402 1305 3463 1551 solitaria,
3410 1589 3460 1774 afflicta
3389 1809 3437 1977 regem
3397 2015 3445 2194 auxilio
3379 2231 3435 2683 potentissimorum
3377 2721 3427 2902 ducum
3375 2938 3417 2987 et

3320 1300 3381 1464 magni
3329 1498 3378 1745 exercitus
3322 1783 3376 1963 fretum
3304 2000 3364 2242 percellit.
3307 2315 3358 2500 Horret
3301 2536 3349 2725 animus
3296 2772 3343 2985 crudeli-

3241 1299 3298 1469 tatem,
3238 1507 3284 1600 qua
3249 1636 3296 1788 virum
3246 1828 3277 1854 a
3240 1894 3291 2087 seminis
3232 2117 3281 2333 mutilari
3211 2356 3275 2610 videmus3
3216 2647 3266 2983 abominamur

3159 1295 3223 1615 iracundiam,
3155 1653 3201 1777 quae
3163 1799 3197 1894 non
3147 1929 3207 2090 possit
3156 2116 3203 2211 nisi
3146 2248 3199 2511 ulciscendi
3140 2549 3187 2751 saevitia
3123 2787 3183 2981 satiari3

3094 1294 3141 1452 maius
3092 1489 3134 1538 et
3075 1573 3132 1858 generosius
3082 1913 3114 2025 esse
3073 2076 3127 2298 ducimus
3064 2348 3101 2571 caussam
3057 2616 3100 2835 nostram
3054 2886 3101 2980 deo

3010 1292 3063 1656 defendendam
2988 1693 3049 2066 commendare,
2984 2116 3029 2256 quam
2986 2307 3022 2478 manus
2981 2514 3028 2667 caede
2972 2703 3017 2978 cruentare.

2934 1291 2983 1391 Sed
2932 1430 2981 1607 Graeci
2926 1644 2972 1826 eversis
2922 1863 2955 1971 cum
2903 2010 2963 2167 patria
2897 2202 2962 2392 legibus
2903 2428 2951 2575 etiam
2898 2601 2948 2805 deorum

2878 2835 2925 2977 prae—

2854 1289 2900 1418 senti
2850 1453 2897 1637 auxilio
2847 1675 2879 1729 se
2843 1766 2876 1938 carere
2823 1962 2885 2225 putabant3
2817 2263 2870 2519 praeterea
2820 2555 2867 2701 etiam
2813 2739 2864 2976 ultionem

2758 1287 2823 1448 ipsam
2771 1497 2802 1522 a
2768 1559 2816 1654 diis
2764 1705 2811 1794 sibi
2743 1842 2806 2047 concedi
2734 2096 2798 2434 committique
2727 2482 2790 2727 sciebant3
2735 2779 2779 2881 tum
2732 2925 2780 2973 in

2692 1285 2740 1510 miserias
2685 1545 2737 1784 Hecubae
2682 1821 2729 1893 sic
2679 1930 2721 1979 et
2676 2015 2722 2157 amici
2672 2195 2713 2245 et
2666 2281 2716 2453 hostes
2644 2490 2711 2867 insultaverant,
2652 2921 2694 2973 ut

2595 1282 2645 1586 magnopere
2604 1623 2646 1759 esset
2583 1786 2649 2082 mirandum7
2594 2116 2641 2211 nisi
2591 2235 2638 2283 in
2585 2312 2634 2494 rabiem
2579 2520 2629 2721 efferata
2573 2751 2624 2972 dolorem

2528 1282 2580 1624 ulcisceretur.

2445 1413 2498 1691 Scitissime
2435 1728 2486 2031 consociavit
2418 2065 2473 2210 poeta
2428 2248 2470 2298 et
2427 2328 2473 2386 ad
2422 2413 2469 2554 unius
2415 2583 2466 2817 dramatis
2410 2844 2461 2968 fines

2356 1277 2417 1653 angustissimos
2358 1689 2406 1938 revocavit
2355 1973 2387 2053 res
2350 2086 2400 2208 locis
2325 2246 2389 2651 temporibusque
2319 2687 2374 2968 separatas:

2291 1275 2323 1387 nam
2273 1411 2337 1689 Polydorus
2283 1718 2329 1766 in
2274 1795 2326 2095 chersoneso
2253 2128 2319 2386 Thraciae,
2245 2424 2310 2671 Polyxena
2254 2700 2301 2748 in
2249 2770 2302 2967 Troade

2194 1274 2257 1595 interficitur3
2204 1632 2252 1716 ille
2186 1751 2247 1941 pridem
2191 1980 2239 2171 occisus
2176 2208 2227 2309 est,
2182 2348 2241 2472 haec
2172 2508 2220 2837 cummaxime
2170 2871 2217 2963 im—

2116 1271 2176 1512 molatur3
2125 1549 2173 1644 alia
2124 1678 2155 1705 a
2108 1742 2169 1967 Graecis,
2113 2005 2160 2097 alia
2111 2136 2140 2161 a
2104 2185 2157 2462 Thracibus
2084 2499 2139 2725 aguntur.
2080 2799 2138 2961 Quum

2048 1269 2090 1434 autem
2044 1469 2094 1763 vindicatam
2041 1802 2071 1862 ex
2022 1911 2076 2130 egestate
2013 2183 2069 2329 atque
2008 2373 2065 2608 angustiis
2000 2655 2058 2961 tragoediam

1969 1268 2012 1439 noster
1964 1472 2013 1717 actionum
1956 1753 2007 1991 varietate
1954 2028 1997 2078 et
1947 2113 1996 2298 maiore
1942 2324 1976 2484 rerum
1924 2522 1986 2852 implicatione
1930 2884 1977 2958 lo-

1872 1268 1935 1532 cupletarit
1865 1567 1932 1920 ingressusque
1875 1957 1921 2022 sit
1873 2052 1903 2158 eam
1854 2189 1915 2332 viam,
1849 2368 1895 2512 quam
1854 2550 1903 2810 tenendam
1850 2848 1883 2959 esse

1808 1266 1840 1437 omnes
1790 1473 1850 1789 postmodum
1794 1827 1844 2071 variarum
1775 2107 1834 2325 gentium
1765 2380 1826 2553 tragici
1759 2590 1824 2955 intellexerunt,

1727 1264 1761 1362 non
1712 1398 1773 1570 effugit
1707 1604 1767 2041 reprehensionem
1696 2070 1742 2258 eorum,
1691 2298 1751 2379 qui
1699 2404 1747 2531 male
1696 2570 1744 2679 fieri
1677 2718 1740 2955 quidquid

1647 1262 1695 1407 aliter
1631 1442 1693 1619 fieret„
1626 1658 1683 1807 atque
1618 1843 1683 2121 Aeschylus
1628 2157 1669 2239 aut
1608 2276 1673 2550 Sophocles
1598 2590 1665 2822 fecisset,
1610 2860 1656 2953 sibi

1550 1261 1606 1628 persuaserunt,
1547 1664 1593 1873 quorum
1550 1911 1586 2131 errorem
1546 2167 1579 2248 res
1529 2272 1591 2427 ipsae,
1519 2465 1586 2759 simulatque
1513 2794 1576 2951 expli-

1486 1258 1529 1397 catae
1474 1435 1526 1591 erunt,
1465 1628 1520 1849 arguent.

1404 1391 1451 1534 Actio
1398 1563 1450 1760 fabulae
1390 1788 1441 2102 constituitur
1389 2120 1437 2169 in
1382 2199 1435 2443 Thraciae
1363 2469 1427 2787 chersoneso,
1355 2823 1401 2948 quae

1326 1256 1376 1442 Troadi
1324 1479 1366 1554 est
1322 1589 1352 1648 ex
1314 1674 1365 1883 adverso
1297 1910 1357 2086 posita.
1308 2160 1354 2233 Ad
1303 2268 1351 2399 illam
1300 2438 1346 2563 enim
1293 2591 1342 2773 Graeci
1288 2798 1322 2946 naves

1231 1256 1294 1533 applicasse
1223 1568 1290 1850 finguntur,
1219 1900 1277 2030 quod
1227 2067 1275 2272 Achillis
1222 2313 1267 2482 umbra
1202 2520 1247 2669 super
1209 2704 1257 2942 tumulum

1151 1256 1199 1500 apparens
1161 1536 1206 1701 cursui
1154 1738 1188 1905 eorum
1148 1944 1197 2142 domum
1130 2194 1190 2608 proficiscentium
1133 2643 1165 2829 moram
1128 2866 1177 2940 in—

1086 1253 1135 1425 tulerit
1070 1445 1133 1516 *)‚
1082 1556 1114 1612 ac
1076 1637 1125 1833 tertium
1072 1858 1121 1954 iam
1069 1979 1117 2111 diem
1067 2148 1114 2215 ibi
1061 2246 1110 2473 desidere
1043 2509 1105 2574 (v.
1056 2600 1100 2679 33.
1034 2716 1096 2936 et133.).

898 1309 952 1359 ¹i)
898 1392 951 1550 Miror,
894 1584 944 1702 quod
900 1729 943 1843 haec
897 1875 935 1967 tam
881 1998 930 2151 aperte
887 2177 930 2403 declarata
873 2433 926 2530 (vv.
883 2555 925 2651 113.
867 2680 921 2801 114.)
864 2833 903 2934 per-

873 1311 875 1315 ’
828 1386 866 1543 peram
817 1573 878 1824 intelligere
822 1854 867 2114 Sommerus
807 2144 858 2309 potuit,
803 2352 856 2425 qui
810 2467 853 2742 morantibus
806 2773 847 2931 etiam-

767 1387 807 1480 tum
766 1509 809 1552 in
749 1583 793 1695 agro
754 1711 800 1907 Troiano
749 1922 796 2108 Achivis
746 2134 776 2288 manes
743 2302 786 2490 Achillis
727 2520 778 2780 apparuisse
734 2811 777 2929 dicit.
