5010 3336
3831 2127 3888 2249 284

3706 1362 3758 1589 Ceterum
3690 1635 3739 1841 puerum
3699 1887 3750 2021 initio
3695 2065 3744 2124 ad
3677 2176 3739 2398 corporis
3684 2432 3735 2559 vires
3673 2595 3728 2927 exercitandas
3669 2963 3704 3018 se

3630 1357 3673 1512 totum
3622 1548 3672 1810 contulisse
3603 1856 3667 2079 tradunt,
3599 2127 3646 2274 quum
3610 2311 3642 2369 ex
3604 2405 3652 2597 oraculo
3586 2634 3646 2840 quodam
3578 2876 3635 3016 pater

3536 1354 3591 1576 speraret
3535 1626 3594 1751 fore,
3540 1801 3583 1853 ut
3537 1898 3586 2081 athleta
3531 2115 3580 2328 victoriis
3510 2363 3577 2634 Olympicis
3506 2668 3567 2867 gloriam
3513 2902 3559 3014 adi—

3455 1348 3518 1639 pisceretur.
3450 1706 3512 1811 Qua
3460 1858 3509 1919 de
3458 1971 3489 2025 re
3455 2071 3503 2166 hoc
3449 2202 3493 2359 exstat
3445 2393 3494 2540 Gellii
3442 2575 3489 2675 sive
3418 2707 3489 3014 Theopompi

3385 1351 3437 1707 testimonium:
3371 1753 3430 1920 „Patri
3376 1954 3420 2113 autem
3358 2149 3421 2280 eius,
3368 2317 3410 2429 nato
3351 2464 3413 2573 illo,
3345 2610 3394 2897 responsum
3354 2934 3398 3012 est

3313 1347 3344 1377 a
3307 1411 3359 1668 Chaldaeis
3303 1717 3336 1827 eum
3283 1874 3332 2110 puerum7
3293 2161 3326 2268 cum
3269 2319 3336 2635 adolevisset,
3277 2678 3328 2913 victorem
3275 2962 3323 3010 in

3226 1348 3276 1694 certaminibus
3222 1729 3272 1864 fore:
3220 1913 3266 1962 id
3218 2012 3264 2056 ei
3200 2102 3246 2253 puero
3209 2288 3258 2440 fatum
3204 2482 3237 2605 esse.
3199 2674 3250 2819 Pater
3195 2852 3245 3006 inter—

3136 1344 3193 1564 pretatus
3144 1599 3194 1832 athletam
3137 1868 3189 2050 debere
3124 2086 3167 2213 esse,
3127 2250 3177 2477 roborato
3104 2512 3168 2874 exercitatoque
3116 2916 3164 3006 filii

3071 1344 3119 1420 sui
3053 1454 3102 1684 corpore,
3046 1737 3113 2009 Olympiam
3049 2060 3097 2355 certaturum
3046 2390 3096 2516 inter
3040 2550 3090 2760 athletas
3024 2797 3070 3001 puerum

2989 1341 3040 1561 deduxit.
2987 1627 3034 1699 Ac
2970 1732 3031 1888 primo
2967 1924 3026 2117 quidem
2973 2152 3021 2201 in
2967 2236 3012 2483 certamen
2949 2509 2996 2599 per
2945 2624 3008 2895 ambiguam
2955 2921 2988 3001 ae-

2912 1338 2956 1489 tatem
2892 1524 2950 1752 receptus
2903 1788 2936 1882 non
2898 1916 2943 2006 est.
2894 2076 2947 2195 Post
2887 2229 2940 2481 Eleusinio
2885 2516 2927 2565 et
2880 2598 2933 2793 Theseo
2876 2845 2920 3002 certa-

2832 1338 2880 1467 mine
2813 1511 2874 1744 pugnavit
2825 1789 2866 1839 et
2817 1884 2862 2145 coronatus
2814 2191 2859 2317 est.''
2806 2385 2855 2525 Adde
2802 2572 2850 2693 vitas
2801 2745 2832 2773 a
2797 2807 2850 2998 Thoma

2753 1335 2804 1409 M.
2752 1456 2794 1507 et
2751 1549 2798 1598 in
2748 1648 2795 1756 cod.
2738 1806 2794 2007 Mediol.
2736 2045 2785 2152 coll.
2730 2187 2781 2410 Ambros.
2710 2449 2773 2654 scriptas
2721 2692 2753 2802 cum
2717 2837 2766 2995 Euse-

2674 1335 2722 1416 bio
2673 1463 2721 1512 in
2652 1555 2703 1719 praep.
2647 1762 2714 1942 Evang.
2659 1992 2709 2050 V.
2656 2088 2687 2127 c.
2655 2164 2699 2239 12.
2650 2311 2700 2382 De
2646 2429 2692 2624 oraculo
2639 2677 2675 2910 verumne
2638 2936 2669 2994 an

2594 1332 2643 1501 fictum
2573 1537 2636 1771 tradatur,
2583 1807 2632 1911 aliis
2573 1948 2628 2309 diiudicandum
2553 2345 2617 2595 relinquo;
2562 2645 2605 2860 ceterum
2544 2913 2590 2994 pa-

2513 1331 2556 1457 trem
2494 1493 2560 1763 EuripidiS,
2489 1813 2535 1958 quum
2499 2011 2540 2062 et
2480 2096 2541 2270 opibus
2491 2307 2533 2354 et
2484 2387 2535 2642 nobilitate
2467 2676 2527 2869 generis
2479 2904 2527 2990 flo-

2432 1328 2474 1464 reret
2431 1497 2473 1547 et
2430 1582 2476 1642 de
2426 1678 2475 1779 filio
2408 1815 2470 2000 optime
2401 2046 2454 2295 speraret,
2410 2338 2457 2405 nil
2392 2452 2454 2707 omisisse,
2387 2755 2447 2883 quod
2399 2931 2447 2992 ad

2354 1326 2400 1473 animi
2331 1509 2394 1827 corporisque
2340 1862 2389 2001 dotes
2336 2030 2386 2175 huius
2328 2200 2378 2488 excolendas
2307 2512 2371 2854 augendasque
2304 2876 2350 2990 per-

2260 1324 2321 1521 tineret,
2268 1558 2316 1707 multa
2261 1743 2307 1997 testantur.
2255 2066 2303 2187 Nam
2252 2222 2299 2367 etiam
2231 2400 2295 2630 pingendi
2243 2657 2288 2747 arti
2239 2770 2281 2988 nostrum

2177 1325 2225 1524 operam
2187 1562 2237 1757 dedisse
2169 1793 2228 2005 tradunt,
2178 2044 2220 2092 et
2172 2124 2221 2335 tabulam
2156 2372 2213 2607 quandam
2164 2644 2209 2701 ab
2163 2726 2193 2785 eo
2146 2811 2208 2985 pictam

2096 1321 2162 1539 Megaris
2106 1588 2148 1823 servatam
2101 1874 2133 1984 esse
2087 2012 2150 2079 *).
2093 2161 2142 2299 Haec
2087 2352 2138 2600 doctrinae
2083 2647 2130 2854 varietas
2081 2905 2112 2984 re—

2018 1321 2080 1446 spici
2030 1481 2077 1671 videtur
2008 1706 2072 2066 epigrammate,
2002 2104 2061 2229 quod
2011 2266 2061 2426 fertur
2009 2459 2050 2540 aut
1990 2574 2057 2879 Thucydidis
2001 2904 2048 2981 hi-

1952 1321 1999 1484 storici
1950 1520 1993 1602 aut
1945 1636 1998 1882 Timothei
1939 1918 1987 2094 musici
1935 2129 1969 2272 esse:

1855 1446 1919 1653 Μνᾶμα
1854 1686 1919 1781 μὲν
1851 1807 1921 1986 Ἑλλὰς
1857 2020 1910 2176 ἄπασ’
1840 2212 1903 2538 Εὐριπίδου·
1845 2584 1898 2735 ὀστέα
1843 2769 1893 2818 δ’
1825 2852 1893 2980 ἴσχει

1771 1577 1833 1643 γῆ
1780 1680 1834 1977 Μακεδών·
1763 2011 1836 2045 ᾗ
1761 2078 1826 2178 γὰρ
1761 2216 1823 2395 δέξατο
1752 2430 1818 2592 τέρμα
1750 2627 1814 2781 βίου·

1693 1443 1760 1628 πατρὶς
1705 1678 1756 1724 δ’
1687 1766 1760 2012 Ἑλλάδος
1681 2048 1754 2246 Ἑλλάς,
1672 2286 1747 2532 Ἀθῆναι·
1680 2579 1729 2862 πλεῖστα
1679 2908 1730 2977 δὲ

1612 2135 1660 2241 Mo
1610 2256 1661 2332 ύσ
1597 2350 1639 2421 ας

1526 1570 1596 1849 τέρψεις,
1535 1906 1589 1976 ἐκ
1529 2026 1579 2293 πολλῶν
1525 2345 1576 2460 καὶ
1523 2519 1578 2631 τὸν
1518 2688 1573 2975 ἔπαινον

1434 2136 1502 2280 ἔχει.

1384 1305 1439 1662 Documentum
1377 1688 1427 1950 nobilitatis
1360 1969 1418 2158 generis
1368 2186 1415 2329 affert
1364 2347 1414 2626 Athenaeus
1362 2640 1411 2697 X.
1345 2721 1390 2767 p.
1358 2784 1405 2893 42⁴.
1356 2909 1406 2967 Ε.

1308 1304 1358 1489 haecce
1300 1545 1347 1815 narrando:
1285 1892 1343 2386 „I'ocillatores
1270 2459 1331 2610 apud
1266 2670 1325 2967 antiquos

1226 1302 1278 1564 fuerunt
1214 1627 1268 2035 nobilissimi
1193 2089 1259 2392 iuvenes,
1206 2440 1247 2493 ut
1204 2542 1252 2753 Menelai
1199 2803 1247 2964 filius:

1133 1301 1202 1517 ᾠνοχόει
1144 1552 1195 1599 δ’
1130 1644 1191 1761 υἱὸς
1132 1794 1186 2088 Μενελάου·
1112 2108 1178 2435 κυδαλίμοιο.
1109 2506 1172 2720 ltaque
1119 2769 1166 2964 etiam

1051 1299 1117 1657 Euripides
1044 1694 1098 1879 poeta
1051 1912 1101 2083 inter
1034 2118 1080 2356 pueros
1046 2392 1092 2603 vinum
1038 2640 1090 2962 ministra-

988 1298 1037 1403 vit.
985 1473 1034 1595 Nam
963 1632 1031 2004 Theophrastus
970 2039 1018 2085 in
953 2119 1016 2259 libro,
951 2296 997 2438 quem
966 2475 1012 2536 de
962 2559 1012 2799 ebrietate
960 2828 992 2960 com-

894 1296 956 1480 posuit,
887 1530 954 1799 Equidem,
877 1850 942 2033 inqnit,
887 2086 934 2227 audio
885 2262 933 2407 etiam
868 2443 933 2730 Euripidem
867 2766 923 2958 poetam

735 1365 789 1406 *)
745 1436 787 1544 vide
743 1575 785 1687 vitas
739 1717 767 1744 a
731 1774 778 1949 Tlioma
719 1978 772 2058 M.9
713 2090 769 2397 Moschopulo,
722 2428 766 2562 Suida
720 2593 759 2636 et
721 2664 763 2706 in
719 2738 761 2831 cod.
718 2858 761 2953 Me-

674 1433 718 1535 diol.
658 1568 713 1766 scriptas.
