<?xml version="1.0" encoding="UTF-8"?>
<!DOCTYPE html PUBLIC "-//W3C//DTD XHTML 1.0 Transitional//EN"
    "http://www.w3.org/TR/xhtml1/DTD/xhtml1-transitional.dtd">
<html xmlns="http://www.w3.org/1999/xhtml" xml:lang="en" lang="en">
 <head>
  <title>
</title>
<meta http-equiv="Content-Type" content="text/html;charset=utf-8" />
  <meta name='ocr-system' content='tesseract 3.04.00' />
  <meta name='ocr-capabilities' content='ocr_page ocr_carea ocr_par ocr_line ocrx_word'/>
</head>
<body>
  <div class='ocr_page' id='page_1' title='image "./euripidesrestitu00hartuoft_raw_0543.png"; bbox 0 0 5010 3336; ppageno 0'>
   <div class='ocr_carea' id='block_1_1' title="bbox 4 3336 3336 3336">
    <p class='ocr_par' dir='ltr' id='par_1_1' title="bbox 4 3336 3336 3336">
     <span class='ocr_line' id='line_1_1' title="bbox 4 3336 3336 3336; textangle 90"><span class='ocrx_word' id='word_1_1' title='bbox 4 3336 3336 3336; x_wconf 95' lang='lat' dir='ltr'>  </span> <span class='ocrx_word' id='word_1_2' title='bbox 4 3336 3336 3336; x_wconf 95' lang='lat' dir='ltr'>  </span> 
     </span>
    </p>
   </div>
   <div class='ocr_carea' id='block_1_2' title="bbox 1691 3252 1713 3322">
    <p class='ocr_par' dir='ltr' id='par_1_2' title="bbox 1691 3252 1713 3322">
     <span class='ocr_line' id='line_1_2' title="bbox 1691 3252 1713 3322; textangle 90"><span class='ocrx_word' id='word_1_3' title='bbox 1700 3315 1706 3322; x_wconf 87' lang='lat'>·</span> <span class='ocrx_word' id='word_1_4' title='bbox 1691 3252 1713 3297; x_wconf 59' lang='grc' dir='ltr'>ιιιιι</span> 
     </span>
    </p>
   </div>
   <div class='ocr_carea' id='block_1_3' title="bbox 1168 3332 4772 3336">
    <p class='ocr_par' dir='ltr' id='par_1_3' title="bbox 1168 3332 4772 3336">
     <span class='ocr_line' id='line_1_3' title="bbox 1168 3332 4772 3336; textangle 90"><span class='ocrx_word' id='word_1_5' title='bbox 1168 3332 4772 3336; x_wconf 95' lang='lat' dir='ltr'> </span> 
     </span>
    </p>
   </div>
   <div class='ocr_carea' id='block_1_4' title="bbox 663 1441 686 2284">
    <p class='ocr_par' dir='ltr' id='par_1_4' title="bbox 663 1441 686 2284">
     <span class='ocr_line' id='line_1_4' title="bbox 663 1441 686 2284; textangle 90"><span class='ocrx_word' id='word_1_6' title='bbox 673 2151 686 2284; x_wconf 44' lang='grc' dir='ltr'>η’,-</span> <span class='ocrx_word' id='word_1_7' title='bbox 674 2096 677 2106; x_wconf 52' lang='grc'>&lt;</span> <span class='ocrx_word' id='word_1_8' title='bbox 672 1983 684 2059; x_wconf 55' lang='lat'>‘-</span> <span class='ocrx_word' id='word_1_9' title='bbox 670 1945 674 1961; x_wconf 83' lang='lat'><em>-</em></span> <span class='ocrx_word' id='word_1_10' title='bbox 666 1692 681 1915; x_wconf 44' lang='lat' dir='ltr'>‚oy—wrae-a</span> <span class='ocrx_word' id='word_1_11' title='bbox 664 1600 677 1663; x_wconf 48' lang='lat'><strong>5⁹⁸·-</strong></span> <span class='ocrx_word' id='word_1_12' title='bbox 663 1559 675 1573; x_wconf 76' lang='grc'>’,</span> <span class='ocrx_word' id='word_1_13' title='bbox 668 1470 680 1504; x_wconf 35' lang='grc' dir='ltr'>,ἢ</span> <span class='ocrx_word' id='word_1_14' title='bbox 672 1441 674 1448; x_wconf 59' lang='grc'>,</span> 
     </span>
    </p>
   </div>
   <div class='ocr_carea' id='block_1_5' title="bbox 1035 2150 1095 2270">
    <p class='ocr_par' dir='ltr' id='par_1_5' title="bbox 1035 2150 1095 2270">
     <span class='ocr_line' id='line_1_5' title="bbox 1035 2150 1095 2270; textangle 90"><span class='ocrx_word' id='word_1_15' title='bbox 1035 2150 1095 2270; x_wconf 79' lang='lat'>525</span> 
     </span>
    </p>
   </div>
   <div class='ocr_carea' id='block_1_6' title="bbox 1170 1303 4274 3040">
    <p class='ocr_par' dir='ltr' id='par_1_6' title="bbox 1170 1345 2438 3040">
     <span class='ocr_line' id='line_1_6' title="bbox 1170 1376 1252 3040; textangle 90"><span class='ocrx_word' id='word_1_16' title='bbox 1204 2922 1252 3040; x_wconf 88' lang='lat' dir='ltr'>dum</span> <span class='ocrx_word' id='word_1_17' title='bbox 1203 2804 1249 2895; x_wconf 87' lang='lat' dir='ltr'>est.</span> <span class='ocrx_word' id='word_1_18' title='bbox 1194 2611 1245 2735; x_wconf 92' lang='lat' dir='ltr'>Nam</span> <span class='ocrx_word' id='word_1_19' title='bbox 1191 2426 1240 2586; x_wconf 77' lang='lat' dir='ltr'>scelus</span> <span class='ocrx_word' id='word_1_20' title='bbox 1188 2310 1235 2399; x_wconf 83' lang='lat' dir='ltr'>diis</span> <span class='ocrx_word' id='word_1_21' title='bbox 1190 2230 1234 2279; x_wconf 89' lang='lat' dir='ltr'>et</span> <span class='ocrx_word' id='word_1_22' title='bbox 1180 1986 1232 2203; x_wconf 83' lang='lat' dir='ltr'>institiae</span> <span class='ocrx_word' id='word_1_23' title='bbox 1175 1699 1225 1961; x_wconf 83' lang='lat' dir='ltr'>obnoxium</span> <span class='ocrx_word' id='word_1_24' title='bbox 1171 1590 1221 1673; x_wconf 91' lang='lat' dir='ltr'>ubi</span> <span class='ocrx_word' id='word_1_25' title='bbox 1170 1376 1218 1562; x_wconf 86' lang='lat' dir='ltr'>ruinam</span> 
     </span>
     <span class='ocr_line' id='line_1_7' title="bbox 1250 1373 1341 3038; textangle 90"><span class='ocrx_word' id='word_1_26' title='bbox 1282 2864 1341 3038; x_wconf 82' lang='lat' dir='ltr'>trahit,</span> <span class='ocrx_word' id='word_1_27' title='bbox 1273 2474 1325 2829; x_wconf 82' lang='lat' dir='ltr'>internecivum</span> <span class='ocrx_word' id='word_1_28' title='bbox 1267 2271 1316 2437; x_wconf 84' lang='lat' dir='ltr'>existit</span> <span class='ocrx_word' id='word_1_29' title='bbox 1263 2043 1311 2239; x_wconf 88' lang='lat' dir='ltr'>malum.</span> <span class='ocrx_word' id='word_1_30' title='bbox 1259 1803 1321 1973; x_wconf 88' lang='lat' dir='ltr'>ltaque</span> <span class='ocrx_word' id='word_1_31' title='bbox 1256 1687 1301 1770; x_wconf 92' lang='lat' dir='ltr'>ille</span> <span class='ocrx_word' id='word_1_32' title='bbox 1252 1592 1298 1653; x_wconf 87' lang='lat' dir='ltr'>ad</span> <span class='ocrx_word' id='word_1_33' title='bbox 1250 1373 1297 1556; x_wconf 88' lang='lat' dir='ltr'>Orcum</span> 
     </span>
     <span class='ocr_line' id='line_1_8' title="bbox 1334 1370 1419 3039; textangle 90"><span class='ocrx_word' id='word_1_34' title='bbox 1361 2857 1410 3039; x_wconf 85' lang='lat' dir='ltr'>inscius</span> <span class='ocrx_word' id='word_1_35' title='bbox 1354 2565 1419 2823; x_wconf 84' lang='lat' dir='ltr'>profectus</span> <span class='ocrx_word' id='word_1_36' title='bbox 1355 2410 1405 2514; x_wconf 79' lang='lat' dir='ltr'>est,</span> <span class='ocrx_word' id='word_1_37' title='bbox 1347 2264 1393 2361; x_wconf 90' lang='lat' dir='ltr'>huc</span> <span class='ocrx_word' id='word_1_38' title='bbox 1340 1849 1404 2217; x_wconf 80' lang='lat' dir='ltr'>proficiscens.⁷&#39;</span> <span class='ocrx_word' id='word_1_39' title='bbox 1334 1553 1382 1779; x_wconf 88' lang='lat' dir='ltr'>Clamore</span> <span class='ocrx_word' id='word_1_40' title='bbox 1344 1370 1376 1509; x_wconf 92' lang='lat' dir='ltr'>mon-</span> 
     </span>
     <span class='ocr_line' id='line_1_9' title="bbox 1410 1368 1498 3035; textangle 90"><span class='ocrx_word' id='word_1_41' title='bbox 1445 2881 1488 3035; x_wconf 84' lang='lat' dir='ltr'>strum</span> <span class='ocrx_word' id='word_1_42' title='bbox 1450 2720 1498 2845; x_wconf 88' lang='lat' dir='ltr'>quae</span> <span class='ocrx_word' id='word_1_43' title='bbox 1433 2501 1495 2686; x_wconf 86' lang='lat' dir='ltr'>patitur</span> <span class='ocrx_word' id='word_1_44' title='bbox 1425 2212 1491 2466; x_wconf 78' lang='lat' dir='ltr'>significat.</span> <span class='ocrx_word' id='word_1_45' title='bbox 1418 1925 1474 2143; x_wconf 86' lang='lat' dir='ltr'>Deinde,</span> <span class='ocrx_word' id='word_1_46' title='bbox 1416 1761 1462 1875; x_wconf 89' lang='lat' dir='ltr'>dum</span> <span class='ocrx_word' id='word_1_47' title='bbox 1410 1520 1459 1728; x_wconf 89' lang='lat' dir='ltr'>IIecuba</span> <span class='ocrx_word' id='word_1_48' title='bbox 1423 1368 1455 1478; x_wconf 91' lang='lat' dir='ltr'>cum</span> 
     </span>
     <span class='ocr_line' id='line_1_10' title="bbox 1486 1366 1574 3033; textangle 90"><span class='ocrx_word' id='word_1_49' title='bbox 1515 2715 1565 3033; x_wconf 83' lang='lat' dir='ltr'>adiutricibus</span> <span class='ocrx_word' id='word_1_50' title='bbox 1510 2378 1574 2679; x_wconf 75' lang='lat' dir='ltr'><strong>profugiunt,</strong></span> <span class='ocrx_word' id='word_1_51' title='bbox 1506 2211 1550 2342; x_wconf 80' lang='lat' dir='ltr'>tecta</span> <span class='ocrx_word' id='word_1_52' title='bbox 1498 2002 1546 2175; x_wconf 78' lang='lat' dir='ltr'>evertit</span> <span class='ocrx_word' id='word_1_53' title='bbox 1501 1916 1542 1967; x_wconf 88' lang='lat' dir='ltr'>et</span> <span class='ocrx_word' id='word_1_54' title='bbox 1493 1689 1555 1884; x_wconf 80' lang='lat' dir='ltr'><strong>stipites</strong></span> <span class='ocrx_word' id='word_1_55' title='bbox 1504 1572 1552 1661; x_wconf 84' lang='lat' dir='ltr'>pro</span> <span class='ocrx_word' id='word_1_56' title='bbox 1486 1366 1534 1537; x_wconf 81' lang='lat' dir='ltr'>iaculis</span> 
     </span>
     <span class='ocr_line' id='line_1_11' title="bbox 1571 1365 1652 3035; textangle 90"><span class='ocrx_word' id='word_1_57' title='bbox 1598 2872 1645 3035; x_wconf 79' lang='lat' dir='ltr'>vibrat</span> <span class='ocrx_word' id='word_1_58' title='bbox 1607 2689 1640 2837; x_wconf 90' lang='lat' dir='ltr'>coeco</span> <span class='ocrx_word' id='word_1_59' title='bbox 1590 2453 1652 2655; x_wconf 84' lang='lat' dir='ltr'>impetu.</span> <span class='ocrx_word' id='word_1_60' title='bbox 1583 2265 1631 2385; x_wconf 79' lang='lat' dir='ltr'>Mox</span> <span class='ocrx_word' id='word_1_61' title='bbox 1584 2179 1626 2229; x_wconf 91' lang='lat' dir='ltr'>et</span> <span class='ocrx_word' id='word_1_62' title='bbox 1578 1892 1624 2157; x_wconf 90' lang='lat' dir='ltr'>liberorum</span> <span class='ocrx_word' id='word_1_63' title='bbox 1571 1493 1619 1863; x_wconf 83' lang='lat' dir='ltr'>interfectorum</span> <span class='ocrx_word' id='word_1_64' title='bbox 1579 1365 1613 1473; x_wconf 81' lang='lat' dir='ltr'>cor—</span> 
     </span>
     <span class='ocr_line' id='line_1_12' title="bbox 1645 1364 1741 3034; textangle 90"><span class='ocrx_word' id='word_1_65' title='bbox 1691 2911 1741 3034; x_wconf 83' lang='lat' dir='ltr'>pora</span> <span class='ocrx_word' id='word_1_66' title='bbox 1676 2615 1735 2876; x_wconf 83' lang='lat' dir='ltr'>egeruntur</span> <span class='ocrx_word' id='word_1_67' title='bbox 1674 2531 1715 2579; x_wconf 91' lang='lat' dir='ltr'>et</span> <span class='ocrx_word' id='word_1_68' title='bbox 1668 2392 1728 2497; x_wconf 86' lang='lat' dir='ltr'>ipse</span> <span class='ocrx_word' id='word_1_69' title='bbox 1660 2048 1721 2358; x_wconf 79' lang='lat' dir='ltr'>Polymestor</span> <span class='ocrx_word' id='word_1_70' title='bbox 1652 1848 1717 2014; x_wconf 82' lang='lat' dir='ltr'><strong>prodit</strong></span> <span class='ocrx_word' id='word_1_71' title='bbox 1650 1503 1713 1813; x_wconf 79' lang='lat' dir='ltr'><strong>quadrupes,</strong></span> <span class='ocrx_word' id='word_1_72' title='bbox 1645 1364 1691 1467; x_wconf 90' lang='lat' dir='ltr'>eiu-</span> 
     </span>
     <span class='ocr_line' id='line_1_13' title="bbox 1727 1359 1817 3030; textangle 90"><span class='ocrx_word' id='word_1_73' title='bbox 1756 2924 1802 3030; x_wconf 77' lang='lat' dir='ltr'>lans</span> <span class='ocrx_word' id='word_1_74' title='bbox 1768 2768 1817 2887; x_wconf 85' lang='lat' dir='ltr'>prae</span> <span class='ocrx_word' id='word_1_75' title='bbox 1749 2562 1796 2731; x_wconf 89' lang='lat' dir='ltr'>dolore</span> <span class='ocrx_word' id='word_1_76' title='bbox 1751 2371 1805 2517; x_wconf 88' lang='lat' dir='ltr'>atque</span> <span class='ocrx_word' id='word_1_77' title='bbox 1736 2045 1792 2325; x_wconf 75' lang='lat' dir='ltr'>iracundia.²</span> <span class='ocrx_word' id='word_1_78' title='bbox 1730 1693 1780 1997; x_wconf 85' lang='lat' dir='ltr'>errabundus</span> <span class='ocrx_word' id='word_1_79' title='bbox 1727 1359 1785 1644; x_wconf 81' lang='lat' dir='ltr'>frustraque</span> 
     </span>
     <span class='ocr_line' id='line_1_14' title="bbox 1800 1357 1885 3029; textangle 90"><span class='ocrx_word' id='word_1_80' title='bbox 1834 2820 1881 3029; x_wconf 83' lang='lat' dir='ltr'>feminas</span> <span class='ocrx_word' id='word_1_81' title='bbox 1843 2582 1885 2784; x_wconf 65' lang='lat' dir='ltr'>venans,</span> <span class='ocrx_word' id='word_1_82' title='bbox 1824 2320 1871 2536; x_wconf 89' lang='lat' dir='ltr'>ferarum</span> <span class='ocrx_word' id='word_1_83' title='bbox 1818 2008 1865 2283; x_wconf 72' lang='lat' dir='ltr'>belluarum</span> <span class='ocrx_word' id='word_1_84' title='bbox 1812 1757 1859 1974; x_wconf 84' lang='lat' dir='ltr'>furorem</span> <span class='ocrx_word' id='word_1_85' title='bbox 1805 1478 1869 1723; x_wconf 79' lang='lat' dir='ltr'>sanguinis</span> <span class='ocrx_word' id='word_1_86' title='bbox 1800 1357 1848 1441; x_wconf 82' lang='lat' dir='ltr'>siti</span> 
     </span>
     <span class='ocr_line' id='line_1_15' title="bbox 1884 1358 1973 3027; textangle 90"><span class='ocrx_word' id='word_1_87' title='bbox 1912 2768 1973 3027; x_wconf 78' lang='lat' dir='ltr'>carnisque</span> <span class='ocrx_word' id='word_1_88' title='bbox 1903 2481 1954 2730; x_wconf 80' lang='lat' dir='ltr'>laniandae</span> <span class='ocrx_word' id='word_1_89' title='bbox 1900 2214 1948 2443; x_wconf 88' lang='lat' dir='ltr'>aviditate</span> <span class='ocrx_word' id='word_1_90' title='bbox 1908 1919 1957 2171; x_wconf 73' lang='lat' dir='ltr'>superans.</span> <span class='ocrx_word' id='word_1_91' title='bbox 1887 1661 1936 1849; x_wconf 88' lang='lat' dir='ltr'>Deinde</span> <span class='ocrx_word' id='word_1_92' title='bbox 1884 1358 1930 1627; x_wconf 87' lang='lat' dir='ltr'>liberorum</span> 
     </span>
     <span class='ocr_line' id='line_1_16' title="bbox 1958 1353 2054 3024; textangle 90"><span class='ocrx_word' id='word_1_93' title='bbox 2006 2818 2054 3024; x_wconf 86' lang='lat' dir='ltr'>corpora</span> <span class='ocrx_word' id='word_1_94' title='bbox 1986 2512 2042 2784; x_wconf 62' lang='lat' dir='ltr'>offendens„</span> <span class='ocrx_word' id='word_1_95' title='bbox 1982 2282 2037 2479; x_wconf 79' lang='lat' dir='ltr'>timens,</span> <span class='ocrx_word' id='word_1_96' title='bbox 1992 2184 2023 2245; x_wconf 91' lang='lat' dir='ltr'>ne</span> <span class='ocrx_word' id='word_1_97' title='bbox 1991 2123 2021 2149; x_wconf 89' lang='lat' dir='ltr'>a</span> <span class='ocrx_word' id='word_1_98' title='bbox 1970 1893 2020 2088; x_wconf 83' lang='lat' dir='ltr'>seminis</span> <span class='ocrx_word' id='word_1_99' title='bbox 1966 1520 2018 1866; x_wconf 73' lang='lat' dir='ltr'><strong>distrahantur,</strong></span> <span class='ocrx_word' id='word_1_100' title='bbox 1958 1353 2023 1483; x_wconf 85' lang='lat' dir='ltr'>apud</span> 
     </span>
     <span class='ocr_line' id='line_1_17' title="bbox 2046 1350 2124 3022; textangle 90"><span class='ocrx_word' id='word_1_101' title='bbox 2087 2937 2119 3022; x_wconf 87' lang='lat' dir='ltr'>eos</span> <span class='ocrx_word' id='word_1_102' title='bbox 2066 2636 2124 2903; x_wconf 71' lang='lat' dir='ltr'>recumbit,</span> <span class='ocrx_word' id='word_1_103' title='bbox 2060 2406 2124 2593; x_wconf 78' lang='lat' dir='ltr'>ingenti</span> <span class='ocrx_word' id='word_1_104' title='bbox 2059 2146 2105 2357; x_wconf 88' lang='lat' dir='ltr'>clamore</span> <span class='ocrx_word' id='word_1_105' title='bbox 2052 1861 2099 2112; x_wconf 90' lang='lat' dir='ltr'>Thracum</span> <span class='ocrx_word' id='word_1_106' title='bbox 2051 1621 2109 1818; x_wconf 80' lang='lat' dir='ltr'><strong>gentem</strong></span> <span class='ocrx_word' id='word_1_107' title='bbox 2046 1350 2090 1585; x_wconf 83' lang='lat' dir='ltr'>armatam</span> 
     </span>
     <span class='ocr_line' id='line_1_18' title="bbox 2120 1349 2197 3023; textangle 90"><span class='ocrx_word' id='word_1_108' title='bbox 2155 2971 2197 3023; x_wconf 84' lang='lat' dir='ltr'>et</span> <span class='ocrx_word' id='word_1_109' title='bbox 2148 2624 2195 2927; x_wconf 87' lang='lat' dir='ltr'>Graecorum</span> <span class='ocrx_word' id='word_1_110' title='bbox 2140 2295 2188 2565; x_wconf 83' lang='lat' dir='ltr'>exercitum</span> <span class='ocrx_word' id='word_1_111' title='bbox 2141 2200 2183 2247; x_wconf 91' lang='lat' dir='ltr'>et</span> <span class='ocrx_word' id='word_1_112' title='bbox 2132 1961 2181 2153; x_wconf 77' lang='lat' dir='ltr'>Atridas</span> <span class='ocrx_word' id='word_1_113' title='bbox 2129 1854 2175 1916; x_wconf 89' lang='lat' dir='ltr'>ad</span> <span class='ocrx_word' id='word_1_114' title='bbox 2141 1652 2187 1797; x_wconf 87' lang='lat' dir='ltr'>opem</span> <span class='ocrx_word' id='word_1_115' title='bbox 2120 1349 2169 1606; x_wconf 84' lang='lat' dir='ltr'>ferendam</span> 
     </span>
     <span class='ocr_line' id='line_1_19' title="bbox 2204 1346 2277 3021; textangle 90"><span class='ocrx_word' id='word_1_116' title='bbox 2230 2761 2276 3021; x_wconf 79' lang='lat' dir='ltr'>advocans,</span> <span class='ocrx_word' id='word_1_117' title='bbox 2220 2481 2270 2691; x_wconf 86' lang='lat' dir='ltr'>Nemine</span> <span class='ocrx_word' id='word_1_118' title='bbox 2218 2222 2265 2447; x_wconf 70' lang='lat' dir='ltr'>veniente</span> <span class='ocrx_word' id='word_1_119' title='bbox 2210 1983 2277 2185; x_wconf 87' lang='lat' dir='ltr'>(Graeci</span> <span class='ocrx_word' id='word_1_120' title='bbox 2208 1826 2256 1955; x_wconf 90' lang='lat' dir='ltr'>enim</span> <span class='ocrx_word' id='word_1_121' title='bbox 2206 1740 2252 1798; x_wconf 90' lang='lat' dir='ltr'>ab</span> <span class='ocrx_word' id='word_1_122' title='bbox 2204 1346 2267 1713; x_wconf 81' lang='lat' dir='ltr'>Agamemnone</span> 
     </span>
     <span class='ocr_line' id='line_1_20' title="bbox 2280 1345 2364 3018; textangle 90"><span class='ocrx_word' id='word_1_123' title='bbox 2301 2671 2362 3018; x_wconf 73' lang='lat' dir='ltr'>cohibentur),</span> <span class='ocrx_word' id='word_1_124' title='bbox 2305 2459 2364 2620; x_wconf 70' lang='lat' dir='ltr'>optat,</span> <span class='ocrx_word' id='word_1_125' title='bbox 2304 2359 2345 2411; x_wconf 86' lang='lat' dir='ltr'>ut</span> <span class='ocrx_word' id='word_1_126' title='bbox 2303 2234 2343 2317; x_wconf 86' lang='lat' dir='ltr'>aut</span> <span class='ocrx_word' id='word_1_127' title='bbox 2295 2149 2341 2198; x_wconf 93' lang='lat' dir='ltr'>in</span> <span class='ocrx_word' id='word_1_128' title='bbox 2306 1951 2339 2115; x_wconf 86' lang='lat' dir='ltr'>aerem</span> <span class='ocrx_word' id='word_1_129' title='bbox 2287 1855 2335 1916; x_wconf 89' lang='lat' dir='ltr'>ad</span> <span class='ocrx_word' id='word_1_130' title='bbox 2290 1688 2333 1821; x_wconf 83' lang='lat' dir='ltr'>astra</span> <span class='ocrx_word' id='word_1_131' title='bbox 2281 1462 2329 1654; x_wconf 80' lang='lat' dir='ltr'>evolare</span> <span class='ocrx_word' id='word_1_132' title='bbox 2280 1345 2325 1428; x_wconf 81' lang='lat' dir='ltr'>aut</span> 
     </span>
     <span class='ocr_line' id='line_1_21' title="bbox 2375 2072 2438 3016; textangle 90"><span class='ocrx_word' id='word_1_133' title='bbox 2388 2952 2435 3016; x_wconf 88' lang='lat' dir='ltr'>ad</span> <span class='ocrx_word' id='word_1_134' title='bbox 2385 2734 2438 2917; x_wconf 85' lang='lat' dir='ltr'>Orcum</span> <span class='ocrx_word' id='word_1_135' title='bbox 2381 2605 2429 2698; x_wconf 85' lang='lat' dir='ltr'>sibi</span> <span class='ocrx_word' id='word_1_136' title='bbox 2378 2267 2426 2569; x_wconf 77' lang='lat' dir='ltr'>descendere</span> <span class='ocrx_word' id='word_1_137' title='bbox 2375 2072 2421 2231; x_wconf 89' lang='lat' dir='ltr'>liceat.</span> 
     </span>
    </p>

    <p class='ocr_par' dir='ltr' id='par_1_7' title="bbox 2439 1322 3480 3015">
     <span class='ocr_line' id='line_1_22' title="bbox 2439 1345 2522 2887; textangle 90"><span class='ocrx_word' id='word_1_138' title='bbox 2462 2665 2512 2887; x_wconf 88' lang='lat' dir='ltr'>Foedum</span> <span class='ocrx_word' id='word_1_139' title='bbox 2458 2284 2522 2618; x_wconf 74' lang='lat' dir='ltr'>spectaculum</span> <span class='ocrx_word' id='word_1_140' title='bbox 2459 2162 2501 2237; x_wconf 81' lang='lat' dir='ltr'>est</span> <span class='ocrx_word' id='word_1_141' title='bbox 2453 1967 2499 2114; x_wconf 90' lang='lat' dir='ltr'>homo</span> <span class='ocrx_word' id='word_1_142' title='bbox 2446 1766 2494 1917; x_wconf 82' lang='lat' dir='ltr'>erutis</span> <span class='ocrx_word' id='word_1_143' title='bbox 2441 1574 2490 1729; x_wconf 81' lang='lat' dir='ltr'>oculis</span> <span class='ocrx_word' id='word_1_144' title='bbox 2439 1490 2486 1539; x_wconf 89' lang='lat' dir='ltr'>in</span> <span class='ocrx_word' id='word_1_145' title='bbox 2451 1345 2484 1454; x_wconf 85' lang='lat' dir='ltr'>Sce-</span> 
     </span>
     <span class='ocr_line' id='line_1_23' title="bbox 2516 1342 2604 3015; textangle 90"><span class='ocrx_word' id='word_1_146' title='bbox 2560 2903 2594 3015; x_wconf 89' lang='lat' dir='ltr'>nam</span> <span class='ocrx_word' id='word_1_147' title='bbox 2541 2606 2604 2869; x_wconf 66' lang='lat' dir='ltr'>prodiens,</span> <span class='ocrx_word' id='word_1_148' title='bbox 2539 2480 2585 2569; x_wconf 81' lang='lat' dir='ltr'>sed</span> <span class='ocrx_word' id='word_1_149' title='bbox 2536 2255 2583 2446; x_wconf 81' lang='lat' dir='ltr'>foedius</span> <span class='ocrx_word' id='word_1_150' title='bbox 2539 2142 2580 2217; x_wconf 85' lang='lat' dir='ltr'>est</span> <span class='ocrx_word' id='word_1_151' title='bbox 2532 2060 2577 2110; x_wconf 90' lang='lat' dir='ltr'>in</span> <span class='ocrx_word' id='word_1_152' title='bbox 2530 1753 2589 2021; x_wconf 78' lang='lat' dir='ltr'>conspectu</span> <span class='ocrx_word' id='word_1_153' title='bbox 2519 1544 2571 1729; x_wconf 81' lang='lat' dir='ltr'>theatri</span> <span class='ocrx_word' id='word_1_154' title='bbox 2516 1342 2564 1511; x_wconf 79' lang='lat' dir='ltr'>oculos</span> 
     </span>
     <span class='ocr_line' id='line_1_24' title="bbox 2597 1340 2677 3013; textangle 90"><span class='ocrx_word' id='word_1_155' title='bbox 2622 2764 2672 3013; x_wconf 87' lang='lat' dir='ltr'>innocenti</span> <span class='ocrx_word' id='word_1_156' title='bbox 2620 2552 2677 2730; x_wconf 84' lang='lat' dir='ltr'>effodi,</span> <span class='ocrx_word' id='word_1_157' title='bbox 2616 2467 2664 2514; x_wconf 89' lang='lat' dir='ltr'>id</span> <span class='ocrx_word' id='word_1_158' title='bbox 2616 2303 2677 2430; x_wconf 87' lang='lat' dir='ltr'>quod</span> <span class='ocrx_word' id='word_1_159' title='bbox 2614 2212 2661 2269; x_wconf 87' lang='lat' dir='ltr'>fit</span> <span class='ocrx_word' id='word_1_160' title='bbox 2611 2048 2675 2178; x_wconf 86' lang='lat' dir='ltr'>apud</span> <span class='ocrx_word' id='word_1_161' title='bbox 2604 1588 2668 2011; x_wconf 81' lang='lat' dir='ltr'>Schacisperium‚</span> <span class='ocrx_word' id='word_1_162' title='bbox 2597 1340 2659 1550; x_wconf 81' lang='lat' dir='ltr'>Anglum</span> 
     </span>
     <span class='ocr_line' id='line_1_25' title="bbox 2675 1337 2767 3010; textangle 90"><span class='ocrx_word' id='word_1_163' title='bbox 2707 2796 2767 3010; x_wconf 86' lang='lat' dir='ltr'>poetam.</span> <span class='ocrx_word' id='word_1_164' title='bbox 2700 2586 2747 2728; x_wconf 91' lang='lat' dir='ltr'>Talia</span> <span class='ocrx_word' id='word_1_165' title='bbox 2713 2456 2745 2552; x_wconf 93' lang='lat' dir='ltr'>non</span> <span class='ocrx_word' id='word_1_166' title='bbox 2713 2395 2743 2421; x_wconf 91' lang='lat' dir='ltr'>e</span> <span class='ocrx_word' id='word_1_167' title='bbox 2701 2195 2742 2361; x_wconf 78' lang='lat' dir='ltr'>nostro</span> <span class='ocrx_word' id='word_1_168' title='bbox 2705 2002 2739 2146; x_wconf 80' lang='lat' dir='ltr'>sensu</span> <span class='ocrx_word' id='word_1_169' title='bbox 2684 1693 2733 1951; x_wconf 85' lang='lat' dir='ltr'>iudicanda</span> <span class='ocrx_word' id='word_1_170' title='bbox 2695 1530 2728 1642; x_wconf 78' lang='lat' dir='ltr'>esse</span> <span class='ocrx_word' id='word_1_171' title='bbox 2675 1337 2738 1481; x_wconf 91' lang='lat' dir='ltr'>quili—</span> 
     </span>
     <span class='ocr_line' id='line_1_26' title="bbox 2755 1337 2842 3010; textangle 90"><span class='ocrx_word' id='word_1_172' title='bbox 2786 2922 2833 3010; x_wconf 85' lang='lat' dir='ltr'>bet</span> <span class='ocrx_word' id='word_1_173' title='bbox 2778 2650 2842 2888; x_wconf 80' lang='lat' dir='ltr'>intelligit.</span> <span class='ocrx_word' id='word_1_174' title='bbox 2777 2446 2824 2580; x_wconf 88' lang='lat' dir='ltr'>Nulli</span> <span class='ocrx_word' id='word_1_175' title='bbox 2776 2282 2838 2411; x_wconf 84' lang='lat' dir='ltr'>apud</span> <span class='ocrx_word' id='word_1_176' title='bbox 2788 2159 2819 2246; x_wconf 81' lang='lat' dir='ltr'>nos</span> <span class='ocrx_word' id='word_1_177' title='bbox 2769 1858 2821 2126; x_wconf 75' lang='lat' dir='ltr'>eiulantes,</span> <span class='ocrx_word' id='word_1_178' title='bbox 2763 1702 2811 1820; x_wconf 89' lang='lat' dir='ltr'>nulli</span> <span class='ocrx_word' id='word_1_179' title='bbox 2765 1474 2807 1665; x_wconf 90' lang='lat' dir='ltr'>torvum</span> <span class='ocrx_word' id='word_1_180' title='bbox 2755 1337 2801 1437; x_wconf 89' lang='lat' dir='ltr'>cla-</span> 
     </span>
     <span class='ocr_line' id='line_1_27' title="bbox 2834 1332 2917 3007; textangle 90"><span class='ocrx_word' id='word_1_181' title='bbox 2866 2800 2917 3007; x_wconf 77' lang='lat' dir='ltr'>manteS,</span> <span class='ocrx_word' id='word_1_182' title='bbox 2857 2632 2905 2763; x_wconf 90' lang='lat' dir='ltr'>nulla</span> <span class='ocrx_word' id='word_1_183' title='bbox 2855 2347 2903 2599; x_wconf 79' lang='lat' dir='ltr'>vulnerum</span> <span class='ocrx_word' id='word_1_184' title='bbox 2853 1930 2910 2311; x_wconf 89' lang='lat' dir='ltr'>morborumque</span> <span class='ocrx_word' id='word_1_185' title='bbox 2844 1654 2899 1895; x_wconf 69' lang='lat' dir='ltr'>foeditas,</span> <span class='ocrx_word' id='word_1_186' title='bbox 2838 1489 2885 1620; x_wconf 88' lang='lat' dir='ltr'>nulla</span> <span class='ocrx_word' id='word_1_187' title='bbox 2834 1332 2881 1456; x_wconf 87' lang='lat' dir='ltr'>faci-</span> 
     </span>
     <span class='ocr_line' id='line_1_28' title="bbox 2914 1330 2990 3006; textangle 90"><span class='ocrx_word' id='word_1_188' title='bbox 2955 2834 2990 3006; x_wconf 87' lang='lat' dir='ltr'>norum</span> <span class='ocrx_word' id='word_1_189' title='bbox 2936 2551 2984 2785; x_wconf 81' lang='lat' dir='ltr'>atrocitas</span> <span class='ocrx_word' id='word_1_190' title='bbox 2934 2210 2990 2502; x_wconf 80' lang='lat' dir='ltr'>exhibetur3</span> <span class='ocrx_word' id='word_1_191' title='bbox 2933 1991 2977 2159; x_wconf 90' lang='lat' dir='ltr'>contra</span> <span class='ocrx_word' id='word_1_192' title='bbox 2923 1813 2986 1943; x_wconf 87' lang='lat' dir='ltr'>apud</span> <span class='ocrx_word' id='word_1_193' title='bbox 2921 1559 2968 1776; x_wconf 83' lang='lat' dir='ltr'>Graecos</span> <span class='ocrx_word' id='word_1_194' title='bbox 2916 1442 2963 1511; x_wconf 91' lang='lat' dir='ltr'>nil</span> <span class='ocrx_word' id='word_1_195' title='bbox 2914 1330 2961 1407; x_wconf 84' lang='lat' dir='ltr'>his</span> 
     </span>
     <span class='ocr_line' id='line_1_29' title="bbox 2996 1329 3076 3005; textangle 90"><span class='ocrx_word' id='word_1_196' title='bbox 3020 2855 3068 3005; x_wconf 86' lang='lat' dir='ltr'>rebus</span> <span class='ocrx_word' id='word_1_197' title='bbox 3016 2514 3076 2820; x_wconf 82' lang='lat' dir='ltr'>frequentius</span> <span class='ocrx_word' id='word_1_198' title='bbox 3014 2377 3059 2488; x_wconf 83' lang='lat' dir='ltr'>fuit.</span> <span class='ocrx_word' id='word_1_199' title='bbox 3010 2080 3058 2311; x_wconf 85' lang='lat' dir='ltr'>Feminas</span> <span class='ocrx_word' id='word_1_200' title='bbox 3020 1924 3063 2056; x_wconf 69' lang='lat' dir='ltr'>vero7</span> <span class='ocrx_word' id='word_1_201' title='bbox 3007 1835 3048 1886; x_wconf 87' lang='lat' dir='ltr'>et</span> <span class='ocrx_word' id='word_1_202' title='bbox 3002 1579 3047 1813; x_wconf 81' lang='lat' dir='ltr'>honestas</span> <span class='ocrx_word' id='word_1_203' title='bbox 2996 1329 3058 1545; x_wconf 78' lang='lat' dir='ltr'>quidem,</span> 
     </span>
     <span class='ocr_line' id='line_1_30' title="bbox 3074 1327 3157 3000; textangle 90"><span class='ocrx_word' id='word_1_204' title='bbox 3096 2817 3145 3000; x_wconf 89' lang='lat' dir='ltr'>atrocia</span> <span class='ocrx_word' id='word_1_205' title='bbox 3099 2534 3157 2784; x_wconf 85' lang='lat' dir='ltr'>patrantes</span> <span class='ocrx_word' id='word_1_206' title='bbox 3092 2235 3137 2497; x_wconf 74' lang='lat' dir='ltr'>ostendere</span> <span class='ocrx_word' id='word_1_207' title='bbox 3092 2019 3133 2186; x_wconf 87' lang='lat' dir='ltr'>contra</span> <span class='ocrx_word' id='word_1_208' title='bbox 3081 1643 3129 1969; x_wconf 87' lang='lat' dir='ltr'>urbanitatem</span> <span class='ocrx_word' id='word_1_209' title='bbox 3092 1496 3124 1608; x_wconf 81' lang='lat' dir='ltr'>esse</span> <span class='ocrx_word' id='word_1_210' title='bbox 3074 1327 3121 1463; x_wconf 91' lang='lat' dir='ltr'>iudi—</span> 
     </span>
     <span class='ocr_line' id='line_1_31' title="bbox 3152 1326 3234 2997; textangle 90"><span class='ocrx_word' id='word_1_211' title='bbox 3190 2815 3225 2997; x_wconf 87' lang='lat' dir='ltr'>camuS.</span> <span class='ocrx_word' id='word_1_212' title='bbox 3173 2600 3234 2747; x_wconf 77' lang='lat' dir='ltr'>Quod</span> <span class='ocrx_word' id='word_1_213' title='bbox 3172 2522 3218 2564; x_wconf 83' lang='lat' dir='ltr'>si</span> <span class='ocrx_word' id='word_1_214' title='bbox 3170 2380 3231 2486; x_wconf 75' lang='lat' dir='ltr'>quis</span> <span class='ocrx_word' id='word_1_215' title='bbox 3167 2034 3229 2343; x_wconf 83' lang='lat' dir='ltr'>Euripidem,</span> <span class='ocrx_word' id='word_1_216' title='bbox 3160 1866 3223 1998; x_wconf 90' lang='lat' dir='ltr'>quod</span> <span class='ocrx_word' id='word_1_217' title='bbox 3158 1681 3205 1831; x_wconf 86' lang='lat' dir='ltr'>fuerit</span> <span class='ocrx_word' id='word_1_218' title='bbox 3154 1452 3202 1648; x_wconf 86' lang='lat' dir='ltr'>seminis</span> <span class='ocrx_word' id='word_1_219' title='bbox 3152 1326 3197 1417; x_wconf 90' lang='lat' dir='ltr'>ini-</span> 
     </span>
     <span class='ocr_line' id='line_1_32' title="bbox 3234 1324 3321 2996; textangle 90"><span class='ocrx_word' id='word_1_220' title='bbox 3258 2828 3321 2996; x_wconf 71' lang='lat' dir='ltr'>quior,</span> <span class='ocrx_word' id='word_1_221' title='bbox 3254 2701 3301 2779; x_wconf 86' lang='lat' dir='ltr'>vel</span> <span class='ocrx_word' id='word_1_222' title='bbox 3252 2500 3299 2657; x_wconf 87' lang='lat' dir='ltr'>solum</span> <span class='ocrx_word' id='word_1_223' title='bbox 3249 2375 3296 2453; x_wconf 72' lang='lat' dir='ltr'>vel</span> <span class='ocrx_word' id='word_1_224' title='bbox 3248 2116 3310 2328; x_wconf 87' lang='lat' dir='ltr'>primum</span> <span class='ocrx_word' id='word_1_225' title='bbox 3243 1960 3290 2072; x_wconf 89' lang='lat' dir='ltr'>talia</span> <span class='ocrx_word' id='word_1_226' title='bbox 3238 1643 3286 1923; x_wconf 83' lang='lat' dir='ltr'>exhibuisse</span> <span class='ocrx_word' id='word_1_227' title='bbox 3234 1324 3289 1607; x_wconf 69' lang='lat' dir='ltr'>arbitretur,</span> 
     </span>
     <span class='ocr_line' id='line_1_33' title="bbox 3313 1322 3401 2997; textangle 90"><span class='ocrx_word' id='word_1_228' title='bbox 3339 2796 3401 2997; x_wconf 86' lang='lat' dir='ltr'>reputet</span> <span class='ocrx_word' id='word_1_229' title='bbox 3349 2636 3396 2761; x_wconf 89' lang='lat' dir='ltr'>quae</span> <span class='ocrx_word' id='word_1_230' title='bbox 3333 2467 3394 2602; x_wconf 76' lang='lat' dir='ltr'>ipse,</span> <span class='ocrx_word' id='word_1_231' title='bbox 3329 2354 3375 2413; x_wconf 91' lang='lat' dir='ltr'>ad</span> <span class='ocrx_word' id='word_1_232' title='bbox 3328 2126 3390 2317; x_wconf 82' lang='lat' dir='ltr'>priores</span> <span class='ocrx_word' id='word_1_233' title='bbox 3323 1868 3369 2077; x_wconf 89' lang='lat' dir='ltr'>aliorum</span> <span class='ocrx_word' id='word_1_234' title='bbox 3322 1579 3382 1835; x_wconf 82' lang='lat' dir='ltr'>poetarum</span> <span class='ocrx_word' id='word_1_235' title='bbox 3313 1322 3361 1543; x_wconf 87' lang='lat' dir='ltr'>dramata</span> 
     </span>
     <span class='ocr_line' id='line_1_34' title="bbox 3405 1942 3480 2995; textangle 90"><span class='ocrx_word' id='word_1_236' title='bbox 3414 2704 3480 2995; x_wconf 69' lang='lat' dir='ltr'>respiciens,</span> <span class='ocrx_word' id='word_1_237' title='bbox 3410 2414 3459 2668; x_wconf 87' lang='lat' dir='ltr'>Hecubam</span> <span class='ocrx_word' id='word_1_238' title='bbox 3407 2253 3455 2378; x_wconf 88' lang='lat' dir='ltr'>secit</span> <span class='ocrx_word' id='word_1_239' title='bbox 3405 1942 3450 2219; x_wconf 86' lang='lat' dir='ltr'>dicentem:</span> 
     </span>
    </p>

    <p class='ocr_par' dir='ltr' id='par_1_8' title="bbox 3474 1629 3553 2863">
     <span class='ocr_line' id='line_1_35' title="bbox 3474 1629 3553 2863; textangle 90"><span class='ocrx_word' id='word_1_240' title='bbox 3492 2814 3543 2863; x_wconf 83' lang='grc' dir='ltr'>τί</span> <span class='ocrx_word' id='word_1_241' title='bbox 3491 2705 3550 2779; x_wconf 75' lang='lat'>6³3</span> <span class='ocrx_word' id='word_1_242' title='bbox 3489 2601 3539 2665; x_wconf 85' lang='grc' dir='ltr'>οὐ</span> <span class='ocrx_word' id='word_1_243' title='bbox 3489 2320 3553 2569; x_wconf 71' lang='grc' dir='ltr'><em>γυναῖκες</em></span> <span class='ocrx_word' id='word_1_244' title='bbox 3479 2148 3534 2285; x_wconf 74' lang='grc' dir='ltr'><em>εἷλον</em></span> <span class='ocrx_word' id='word_1_245' title='bbox 3480 1836 3546 2113; x_wconf 74' lang='grc' dir='ltr'><em>Αἰγύπτου</em></span> <span class='ocrx_word' id='word_1_246' title='bbox 3474 1629 3536 1802; x_wconf 73' lang='grc' dir='ltr'><em>τέκνα,</em></span> 
     </span>
    </p>

    <p class='ocr_par' dir='ltr' id='par_1_9' title="bbox 3558 1304 4186 2989">
     <span class='ocr_line' id='line_1_36' title="bbox 3558 1724 3637 2861; textangle 90"><span class='ocrx_word' id='word_1_247' title='bbox 3573 2772 3625 2861; x_wconf 78' lang='grc' dir='ltr'>καὶ</span> <span class='ocrx_word' id='word_1_248' title='bbox 3572 2518 3637 2741; x_wconf 78' lang='grc' dir='ltr'><em>Λῆμνον</em></span> <span class='ocrx_word' id='word_1_249' title='bbox 3567 2312 3630 2483; x_wconf 78' lang='grc' dir='ltr'><em>ἄρδην</em></span> <span class='ocrx_word' id='word_1_250' title='bbox 3562 2039 3627 2277; x_wconf 73' lang='grc' dir='ltr'><em>ἀρσένων</em></span> <span class='ocrx_word' id='word_1_251' title='bbox 3558 1724 3624 2004; x_wconf 47' lang='lat' dir='ltr'>&amp;comeam</span> 
     </span>
     <span class='ocr_line' id='line_1_37' title="bbox 3629 1316 3713 2989; textangle 90"><span class='ocrx_word' id='word_1_252' title='bbox 3657 2913 3707 2989; x_wconf 87' lang='lat' dir='ltr'>An</span> <span class='ocrx_word' id='word_1_253' title='bbox 3655 2712 3703 2879; x_wconf 88' lang='lat' dir='ltr'>mitius</span> <span class='ocrx_word' id='word_1_254' title='bbox 3658 2582 3711 2675; x_wconf 85' lang='lat' dir='ltr'>est,</span> <span class='ocrx_word' id='word_1_255' title='bbox 3649 2416 3713 2546; x_wconf 88' lang='lat' dir='ltr'>quod</span> <span class='ocrx_word' id='word_1_256' title='bbox 3649 2182 3694 2381; x_wconf 81' lang='lat' dir='ltr'>Electra.</span> <span class='ocrx_word' id='word_1_257' title='bbox 3642 1927 3705 2162; x_wconf 70' lang='lat' dir='ltr'>Aeschyli</span> <span class='ocrx_word' id='word_1_258' title='bbox 3634 1532 3701 1890; x_wconf 82' lang='lat' dir='ltr'>Sophoclisque</span> <span class='ocrx_word' id='word_1_259' title='bbox 3629 1450 3677 1499; x_wconf 92' lang='lat' dir='ltr'>in</span> <span class='ocrx_word' id='word_1_260' title='bbox 3642 1316 3675 1417; x_wconf 90' lang='lat' dir='ltr'>ma-</span> 
     </span>
     <span class='ocr_line' id='line_1_38' title="bbox 3723 1314 3798 2988; textangle 90"><span class='ocrx_word' id='word_1_261' title='bbox 3736 2794 3786 2988; x_wconf 88' lang='lat' dir='ltr'>tricidio</span> <span class='ocrx_word' id='word_1_262' title='bbox 3731 2520 3798 2758; x_wconf 88' lang='lat' dir='ltr'>patrando</span> <span class='ocrx_word' id='word_1_263' title='bbox 3728 2277 3775 2485; x_wconf 82' lang='lat' dir='ltr'>fratrem</span> <span class='ocrx_word' id='word_1_264' title='bbox 3726 2019 3781 2243; x_wconf 71' lang='lat' dir='ltr'>adiuvat,</span> <span class='ocrx_word' id='word_1_265' title='bbox 3736 1824 3783 1971; x_wconf 89' lang='lat' dir='ltr'>qnam</span> <span class='ocrx_word' id='word_1_266' title='bbox 3723 1617 3765 1783; x_wconf 83' lang='lat' dir='ltr'>tamen</span> <span class='ocrx_word' id='word_1_267' title='bbox 3726 1493 3776 1583; x_wconf 82' lang='lat' dir='ltr'>pro</span> <span class='ocrx_word' id='word_1_268' title='bbox 3723 1314 3773 1458; x_wconf 84' lang='lat' dir='ltr'>prae-</span> 
     </span>
     <span class='ocr_line' id='line_1_39' title="bbox 3790 1309 3874 2985; textangle 90"><span class='ocrx_word' id='word_1_269' title='bbox 3816 2684 3866 2985; x_wconf 83' lang='lat' dir='ltr'>stantissima</span> <span class='ocrx_word' id='word_1_270' title='bbox 3810 2450 3874 2639; x_wconf 81' lang='lat' dir='ltr'>virgine</span> <span class='ocrx_word' id='word_1_271' title='bbox 3808 2306 3855 2407; x_wconf 77' lang='lat' dir='ltr'>vult</span> <span class='ocrx_word' id='word_1_272' title='bbox 3810 2062 3866 2269; x_wconf 86' lang='lat' dir='ltr'>uterque</span> <span class='ocrx_word' id='word_1_273' title='bbox 3799 1815 3849 2027; x_wconf 64' lang='lat' dir='ltr'>haberi‘}</span> <span class='ocrx_word' id='word_1_274' title='bbox 3795 1636 3842 1746; x_wconf 91' lang='lat' dir='ltr'>Non</span> <span class='ocrx_word' id='word_1_275' title='bbox 3792 1425 3838 1601; x_wconf 90' lang='lat' dir='ltr'>mirum</span> <span class='ocrx_word' id='word_1_276' title='bbox 3790 1309 3833 1389; x_wconf 83' lang='lat' dir='ltr'>est</span> 
     </span>
     <span class='ocr_line' id='line_1_40' title="bbox 3864 1309 3959 2981; textangle 90"><span class='ocrx_word' id='word_1_277' title='bbox 3897 2876 3944 2981; x_wconf 85' lang='lat' dir='ltr'>dira</span> <span class='ocrx_word' id='word_1_278' title='bbox 3901 2646 3959 2842; x_wconf 87' lang='lat' dir='ltr'>patrare</span> <span class='ocrx_word' id='word_1_279' title='bbox 3891 2529 3954 2612; x_wconf 88' lang='lat' dir='ltr'>qui</span> <span class='ocrx_word' id='word_1_280' title='bbox 3890 2379 3936 2482; x_wconf 90' lang='lat' dir='ltr'>dira</span> <span class='ocrx_word' id='word_1_281' title='bbox 3899 2061 3949 2327; x_wconf 80' lang='lat' dir='ltr'>perpessus</span> <span class='ocrx_word' id='word_1_282' title='bbox 3886 1909 3938 2012; x_wconf 77' lang='lat' dir='ltr'>est,</span> <span class='ocrx_word' id='word_1_283' title='bbox 3882 1810 3925 1860; x_wconf 83' lang='lat' dir='ltr'>et</span> <span class='ocrx_word' id='word_1_284' title='bbox 3876 1542 3936 1765; x_wconf 83' lang='lat' dir='ltr'>ineptum</span> <span class='ocrx_word' id='word_1_285' title='bbox 3873 1432 3915 1507; x_wconf 79' lang='lat' dir='ltr'>est</span> <span class='ocrx_word' id='word_1_286' title='bbox 3864 1309 3912 1387; x_wconf 80' lang='lat' dir='ltr'>vel</span> 
     </span>
     <span class='ocr_line' id='line_1_41' title="bbox 3945 1310 4035 2980; textangle 90"><span class='ocrx_word' id='word_1_287' title='bbox 3989 2790 4022 2980; x_wconf 85' lang='lat' dir='ltr'>morum</span> <span class='ocrx_word' id='word_1_288' title='bbox 3971 2486 4035 2755; x_wconf 83' lang='lat' dir='ltr'>elegantiae</span> <span class='ocrx_word' id='word_1_289' title='bbox 3967 2375 4015 2453; x_wconf 79' lang='lat' dir='ltr'>vel</span> <span class='ocrx_word' id='word_1_290' title='bbox 3963 2056 4013 2340; x_wconf 84' lang='lat' dir='ltr'>urbanitatis</span> <span class='ocrx_word' id='word_1_291' title='bbox 3961 1941 4008 2021; x_wconf 80' lang='lat' dir='ltr'>vel</span> <span class='ocrx_word' id='word_1_292' title='bbox 3956 1716 4005 1908; x_wconf 83' lang='lat' dir='ltr'>decoris</span> <span class='ocrx_word' id='word_1_293' title='bbox 3945 1310 4000 1682; x_wconf 81' lang='lat' dir='ltr'>velhumanita-</span> 
     </span>
     <span class='ocr_line' id='line_1_42' title="bbox 4029 1306 4107 2977; textangle 90"><span class='ocrx_word' id='word_1_294' title='bbox 4053 2913 4101 2977; x_wconf 81' lang='lat' dir='ltr'>tis</span> <span class='ocrx_word' id='word_1_295' title='bbox 4051 2639 4100 2880; x_wconf 87' lang='lat' dir='ltr'>rationem</span> <span class='ocrx_word' id='word_1_296' title='bbox 4050 2378 4107 2592; x_wconf 71' lang='lat' dir='ltr'>habere,</span> <span class='ocrx_word' id='word_1_297' title='bbox 4044 2204 4092 2334; x_wconf 88' lang='lat' dir='ltr'>mole</span> <span class='ocrx_word' id='word_1_298' title='bbox 4041 1927 4089 2167; x_wconf 91' lang='lat' dir='ltr'>malorum</span> <span class='ocrx_word' id='word_1_299' title='bbox 4032 1597 4085 1882; x_wconf 86' lang='lat' dir='ltr'>catervatim</span> <span class='ocrx_word' id='word_1_300' title='bbox 4029 1502 4075 1552; x_wconf 90' lang='lat' dir='ltr'>in</span> <span class='ocrx_word' id='word_1_301' title='bbox 4038 1306 4073 1459; x_wconf 91' lang='lat' dir='ltr'>unum</span> 
     </span>
     <span class='ocr_line' id='line_1_43' title="bbox 4104 1304 4186 2978; textangle 90"><span class='ocrx_word' id='word_1_302' title='bbox 4131 2727 4180 2978; x_wconf 85' lang='lat' dir='ltr'>hominem</span> <span class='ocrx_word' id='word_1_303' title='bbox 4135 2559 4178 2694; x_wconf 87' lang='lat' dir='ltr'>tanta</span> <span class='ocrx_word' id='word_1_304' title='bbox 4129 2277 4183 2519; x_wconf 85' lang='lat' dir='ltr'>irruente,</span> <span class='ocrx_word' id='word_1_305' title='bbox 4126 1999 4186 2229; x_wconf 90' lang='lat' dir='ltr'>quantam</span> <span class='ocrx_word' id='word_1_306' title='bbox 4118 1708 4166 1954; x_wconf 85' lang='lat' dir='ltr'>sustinere</span> <span class='ocrx_word' id='word_1_307' title='bbox 4114 1445 4159 1666; x_wconf 86' lang='lat' dir='ltr'>naturam</span> <span class='ocrx_word' id='word_1_308' title='bbox 4104 1304 4150 1398; x_wconf 93' lang='lat' dir='ltr'>hu-</span> 
     </span>
    </p>

    <p class='ocr_par' dir='ltr' id='par_1_10' title="bbox 4182 1303 4274 2973">
     <span class='ocr_line' id='line_1_44' title="bbox 4182 1303 4274 2973; textangle 90"><span class='ocrx_word' id='word_1_309' title='bbox 4226 2782 4262 2973; x_wconf 85' lang='lat' dir='ltr'>manam</span> <span class='ocrx_word' id='word_1_310' title='bbox 4225 2526 4274 2737; x_wconf 90' lang='lat' dir='ltr'>unquam</span> <span class='ocrx_word' id='word_1_311' title='bbox 4206 2250 4272 2472; x_wconf 84' lang='lat' dir='ltr'>potuisse</span> <span class='ocrx_word' id='word_1_312' title='bbox 4201 2118 4250 2199; x_wconf 82' lang='lat' dir='ltr'>vix</span> <span class='ocrx_word' id='word_1_313' title='bbox 4197 1822 4249 2059; x_wconf 88' lang='lat' dir='ltr'>credibile</span> <span class='ocrx_word' id='word_1_314' title='bbox 4197 1686 4243 1762; x_wconf 87' lang='lat' dir='ltr'>est</span> <span class='ocrx_word' id='word_1_315' title='bbox 4193 1578 4239 1628; x_wconf 86' lang='lat' dir='ltr'>et</span> <span class='ocrx_word' id='word_1_316' title='bbox 4182 1303 4250 1531; x_wconf 84' lang='lat' dir='ltr'>profecto</span> 
     </span>
    </p>
   </div>
  </div>
 </body>
</html>
