5010 3336
3521 3152 3845 3160 l

3906 3153 4012 3159 l

1138 2024 1193 2141 371

1291 2714 1358 2784 μή
1288 2589 1354 2679 μοί
1289 2444 1339 2556 ποτ’
1286 2330 1351 2407 εἴη
1284 2018 1350 2295 χρημάτων
1278 1714 1346 1985 νικωμένῳ

1376 2642 1436 2784 κακῷ
1367 2339 1435 2609 γενέσθαι,
1364 2183 1429 2304 μηδ’
1362 1908 1427 2148 ὁμιλοίην
1363 1692 1419 1873 κακοῖς
1358 1610 1423 1677 *).

1453 2691 1500 2784 His
1452 2481 1498 2655 auditis
1464 2332 1506 2445 rex,
1459 2071 1509 2281 persona.
1459 1935 1490 2021 sua
1444 1653 1503 1900 indignum
1454 1506 1487 1615 esse
1438 1252 1488 1471 iudicans

1549 2801 1581 2910 cum
1529 2399 1578 2764 adolescentulo
1523 2164 1589 2362 ignobili
1522 1876 1579 2129 altercari,
1522 1792 1566 1839 in
1521 1607 1567 1754 aedes
1520 1285 1568 1571 revertitur:

1608 2673 1658 2782 ἀλλ’
1608 2571 1657 2634 οὐ
1606 2357 1668 2536 πρέπει
1602 2031 1664 2324 τύραννον,
1597 1926 1657 1994 ὡς
1595 1791 1662 1891 ἐγὼ
1599 1555 1661 1755 φρονῶ,

1689 2670 1740 2781 οὐδ’
1688 2465 1751 2633 ἄνδρα
1682 2208 1750 2431 χρηστὸν
1683 2004 1738 2174 νεῖκος
1678 1725 1742 1968 αἴρεσθαι
1680 1480 1735 1690 κακοῖς·

1768 2664 1835 2782 τιμὴ
1768 2529 1833 2629 γὰρ
1765 2365 1831 2494 αὕτη
1766 2164 1813 2331 τοῖσιν
1758 1738 1823 2130 ἀσθενεστέροις
1757 1630 1819 1723 **).

1850 2756 1899 2911 Simul
1852 2537 1898 2727 Danaen
1864 2413 1911 2502 per
1847 2283 1894 2379 vim
1846 2122 1892 2257 iubet
1844 2039 1890 2096 ab
1842 1910 1888 2007 aris
1842 1829 1888 1875 in
1845 1664 1887 1792 tecta
1837 1484 1897 1628 trahi,
1836 1398 1883 1448 id
1836 1244 1900 1374 quod

1932 2853 1978 2912 ab
1932 2649 1977 2817 amicis
1930 2484 1986 2613 eius,
1943 2327 1973 2434 cum
1941 2233 1973 2290 eo
1922 1795 1984 2185 conspirantibus
1934 1601 1982 1758 neque
1917 1394 1964 1566 minori
1917 1244 1965 1357 odio

2010 2637 2071 2914 invidiaque
2009 2343 2065 2605 Perseum,
2021 2154 2067 2295 quam
2018 2030 2049 2117 rex
2002 1859 2063 1993 ipse,
1998 1440 2056 1822 insectantibus,
1996 1245 2060 1391 impi-

2106 2827 2153 2914 gre
2090 2591 2135 2803 efficitur
2084 2451 2149 2577 '‘**).
2084 2279 2133 2406 Tum
2084 2025 2136 2252 Perseus,
2082 1854 2128 1987 solus
2096 1715 2127 1823 cum
2078 1503 2140 1678 Dictye
2078 1424 2124 1470 in
2090 1242 2124 1387 scena

2169 2682 2227 2914 relictus,
2184 2528 2229 2621 qua
2167 2292 2215 2481 ratione
2164 2054 2225 2245 nuptias
2159 1608 2223 2004 interpellaturus
2162 1495 2204 1543 et
2160 1242 2204 1444 cunctos

2264 2816 2295 2912 uno
2254 2545 2311 2769 tempore
2247 2226 2311 2509 perditurus
2244 2083 2301 2177 sit,
2242 1821 2305 2034 exponit.
2238 1553 2299 1737 Quibus
2236 1372 2283 1516 dictis
2235 1241 2282 1337 tol-

2328 2856 2375 2912 lit
2334 2600 2386 2821 scutum,
2327 2486 2373 2563 cui
2330 2307 2388 2450 caput
2323 2033 2383 2271 Gorgonis
2322 1797 2367 1996 affixum
2322 1655 2373 1760 est,
2322 1554 2364 1604 et
2316 1474 2362 1520 in
2316 1242 2363 1437 domum

2423 2856 2455 2910 se
2408 2760 2455 2821 ad
2407 2467 2454 2724 efficienda
2422 2346 2460 2430 ea,
2419 2186 2465 2308 quae
2402 1893 2464 2154 praedixit,
2399 1694 2445 1854 statim
2396 1464 2443 1656 confert
2393 1372 2458 1447 †).

2486 2450 2548 2782 lnterponitur
2490 2185 2546 2405 quartum
2482 2002 2527 2135 chori
2494 1734 2535 1955 carmem
2491 1592 2537 1685 quo
2490 1416 2535 1539 quae
2474 1238 2521 1367 intus

2572 2676 2631 2908 aguntur,
2566 2450 2612 2627 mentis
2564 2188 2626 2413 opinione
2561 1862 2622 2151 anticipata„
2555 1673 2619 1812 quasi
2571 1614 2600 1639 a
2554 1237 2617 1579 praesentibus

2652 2858 2694 2908 et
2662 2665 2693 2824 coram
2643 2246 2705 2626 adspicientibus
2641 1851 2686 2207 describuntur.

2724 2609 2771 2778 Prodit
2724 2362 2778 2575 nuntium,
2722 2214 2782 2309 qui,
2716 1804 2780 2177 obstupefactus
2713 1531 2776 1767 adspectu
2710 1235 2758 1496 miraculo·

2821 2774 2861 2908 rum,
2803 2676 2850 2737 de
2803 2555 2859 2641 iis,
2816 2394 2861 2517 quae
2806 2206 2860 2345 gesta
2804 2030 2852 2171 sunt,
2794 1684 2842 1974 brevissime
2791 1486 2853 1646 Dictyi
2791 1235 2854 1450 exponit.

2883 2788 2931 2909 Mox
2883 2541 2929 2753 Perseus
2880 2374 2942 2506 ipse,
2883 2134 2925 2337 matrem
2891 1953 2922 2096 manu
2873 1708 2929 1917 ducens,
2870 1480 2933 1663 apertis
2870 1234 2918 1428 aedium

2962 2732 3022 2908 valvis,
2966 2632 3009 2685 ut
2964 2393 3007 2584 statuae
2973 2286 3005 2346 ex
2956 1963 3003 2240 hominibus
2953 1764 2999 1926 factae
2950 1330 3013 1716 conspiciantur,
2948 1232 2995 1293 ad

3043 2702 3090 2907 chorum
3040 2476 3105 2667 prodit,
3037 2131 3099 2437 salutatoque
3034 1892 3096 2096 Dictye‚
3031 1522 3079 1839 concionatur
3026 1358 3092 1487 apud
3042 1232 3091 1323 po·-

3248 2796 3301 2842 *)
3245 2617 3288 2767 Potuit
3246 2464 3285 2578 hacc
3255 2241 3296 2414 quoque
3241 2030 3291 2199 dicere,
3252 1866 3292 1978 quae
3237 1775 3278 1817 in
3236 1547 3279 1724 incertis
3232 1230 3290 1492 fragmentis

3332 2722 3358 2765 n.
3316 2622 3356 2691 lv.
3330 2549 3367 2591 p.
3312 2422 3353 2517 365.
3312 2229 3351 2387 Matth.
3314 1952 3363 2192 ponuntur:

3380 2572 3426 2656 οὐκ
3382 2425 3424 2541 ἔστιν
3378 2233 3436 2395 οἷρετῇς
3380 2056 3431 2202 κτῆμα
3374 1738 3429 2025 τιμιώτερον·

3450 2603 3496 2657 οὕ
3452 2488 3508 2573 γὰρ
3450 2282 3503 2457 πέφυκε
3450 2085 3491 2250 δοῦλον
3444 1951 3489 2054 οὕτε
3443 1680 3500 1921 χρημάτων

3520 2558 3565 2653 οὔτ’
3520 2280 3575 2528 ἀσφαλείας
3515 2146 3561 2247 οὔτε
3518 1909 3566 2115 θωπείας
3512 1726 3569 1877 ὄχλου.

3597 2788 3650 2864 ffss)
3596 2573 3649 2758 Fragm.
3593 2458 3633 2541 inc.
3590 2358 3631 2426 42.

3668 2785 3720 2891 '‘ffssss)
3666 2594 3707 2753 Strabo
3666 2534 3705 2563 l.
3665 2446 3704 2501 l.:
3657 2031 3715 2411 συμπραττόντων
3656 1875 3713 1999 αὐτῷ
3651 1650 3697 1843 ἐκείνων.

3737 2783 3790 2836 †)
3736 2550 3789 2753 Apollod.
3736 2488 3774 2517 l.
3734 2402 3773 2455 1.:
3727 2071 3778 2353 εἰςελθών
3727 1950 3775 2029 εἰς
3723 1807 3767 1907 τὸν
3719 1487 3779 1764 βασιλέα,
3720 1224 3775 1443 συγκαλέ-

3820 2598 3852 2762 σαντος
3804 2475 3846 2559 τοῦ
3800 2142 3844 2431 Πολυδέκτου
3794 1993 3845 2099 τοὺς
3797 1769 3850 1953 φίλους,
3789 1355 3847 1724 ἀπεστραμμένος
3790 1224 3846 1307 τὴν

3874 2554 3930 2761 κεφαλὴν
3874 2422 3928 2503 τῆς
3868 2142 3926 2367 Γοργόνος
3866 1953 3919 2103 ἔδειξε.
3865 1768 3907 1870 Τῶν
3861 1679 3905 1726 δὲ
3862 1433 3904 1626 ἰδόντων
3858 1222 3911 1381 ὁποῖος

3944 2573 3994 2758 ἕκαστος
3942 2407 3997 2531 ἔτυχε
3942 2213 3995 2359 σχῆμα
3938 2063 3992 2172 ἔχων
3933 1737 3988 2026 ἀπελιθώθη.
3932 1499 3973 1659 Strabo
3935 1438 3973 1467 l.
3935 1344 3973 1396 l.:
3932 1222 3975 1299 καὶ

4018 2508 4069 2759 κομίσαντα
4013 2397 4067 2479 τὴν
4012 2287 4065 2366 τῆς
4007 2030 4064 2256 Γοργόνος
4003 1766 4061 1993 κεφαλήν,
4003 1507 4054 1721 δείξαντα
4006 1383 4051 1476 τοῖς
4005 1221 4057 1353 Σερι·

4087 2630 4141 2757 φίοις
4080 2311 4127 2601 οἷπολιθῶσαι
4078 2082 4127 2281 πάντας·
4079 1900 4119 2036 τοῦτο
4074 1822 4118 1869 δὲ
4074 1623 4129 1791 πρᾶξαι
4073 1308 4128 1592 τιμωροῦντα
4073 1221 4128 1279 τῇ

4156 2597 4212 2757 μητρί,
4152 2483 4196 2553 ὅτι
4150 2301 4207 2446 αὐτὴν
4146 1984 4203 2270 Πολυδέκτης
4146 1926 4190 1947 ὁ
4139 1675 4203 1883 βασιλεὺς
4139 1433 4184 1636 ἄκουσαν
4140 1221 4195 1390 ἀγαγέ-

4228 2643 4269 2755 σθαι
4225 2383 4281 2616 προείλετο
4218 2238 4279 2353 πρὸς
4219 2042 4275 2211 γάμον,
4213 1619 4274 2004 συμπραττόντων
4210 1450 4269 1577 αὐτῷ
4210 1223 4255 1419 ἐκείνων.

4285 1604 4331 1669 24
