5010 3336
3981 2127 4040 2246 252

3833 1483 3894 1679 πολλὰς
3842 1712 3894 1742 ὁ
3828 1776 3895 1981 δαίμων
3842 2014 3891 2113 τοῦ
3828 2148 3892 2272 βίον
3827 2308 3891 2638 μεταστάσεις

3761 1483 3815 1676 ἔδωκεν
3746 1709 3814 1837 ἡμῖν
3746 1871 3812 2160 μεταβολάς
3760 2194 3794 2248 τε
3742 2281 3807 2373 τῆς
3742 2407 3809 2580 τύχης.

3682 1348 3730 1439 His
3682 1476 3724 1636 tamen
3667 1682 3729 2017 praecessisse
3665 2066 3722 2185 puto
3678 2234 3727 2444 lamenta
3662 2479 3725 2647 lyricis
3674 2682 3722 2898 numeris
3672 2933 3705 3017 ex-

3586 1346 3633 1536 pressa7
3586 1571 3649 1747 quibus
3599 1783 3648 2064 succineret
3599 2097 3647 2369 alternatim
3594 2405 3644 2603 chorus.

3508 1480 3569 1647 Qualis
3521 1682 3553 1844 rerum
3520 1882 3568 2034 suerit
3506 2069 3565 2259 exitus,
3503 2316 3549 2462 quum
3500 2499 3563 2724 Hyginus
3498 2759 3563 3019 Euripidei

3440 1344 3489 1577 dramatis
3424 1610 3481 1895 argumento
3438 1929 3486 2075 finem
3421 2109 3487 2374 Sophoclei
3435 2400 3486 2619 affixisse
3420 2648 3483 2887 videatur,
3431 2922 3464 3017 non

3345 1343 3407 1512 liquet.
3360 1584 3410 1682 Sed
3361 1720 3408 1865 simili
3359 1898 3391 2063 rerum
3356 2100 3403 2234 exitu
3340 2285 3404 2578 Euripidem
3339 2627 3396 2773 atque
3337 2821 3401 3015 Sopho-

3279 1342 3328 1469 clem
3279 1523 3311 1664 usum
3280 1702 3312 1815 esse
3277 1850 3326 2125 coniectura
3261 2163 3323 2403 suspicari
3274 2442 3323 2574 licet.
3273 2645 3321 2769 Nam
3256 2805 3319 3015 primum

3185 1340 3248 1537 quidem
3200 1574 3247 1793 Iocasten
3198 1828 3241 1988 morte
3195 2022 3245 2290 voluntaria
3195 2326 3242 2506 obiisse
3194 2556 3237 2604 et
3178 2648 3241 2822 laqueo
3190 2867 3238 3015 vitam

3104 1338 3166 1594 abrupisse
3119 1627 3152 1832 necesse
3119 1869 3162 1945 est
3104 1979 3165 2109 ideo,
3101 2144 3162 2272 quod
3099 2309 3161 2500 utrique
3098 2535 3159 2725 parenti
3094 2768 3159 3013 Oedipum

3038 1338 3071 1559 caussam
3039 1595 3086 1767 mortis
3039 1801 3087 1912 fore
3036 1947 3084 2145 oraculo
3019 2179 3082 2486 praedictum
3031 2523 3070 2644 erat.
3014 2711 3079 2916 Neque,
3028 2971 3077 3014 si

2943 1338 3003 1592 superstes
2948 1626 3007 1822 fuisset,
2942 1858 2989 1950 qua
2956 1987 2999 2092 erat
2940 2124 3003 2326 pietate,
2953 2362 2985 2456 non
2935 2491 2998 2737 potuisset
2932 2764 2998 3012 Oedipum

2878 1335 2926 1383 in
2879 1435 2927 1658 exsilium
2863 1704 2926 2102 proficiscentem
2874 2150 2920 2370 comitari
2872 2426 2914 2477 et
2854 2520 2920 2657 fungi
2870 2706 2917 2765 iis
2856 2812 2916 3009 officiis,

2783 1336 2846 1511 quibus
2782 1548 2846 1809 fungendis
2796 1843 2845 2037 laudem
2778 2075 2841 2251 adepta
2793 2275 2832 2352 est
2775 2371 2840 2628 Antigone.
2786 2696 2837 2885 Deinde
2786 2910 2835 3008 Oe·

2702 1334 2766 1500 dipum
2716 1554 2765 1908 contumeliose
2715 1943 2746 1970 a
2714 2007 2762 2120 filiis
2711 2157 2755 2414 tractatum
2710 2451 2743 2562 esse
2709 2598 2742 2659 ex
2691 2693 2757 2869 fragm.
2704 2913 2753 3006 inc.

2636 1331 2682 1409 40.
2620 1446 2685 1650 colligo:

2556 1462 2607 1575 ἀλλ’
2544 1614 2603 1813 οὔποτ’,
2542 1850 2604 2009 αὐτὸς
2536 2043 2603 2349 άμπλακών,
2546 2386 2596 2548 ἄλλον
2530 2581 2597 2778 βροτὸν

2458 1461 2526 1829 παραινέσαιμ’
2471 1867 2523 1934 ἂν
2469 1963 2521 2111 παισὶ
2455 2143 2514 2455 προςθεῖναι
2448 2494 2515 2675 κράτη,

2378 1460 2444 1587 πρὶν
2392 1621 2443 1687 ἂν
2390 1721 2438 1832 κατ’
2388 1871 2437 2046 ὄσσων
2369 2080 2436 2298 κιγχάνῃ
2370 2334 2436 2490 μέλας
2372 2524 2433 2738 σκότος·

2344 1464 2362 1490 ’ἣ

2296 1459 2342 1492 η
2294 1528 2363 1624 χρὴ
2309 1663 2361 1891 διελθεῖν
2293 1925 2358 2057 πρὸς
2303 2091 2356 2293 τέκνων
2290 2326 2353 2636 νικώμενον.

2232 1324 2281 1452 Tum
2214 1487 2277 1644 aptior
2230 1679 2271 1783 erat
2229 1813 2275 1872 ad
2225 1910 2273 2295 misericordiam
2223 2332 2269 2617 movendam
2207 2654 2254 2863 persona
2218 2904 2266 3002 Oe-

2135 1323 2199 1441 dipi,
2151 1479 2198 1519 si
2151 1554 2198 1604 in
2150 1638 2197 1863 exsilium
2146 1891 2178 2066 caecus
2129 2087 2192 2407 proficiscens
2127 2435 2189 2823 conspiceretur,
2124 2859 2169 3000 quam

2070 1324 2118 1367 si
2070 1401 2102 1598 carcere
2065 1641 2117 1986 includeretur.
2052 2058 2113 2383 Quamobrem
2062 2434 2094 2494 ex
2062 2527 2108 2621 hoc
2059 2658 2107 2878 dramate
2056 2915 2105 3001 de-

1976 1322 2032 1541 promtos
1990 1572 2022 1682 esse
1972 1717 2035 1943 suspicor
1973 1976 2017 2173 versus„
1969 2214 2019 2343 quos
1983 2390 2030 2476 fini
1978 2513 2030 2889 Phoenissarum
1975 2926 2025 2998 in-

1894 1320 1957 1593 terpolator
1894 1625 1956 1797 aliquis
1907 1834 1953 1951 satis
1888 1987 1953 2153 inepte
1886 2188 1950 2528 agglutinavit:

1829 1453 1887 1494 ὦ
1812 1528 1879 1727 πάτρας
1809 1760 1874 1967 κλεινῆς
1808 2000 1870 2225 πολῖται,
1807 2260 1871 2506 λεύσσετ’,
1806 2547 1870 2801 Οἰδίπους
1802 2833 1866 2939 ὅδε,

1738 1452 1802 1510 ὃς
1746 1543 1797 1606 τὰ
1744 1641 1795 1798 κλείν’
1726 1837 1793 2097 αἰνίγματ’
1725 2133 1792 2268 ἔγνω
1738 2303 1790 2392 καὶ
1723 2426 1787 2701 κράτιστος
1718 2734 1791 2802 ἧν
1716 2844 1783 2995 άνήρ,

1656 1452 1720 1510 ὃς
1649 1544 1714 1708 μόνος
1645 1743 1710 1987 Σφιγγὸς
1643 2021 1711 2274 κατέσχον
1639 2308 1703 2399 τῆς
1640 2432 1704 2726 μιαιφόνου
1633 2762 1701 2943 κράτη,

1583 1446 1630 1552 νῦν
1582 1588 1632 1634 δ’
1564 1671 1629 1854 ἄτιμος
1568 1890 1629 2048 αὐτὸς
1562 2084 1628 2291 οἰκτρὸς
1558 2327 1627 2670 ἐξελαύνομαι
1556 2702 1618 2914 χθονός.

1501 1446 1553 1577 άλλὰ
1485 1608 1550 1710 γὰρ
1498 1744 1548 1793 τί
1495 1826 1543 1993 ταῦτα
1480 2026 1543 2214 θρηνῶ
1493 2249 1545 2336 καὶ
1475 2368 1542 2536 μάτην
1474 2572 1542 2863 ὀδύρομαι,-

1411 1443 1471 1536 τὰς
1404 1568 1470 1670 γὰρ
1417 1707 1471 1763 ἐκ
1413 1797 1463 1942 θεῶν
1398 1976 1464 2210 άνάγκας
1395 2244 1460 2449 θνητὸν
1409 2483 1457 2611 ὄντα
1409 2649 1459 2726 δεῖ
1392 2763 1459 2957 φέρειν.

1324 1445 1390 1709 Sophoclis
1318 1746 1367 1869 opus
1333 1906 1365 2015 cum
1315 2051 1380 2306 Euripidis
1314 2341 1362 2653 componens,
1328 2690 1375 2825 illum
1323 2853 1372 2989 vide-

1263 1311 1311 1386 bis
1260 1432 1308 1533 sola
1256 1581 1288 1743 rerum
1251 1789 1301 2100 intricatione
1250 2156 1292 2207 et
1248 2243 1295 2623 commutatione
1246 2658 1297 2906 felicitatis
1243 2943 1290 2989 in

1178 1306 1232 1646 infelicitatem
1159 1684 1216 1987 spectatores
1170 2023 1202 2222 movere
1155 2256 1216 2495 voluisse,
1156 2543 1215 2704 hunc,
1152 2754 1197 2901 quum
1162 2938 1210 2988 in

1101 1309 1150 1531 eiusdem
1096 1578 1146 1735 laudis
1090 1781 1139 2113 aemulatione
1075 2160 1136 2441 neutiquam
1089 2477 1137 2560 illo
1085 2595 1135 2801 inferior
1071 2836 1126 2985 esset„

1007 1309 1056 1508 operam
1002 1544 1065 1758 dedisse,
1012 1795 1055 1851 ut
1010 1886 1058 2032 simul
1010 2069 1057 2131 de
1009 2166 1056 2347 officiis
993 2383 1055 2581 pietatis
1005 2617 1053 2803 utiliter
1001 2824 1051 2984 disse-

941 1306 989 1460 rendo
934 1498 987 1715 doceret.
917 1783 982 1956 Neque
928 1992 973 2154 tamen
929 2190 976 2268 illa
928 2303 977 2520 Iocastes
925 2558 973 2712 oratio
924 2746 957 2840 non
907 2873 970 2981 plu-

859 1307 908 1481 rimum
856 1516 905 1660 etiam
854 1697 901 1758 ad
834 1792 897 2063 augendam
848 2099 895 2457 miserationem
830 2493 889 2777 metumque
843 2811 891 2982 confe-

778 1307 829 1459 rebat.
774 1530 825 1654 Nam
757 1704 805 1852 quum
760 1907 818 1968 ad
767 2020 800 2147 eum.
766 2179 811 2405 eventum
765 2453 798 2533 res
748 2570 808 2877 spectarent,
763 2925 807 2981 ut
