5010 3336
3908 2068 3965 2194 198

3761 1282 3815 1548 Alexandri
3766 1595 3811 1781 terram
3768 1828 3803 1942 esse
3751 1975 3813 2237 putanteS,
3772 2285 3823 2523 ditionem
3754 2557 3822 2769 Telephi
3766 2805 3818 2966 incur-

3681 1279 3731 1495 sionibus
3686 1540 3733 1806 vastarunt.
3674 1874 3735 1981 Qua
3687 2028 3720 2085 re
3674 2120 3739 2315 cognita
3676 2346 3743 2603 Telephus
3690 2637 3738 2785 armis
3686 2834 3720 2967 sum-

3601 1279 3650 1345 tis
3604 1383 3636 1496 cum
3605 1531 3655 1754 exercitu
3595 1789 3655 2027 occurrit,
3592 2077 3658 2298 trepidos
3594 2342 3658 2758 perturbatosque
3590 2793 3640 2967 magna

3507 1282 3567 1450 strage
3523 1485 3573 1617 edita
3525 1650 3574 1700 in
3525 1736 3558 1886 naves
3511 1925 3576 2162 compulit
3513 2184 3579 2265 *),
3530 2312 3575 2361 et
3530 2408 3579 2602 videtur
3529 2650 3578 2711 ad
3527 2748 3577 2968 interne-

3442 1281 3492 1474 cionem
3445 1523 3493 1787 adacturus
3434 1838 3495 2024 fuisse,
3446 2071 3496 2167 nisi
3441 2214 3499 2459 Achilles,
3450 2508 3481 2565 re
3434 2613 3497 2970 animadversa,

3361 1281 3412 1613 succurrisset
3365 1645 3397 1702 ac
3350 1738 3414 2019 Telephum
3355 2055 3414 2291 saucium,
3368 2344 3417 2546 sinistro
3368 2580 3416 2774 femore
3367 2799 3416 2969 iaculo

3273 1278 3331 1599 transmisso,
3269 1658 3334 1926 repulisset
3271 1954 3337 2054 **).
3286 2134 3335 2368 Ceterum
3288 2417 3336 2600 Graeci
3287 2642 3332 2780 tanta.
3287 2829 3335 2968 clade

3201 1278 3251 1450 affecti
3192 1496 3247 1666 erant,
3204 1712 3247 1767 ut
3205 1815 3254 2019 navibus
3204 2054 3256 2339 conscensis
3207 2374 3254 2422 in
3207 2456 3255 2712 Boeotiam
3206 2747 3254 2970 redirent

3107 1278 3166 1427 atque
3111 1460 3170 1592 inde,
3124 1628 3170 1807 omissa
3108 1842 3174 2171 expeditione,
3126 2207 3174 2382 domus
3126 2418 3158 2530 suas
3112 2562 3174 2770 quisque
3126 2805 3175 2968 disce-

3042 1279 3092 1458 derent
3028 1483 3093 1614 ***).
3028 1698 3093 1952 Telephus
3045 1999 3088 2161 autem
3046 2210 3078 2271 ex
3046 2319 3078 2377 eo
3031 2424 3090 2651 tempore
3046 2684 3094 2968 insanabilis

2962 1280 3010 1497 vulneris
2962 1532 3011 1783 doloribus
2963 1821 3011 2067 cruciatus
2951 2102 3013 2507 miserrimusque
2965 2532 3014 2628 suit
2951 2645 3017 2800 ****).
2951 2837 3014 2970 Quid

2880 1279 2930 1408 enim
2881 1444 2930 1610 iuvant
2866 1645 2915 1798 opes,
2867 1835 2931 1952 quid
2867 1985 2932 2246 imperium
2870 2283 2932 2577 aegrotum}
2869 2644 2933 2838 ltaque,
2883 2889 2916 2968 re—

2685 1335 2740 1386 ’ἢ
2699 1418 2741 1487 Cf.
2686 1516 2743 1675 Dictyn
2689 1704 2742 1762 ΙΙ,
2702 1786 2743 1811 1
2689 1839 2729 1961 seqq.
2702 2004 2742 2120 haec
2702 2156 2744 2327 auctius
2701 2369 2743 2654 referentem.
2698 2713 2742 2866 Schol.
2698 2911 2738 2967 ad

2615 1418 2671 1645 Aristoph.
2629 1677 2671 1791 Nub.
2631 1821 2674 1932 919:
2630 1990 2676 2014 ὁ
2619 2064 2675 2272 Τήλεφος
2618 2311 2675 2520 βασιλεὺς
2618 2564 2680 2620 ἧν
2620 2661 2671 2871 Μυσίας,
2627 2915 2675 2969 ὃν

2543 1417 2602 1766 πλανηθέντων,
2558 1797 2604 1874 δ’τε
2553 1906 2601 1969 εἰς
2545 2004 2602 2178 Τροίαν
2546 2208 2606 2486 ἀπήρχοντο,
2559 2516 2602 2609 τῶν
2547 2637 2604 2862 Ἑλλήνων
2556 2891 2599 2969 καὶ

2472 1419 2530 1662 δῃούντων
2475 1692 2531 1776 τὴν
2487 1808 2533 1953 αὐτοῦ
2476 1985 2530 2068 γῆν
2489 2100 2535 2203 ἀντὶ
2477 2233 2531 2316 τῆς
2475 2341 2530 2510 Τροίας
2477 2530 2536 2743 Ἀχιλλεύς
2472 2766 2532 2967 ἔτρωσεν.

2415 1417 2458 1542 Adde
2402 1573 2458 1717 epigr.
2418 1748 2459 1930 Anthol.
2416 1962 2459 2138 Jacobs,
2418 2169 2459 2222 T.
2419 2254 2459 2310 II.
2406 2341 2445 2383 p.
2418 2415 2461 2511 657.
2407 2544 2459 2622 xl,
2417 2652 2460 2757 110:

2338 1525 2394 1675 Οὗτος
2346 1705 2394 1727 ὁ
2332 1770 2388 2062 Τευθρανίας
2334 2090 2390 2267 πρόμος
2334 2298 2392 2508 ἄσχετος,
2338 2556 2396 2691 οὗτος
2344 2723 2390 2747 ὁ
2344 2778 2391 2828 τὸ
2329 2861 2388 2968 πρὶν

2261 1651 2317 1865 Τήλεφος
2264 1897 2320 2094 αἱμάξας
2263 2126 2320 2319 φρικτὸν
2264 2340 2324 2445 ’Ἄρη
2263 2476 2318 2692 Δαναῶν,

2203 1528 2247 1696 Μυσὸν
2204 1729 2252 1802 ὅτε
2194 1834 2249 2079 πλήθοντα
2195 2109 2250 2238 φόνῳ
2193 2271 2251 2480 ε’κέρασσε
2192 2511 2249 2703 Καϊκου,

2128 1642 2182 1791 Οὗτος
2136 1822 2179 1845 ὁ
2123 1879 2177 2119 Πηλιακοῦ
2123 2148 2181 2375 δούρατος
2127 2405 2181 2666 ἀντίπαλος.

2052 1319 2107 1387 st)
2050 1419 2106 1575 Dictys
2063 1616 2104 1732 1.1.:
2064 1776 2105 1916 telum
2064 1954 2113 2176 iaculatus
2065 2219 2108 2366 femur
2064 2409 2108 2635 sinistrum
2048 2675 2105 2776 regi
2060 2825 2099 2965 trans-

1979 1419 2035 1535 figit.

1909 1277 1964 1374 yffi)
1922 1405 1964 1619 Libanius
1923 1657 1964 1860 Declam.
1924 1890 1967 1969 ΙΙΙ.
1912 1999 1951 2041 p.
1924 2073 1967 2171 230.
1924 2202 1965 2268 D:
1916 2329 1969 2390 ὦς
1910 2430 1969 2517 γὰρ
1908 2556 1967 2828 οὶνήχθημεν
1919 2867 1966 2961 :ind

1838 1418 1893 1501 τῆς
1844 1529 1897 1739 Αὐλίδος,
1836 1785 1897 1950 ἀγνοίᾳ
1852 1989 1895 2082 τῶν
1852 2120 1898 2278 τόπων
1839 2322 1896 2654 προςπεσόντες
1836 2683 1893 2742 τῇ
1836 2770 1889 2965 Mvoa‘iv,

1766 1417 1823 1503 τὴν
1766 1533 1825 1679 οἷρχήν
1770 1707 1825 1987 κατεθέομεν
1768 2019 1825 2247 Τηλέφου,
1769 2276 1827 2360 τὴν
1766 2380 1826 2669 Ἀλεξάνδρου
1767 2690 1821 2965 νομίζοντες.

1695 1418 1753 1702 Αἰσθόμενος
1708 1732 1754 1781 δὲ
1710 1813 1753 1836 ὁ
1699 1872 1755 2081 Τήλεφος
1703 2114 1756 2255 εὐθὺς
1710 2285 1754 2331 ἐν
1702 2362 1757 2520 ὅπλοις
1696 2548 1757 2606 ἧν
1707 2629 1751 2705 καὶ
1696 2743 1753 2858 μετοὶ
1694 2887 1749 2968 τῆς

1624 1419 1683 1659 δυνάμεως
1627 1690 1683 1885 οἷπήντα.
1627 1943 1683 2111 Μάχης
1639 2152 1684 2201 δὲ
1624 2243 1680 2465 καρτερᾶς
1624 2505 1681 2748 γενομένης
1636 2777 1679 2854 καὶ
1634 2884 1677 2969 τοῦ

1552 1416 1611 1683 πράγματος
1554 1713 1610 1972 προϊόντος,
1568 2004 1613 2028 ὁ
1569 2060 1610 2151 τῶν
1568 2183 1609 2359 Μυσῶν
1555 2383 1612 2635 ἡγούμενος
1566 2662 1610 2740 ὑπ’
1554 2770 1609 2882 ἐμοῦ
1563 2904 1590 2966 τι-

1481 1418 1539 1683 τρώσκεται.
1496 1742 1540 1836 Καὶ
1497 1867 1541 1910 οἱ
1484 1940 1541 2021 μὲν
1482 2051 1544 2222 ᾤχοντο
1485 2253 1540 2512 φεύγοντες,
1484 2543 1543 2673 ἡμεῖς
1495 2703 1539 2753 δὲ
1483 2781 1538 2965 γνόντες

1411 1416 1470 1501 τὴν
1413 1531 1469 1733 πλάνην,
1420 1777 1472 2268 ἀποπλεύσαντες
1420 2313 1477 2490 αὖθις
1414 2528 1476 2666 ἦμεν
1426 2697 1469 2753 ἐν
1423 2782 1464 2964 Βοιω-

1338 1417 1395 1535 τία,
1340 1566 1398 1764 καὶτῷ
1342 1794 1400 2193 συμβεβηκότι
1357 2223 1400 2285 τὸ
1344 2318 1400 2650 στράτευμα
1351 2672 1397 2961 διελύετο.

1283 1416 1325 1500 His
1284 1530 1324 1643 adde
1270 1675 1325 1818 epigr.
1285 1850 1326 2027 Anthol.
1285 2061 1327 2231 Iacobs.
1286 2262 1328 2315 Τ.
1288 2345 1328 2403 II.
1274 2435 1313 2477 p.
1286 2509 1328 2621 657:

1212 1530 1262 1585 οὗ
1212 1612 1256 1690 καὶ
1200 1720 1258 2002 τειρομένοιο
1200 2033 1261 2419 περιπτώσσοντες
1202 2445 1261 2613 Ἀχαιοὶ

1128 1641 1188 1823 φύρδην
1130 1858 1184 2149 Τευθρανίας
1143 2176 1186 2358 νεῦνται
1144 2387 1189 2467 ἀπ’
1131 2496 1188 2668 η’ϊόνος.

1072 1417 1116 1566 Strab.
1062 1598 1114 1639 Ι,
1074 1670 1114 1711 1.
1060 1746 1099 1787 p.
1074 1812 1116 1867 10
1059 1887 1117 2011 (15):
1072 2058 1118 2083 ὁ
1060 2122 1116 2278 μέντοι
1060 2316 1120 2639 Ἀγαμέμνονος
1064 2678 1116 2836 στόλος
1059 2875 1116 2961 τὴν

992 1415 1045 1621 Μυσίαν,
994 1655 1046 1717 οἷς
989 1744 1046 1828 τὴν
987 1864 1046 2075 Τρῳάδα,
986 2105 1043 2298 πορθῶν
986 2327 1045 2844 ἐπαλινδρόμησεν
999 2873 1043 2959 αἰ-

916 1416 973 1618 σχρῶς.
931 1689 974 1803 Dict.
920 1833 972 1889 ΙΙ,
932 1919 973 1970 7:
930 2002 973 2046 in
916 2075 959 2216 regna
930 2243 959 2324 sua
929 2356 973 2605 hiematum
927 2634 973 2880 discedunt.

847 1279 903 1396 ****)
844 1426 903 1582 Epigr.
860 1613 903 1791 Anthol.
860 1822 902 1875 T.
858 1906 902 1964 II.
848 1995 886 2038 p.
860 2067 904 2170 657:

786 1528 830 1613 νῦν
788 1643 835 1777 ὀλοὸν
774 1805 831 1935 μηρῷ
787 1965 833 2149 κεύθων
773 2178 835 2333 βάρος,
788 2364 833 2441 οἷα
779 2470 834 2722 λιπόπνους

704 1642 763 1840 τήκεται,
703 1870 763 2059 ἐμψύχῳ
703 2088 762 2219 σαρκὶ
703 2250 762 2590 συνελκόμενος.
