5010 3336
2270 671 2314 676 -.-.
2334 672 2342 676 .
2360 671 2379 675 —
2393 672 2425 676 ---
2438 672 2544 677 -ψ-ψ-.
2560 664 2857 681 ,.‘,.;-----.,..‚.-„q„r
2877 675 2892 678 ,.
2908 674 2917 678 ‹
2962 676 2982 680 ,-
2998 676 3003 678 .
3041 676 3043 678 .

3910 2102 3972 2225 536

3781 1315 3829 1435 doro
3767 1484 3829 1564 (ΙΙ,
3768 1602 3823 1651 8,
3760 1689 3824 1779 2.).
3774 1848 3824 1900 ln
3771 1948 3822 2183 iudicium
3752 2232 3819 2577 Tlepolemum
3758 2621 3803 2846 vocatum
3753 2894 3789 3007 esse

3701 1315 3742 1364 et
3684 1402 3746 1581 capitis
3696 1634 3728 1854 caussam
3692 1907 3741 2092 dixisse
3690 2139 3721 2199 ex
3670 2246 3737 2423 fragm.
3682 2462 3733 2590 XlV.
3674 2627 3728 2788 Alcm.
3675 2826 3725 3007 intelli-

3604 1311 3667 1471 gitur,
3617 1511 3660 1561 et
3600 1596 3663 1840 praeierat
3613 1876 3661 1924 in
3611 1962 3660 2054 hac
3609 2089 3642 2143 re
3604 2178 3656 2459 Homerus:

3551 1447 3559 1510 —-
3548 1580 3555 1644 ——
3516 1713 3585 2001 οέπείλησαν
3514 2036 3579 2137 γάρ
3527 2177 3578 2229 οἱ
3524 2263 3574 2412 ἄλλοι

3445 1442 3507 1579 υἱέες
3452 1612 3505 1804 υἱωνοί
3450 1836 3483 1890 τε
3434 1927 3500 2043 βίης
3428 2070 3504 2429 Ἡρακληείης.

3362 1309 3427 1556 Hesychii
3358 1602 3420 1802 quidem
3369 1852 3415 2016 verbis
3367 2065 3413 2127 de
3364 2164 3405 2325 morte
3346 2361 3410 2610 Licymnii
3356 2645 3406 2833 nullum
3352 2871 3403 3003 inest

3282 1306 3346 1570 indicium3
3276 1623 3324 1786 neque
3288 1821 3332 1984 tamen
3285 2021 3334 2225 dubium
3282 2263 3315 2373 esse
3264 2408 3322 2601 potest,
3260 2652 3324 2768 quin
3259 2804 3317 3002 postre-

3217 1305 3249 1385 ma
3196 1423 3256 1656 corrupta
3210 1693 3258 1806 siut.

3133 1436 3182 1529 His
3116 1568 3175 1863 perpensis,
3127 1912 3174 1962 in
3124 2012 3173 2214 Diodori
3119 2250 3167 2526 narratione
3102 2563 3166 2670 (IV,
3099 2709 3162 2814 58.)
3096 2852 3146 2999 argu-

3053 1303 3097 1525 mentum
3049 1572 3097 1810 dramatis
3044 1865 3086 2111 servatum
3041 2160 3075 2271 esse
3023 2320 3085 2563 suspicor.
3021 2636 3082 2730 Qui
3032 2777 3064 2887 cum
3031 2936 3080 3000 de

2960 1301 3021 1470 priore
2967 1507 3020 1890 Heraclidarum
2963 1928 3011 2096 reditu
2947 2134 3007 2446 exposuisset
2956 2490 2997 2541 et
2939 2591 3003 2797 Hyllum
2951 2835 2994 2999 certa-

2894 1301 2942 1436 mine
2873 1484 2939 1720 singulari
2887 1770 2934 1886 inito
2867 1939 2932 2289 interfectum,
2863 2338 2925 2555 reliquos
2874 2606 2917 2771 autem
2871 2820 2921 2998 Trico-

2799 1298 2859 1533 rynthum
2805 1582 2853 1893 concessisse
2790 1944 2851 2227 docuisset,
2797 2265 2846 2391 haec
2794 2426 2843 2703 subiunxit:
2779 2740 2841 2903 ,μετὰ
2790 2940 2842 2997 δὲ

2721 1296 2765 1445 τινας
2713 1479 2777 1712 χρόνους
2708 1746 2773 2039 Λικύμνιος
2705 2075 2770 2204 μετὰ
2716 2238 2767 2345 τῶν
2714 2379 2765 2588 παίδων
2713 2620 2765 2708 καὶ
2696 2734 2761 2996 Τληπολέ-

2637 1295 2683 1405 μου
2646 1468 2691 1570 τοῢ
2629 1619 2701 1977 ἹΙρακλὲους,
2626 2042 2691 2300 ἑκουσίως
2633 2356 2683 2465 τῶν
2616 2509 2687 2761 Ἀργείων
2617 2797 2685 2993 αὐτοὺς

2549 1294 2617 1750 προςδεξαμένων,
2542 1789 2614 2048 ἐν”Αργει
2538 2082 2604 2412 κατῴκησαν.
2551 2488 2601 2554 Οἱ
2550 2589 2601 2645 δὲ
2547 2680 2596 2827 ἄλλοι
2546 2860 2597 2995 ποίν-

2477 1294 2520 1405 τες,
2484 1444 2537 1501 ἐν
2460 1547 2529 1901 Τρικορύνθῳ
2456 1938 2522 2377 κατοικήσαντες,
2460 2428 2520 2497 ὡς
2447 2543 2516 2995 πεντηκονταετὴς

2391 1291 2454 1486 χρόνος
2381 1533 2450 1747 διῆλθε,
2376 1793 2440 2067 κατῆλθον
2381 2103 2442 2175 είς
2372 2212 2438 2660 Πελοπόννησον·
2366 2728 2441 2992 Ἀλκμήνη

2314 1292 2374 1379 δὲ,
2310 1419 2371 1489 εἰς
2301 1529 2365 1709 Θήβας
2295 1745 2361 2105 κατοικήσασα
2308 2139 2360 2229 καὶ
2293 2265 2358 2394 μετὰ
2304 2429 2350 2598 ταῦτα
2288 2634 2351 2872 ἄφαντος
2286 2907 2334 2992 γε·

2223 1292 2291 1511 νομένη,
2220 1549 2281 1717 τιμῶν
2230 1755 2282 1988 ἰσοθέων
2211 2024 2278 2170 ἔτυχε
2212 2207 2276 2353 παρὰ
2214 2384 2270 2495 τοῖς
2206 2535 2272 2804 Θηβαίοις.
2209 2850 2277 2992 Τοὺς

2159 1290 2211 1348 δὲ
2143 1397 2205 1595 ἄλλους
2138 1649 2209 1999 ἹΙρακλείδας
2132 2048 2197 2214 φασὶν
2133 2266 2196 2521 ἐλθόντας
2127 2564 2188 2689 παρ’
2126 2738 2190 2992 Αἰγίμιον

2077 1289 2127 1385 τὸν
2058 1422 2123 1651 Δώρου,
2054 1700 2121 1797 τὴν
2053 1833 2117 2086 πατρῴαν
2048 2134 2111 2227 τῆς
2050 2261 2115 2437 χώρας
2044 2471 2110 2798 παραθήκην
2057 2833 2109 2991 ἅπαι-

1979 1284 2045 1575 τήσαντας,
1977 1624 2039 1754 μετὰ
1972 1803 2038 2065 Δωριέων
1966 2111 2030 2438 κατοικῆσαι.
1963 2532 2028 2877 Τληπόλεμον
1977 2931 2027 2989 δὲ

1913 1283 1965 1379 τὸν
1896 1396 1969 1752 ἹἸρακλέους,
1906 1791 1960 1849 ἐν
1889 1871 1961 2053 ’Ἀργει
1890 2083 1948 2472 κατοικοῦντα,
1885 2507 1951 2757 λέγουσιν
1896 2783 1948 2989 ἀνελεῖν

1816 1283 1881 1585 Λικύμνιον
1827 1621 1877 1715 τὸν
1808 1744 1880 2152 Ἠλεκτρυόνος,
1806 2209 1872 2455 ἐρίσαντα
1803 2503 1867 2623 περί
1806 2656 1848 2848 τινων,
1814 2899 1866 2988 διὰ

1751 1284 1804 1341 δὲ
1749 1400 1798 1496 τὸν
1732 1555 1797 1732 φόνον
1741 1778 1789 1977 τοῦτον
1728 2029 1792 2079 ἐξ
1724 2111 1796 2345 ’Ἄργους
1722 2393 1786 2639 φυγόντα
1724 2686 1785 2757 εἰς
1732 2799 1790 2987 Ῥόδον

1650 1280 1715 1648 κατοικῆσαι.”
1663 1732 1712 1877 Adde
1659 1930 1707 2153 eiusdem
1658 2205 1705 2317 libr.
1655 2355 1706 2415 V.
1656 2472 1687 2513 c.
1653 2552 1699 2629 59.
1652 2703 1701 2987 Immutavit

1587 1281 1631 1446 autem
1584 1486 1634 1730 Diodorus
1570 1768 1614 1854 ea,
1566 1892 1612 2019 quae
1579 2055 1626 2118 de
1576 2156 1626 2433 Alcumena
1573 2467 1621 2667 retulit:
1572 2706 1604 2817 nam
1571 2852 1621 2982 hanc

1507 1279 1540 1375 una
1506 1411 1538 1522 cum
1502 1559 1552 1840 Heraclidis
1500 1879 1547 1925 in
1482 1961 1547 2359 Peloponnesum
1478 2396 1542 2673 profectam
1492 2728 1540 2886 fuisse
1490 2934 1534 2986 et

1424 1278 1475 1542 interfecto
1422 1589 1471 1790 demum
1403 1838 1468 2099 Licymnio
1418 2135 1465 2196 ad
1415 2233 1463 2421 divinos
1412 2472 1462 2687 honores
1395 2724 1443 2817 per
1410 2850 1459 2982 Her-

1346 1276 1394 1440 culem
1342 1477 1386 1699 evectam
1340 1736 1373 1848 esse
1322 1885 1385 2109 pluribus
1335 2146 1367 2205 ex
1334 2240 1383 2437 indiciis
1316 2473 1381 2780 intelligitur.

1262 1408 1313 1641 I-Ierculis
1261 1679 1293 1741 ex
1243 1775 1307 2096 Astydameia
1255 2130 1298 2214 aut
1254 2249 1287 2311 ex
1237 2342 1301 2594 Astyocha
1250 2624 1298 2754 filius
1234 2789 1300 2978 Tlepo-

1186 1275 1236 1435 lemus
1183 1474 1226 1595 erat.
1182 1683 1230 1754 De
1162 1790 1227 2031 Licymnii
1175 2067 1217 2231 autem
1174 2265 1222 2363 vita
1173 2397 1220 2521 haec
1154 2557 1218 2745 scripta
1155 2779 1218 2978 reliquit

1090 1275 1154 1639 Apollodorus:
1099 1691 1149 1808 Fuit
1099 1853 1130 1914 ex
1083 1950 1145 2147 Midea,
1078 2202 1142 2418 Phrygia
1079 2464 1140 2700 muliere,
1092 2756 1138 2815 ab
1090 2852 1139 2978 Ele-

1009 1275 1067 1482 ctryoue
1021 1520 1069 1762 sublatus.
1016 1834 1066 1985 Cuius
1000 2021 1061 2220 genuini
1014 2254 1060 2343 filii
1013 2378 1044 2487 cum
1013 2525 1042 2552 a
1012 2586 1059 2801 Pterelai
997 2836 1059 2973 filiis,

929 1273 976 1434 pugna
926 1470 988 1763 commissa,
937 1800 971 1971 omnes
933 2008 982 2263 interfecti
920 2300 975 2483 essent,
916 2518 980 2808 Licymnius
913 2846 962 2971 spu-

850 1271 912 1403 rius,
848 1457 908 1588 quod
858 1640 901 1749 erat
855 1802 904 2063 etiamtum
838 2117 885 2270 puer,
853 2338 900 2474 solus
834 2540 892 2793 superstes
845 2846 891 2971 erat.

766 1271 833 1575 Electryone
778 1621 826 1787 occiso
761 1849 809 1998 quum
757 2051 821 2382 Amphitryon
772 2434 803 2462 a
769 2516 820 2754 Sthenelo
753 2811 815 2968 patria

688 1270 751 1567 pelleretur,
682 1625 747 1911 Licymnius
694 1963 726 2072 cum
678 2124 740 2234 ipso
676 2279 735 2428 atque
687 2479 740 2716 Alcmena
687 2764 738 2966 Thebas
