5010 3336
1633 3301 1641 3310 Α,
1618 3244 1649 3279 313-

1706 3290 1723 3297 ι
1685 3243 1727 3274 ll-

1764 3243 1807 3318 <iliis

1836 3244 1887 3323 irum

1925 3243 1971 3331 alul.

2018 3291 2044 3333 isi
2003 3242 2047 3273 ll}-

2081 3243 2126 3322 ωειιῐῖ

2163 3246 2207 3331 vinnm

2260 3309 2283 3320 ,l
2256 3254 2284 3290 ar-

2334 3312 2361 3321 ’.
2336 3254 2363 3297 nx<

2414 3306 2441 3327 ⁴²„
2414 3242 2443 3282 tam

2478 3240 2525 3305 ulta.

1061 2153 1114 2269 213

1210 2837 1257 2900 Ut
1208 2519 1256 2799 ridentibus
1205 2238 1260 2483 arrident,
1206 2126 1249 2201 ica
1202 1858 1262 2106 flentibus
1200 1640 1248 1822 adsunt

1288 2671 1336 2907 [lamani
1287 2441 1333 2641 vultus:
1284 2362 1329 2407 si
1284 2256 1330 2331 ve's
1298 2141 1327 2221 me
1282 1968 1340 2121 flere,
1279 1661 1326 1931 dolendum
1286 1554 1325 1624 esc

1367 2686 1414 2908 Primum
1366 2552 1428 2653 ipsi
1363 2400 1418 2522 cibi;
1368 2231 1408 2354 cunc
1366 2094 1406 2186 tua
1375 1967 1404 2046 me
1359 1649 1420 1933 infortunia
1356 1389 1415 1614 laedent,

1444 2688 1507 2906 Telephe
1443 2575 1489 2654 vel
1441 2353 1487 2539 Pelea:
1439 2182 1485 2317 male
1438 2106 1483 2150 si
1436 1823 1484 2073 mandata
1437 1551 1500 1787 loqueris,

1524 2806 1570 2912 Aut
1520 2490 1568 2767 dormitabo
1525 2363 1565 2453 azcc
1517 2104 1566 2329 ridebo.''

1601 2796 1665 3043 Euripidis
1600 2636 1646 2760 enim
1599 2318 1660 2588 tragoedias
1597 2226 1642 2284 ab
1595 1980 1642 2189 Horatio
1594 1747 1657 1930 respici
1591 1385 1638 1695 manifestum

1687 2951 1730 3041 est.
1679 2819 1725 2883 At
1693 2642 1737 2787 vero,
1677 2346 1738 2599 inquiunt,
1691 2207 1722 2301 non
1673 1949 1737 2171 querelas
1672 1702 1734 1914 Telephi
1670 1381 1732 1669 vituperavit

1757 2667 1821 3045 Aristophanes,
1755 2534 1801 2620 sed
1771 2294 1817 2497 precum
1752 1936 1798 2261 humilitatem
1751 1532 1810 1901 orationumque
1762 1382 1794 1497 con*

1838 2786 1887 3044 tentiones.
1833 2534 1882 2718 Audio:
1832 2411 1880 2496 sed
1831 2165 1894 2374 primum
1830 2052 1876 2129 his
1829 1897 1891 2017 ipsis
1829 1640 1890 1868 precibus
1826 1381 1874 1611 orationi-

1920 2856 1978 3043 busque
1915 2634 1960 2823 inerant
1911 2393 1974 2601 Telephi
1910 2112 1972 2357 querelae,
1914 2024 1955 2075 ut
1913 1854 1955 1990 recte
1906 1639 1953 1827 Horatii
1905 1379 1952 1611 iudicium

1993 2705 2057 3043 Aristophanis
1990 2384 2038 2679 accusationi
1989 2014 2052 2357 opposuerim3
1986 1803 2034 1979 deinde
1985 1516 2033 1778 absurdum
2000 1377 2031 1488 esse

2075 2931 2123 3043 dico
2073 2791 2120 2896 eius
2070 2572 2118 2755 offendi
2068 2202 2124 2535 orationibus,
2068 2072 2114 2148 cui
2071 1842 2129 2038 praeter
2064 1720 2111 1808 has
2063 1600 2123 1683 nil,
2079 1469 2124 1563 quo
2078 1377 2110 1431 se

2158 2826 2211 3040 tutetur,
2150 2550 2198 2775 relictum
2148 2436 2196 2514 sit.
2146 2232 2196 2369 Nihil
2162 1987 2209 2199 unquam
2145 1862 2192 1955 vile
2143 1485 2205 1826 Aristophanis
2143 1378 2188 1451 in—

2233 2916 2280 3041 vidia
2229 2505 2277 2874 mordacissima
2227 2307 2285 2459 rosit,
2231 2194 2273 2248 ut
2225 1849 2274 2139 Welckerus
2227 1656 2270 1789 tanto
2223 1376 2269 1609 maiorem

2312 2884 2358 3039 fuisse
2309 2708 2355 2852 huius
2307 2394 2371 2673 tragoediae
2305 2167 2352 2358 laudem
2309 1868 2366 2130 oportere,
2307 1637 2363 1813 quanto
2301 1379 2361 1603 frequen-

2392 2943 2439 3041 tius
2390 2824 2436 2908 isti
2387 2381 2450 2791 opportunitatem
2383 2152 2431 2346 ridendi
2382 1901 2438 2118 dederit,
2382 1591 2429 1864 rectissime
2380 1375 2427 1556 iudica-

2470 2915 2517 3039 verit
2466 2822 2529 2891 Ὀ.
2466 2617 2512 2751 ldem
2466 2519 2511 2581 de
2471 2340 2527 2484 poeta
2464 2171 2526 2305 ipso,
2478 1972 2525 2113 quem
2460 1627 2523 1936 perstringit,
2462 1374 2506 1589 statuen—

2548 2921 2595 3036 dum
2551 2795 2593 2885 est.
2545 2577 2591 2723 Certe
2543 2272 2605 2526 Telephus
2541 1991 2604 2235 Euripidis
2545 1820 2587 1956 tanto
2555 1620 2587 1787 omnes
2539 1373 2599 1584 reliquo-

2642 2929 2675 3036 rum
2630 2641 2688 2892 poetarum
2622 2344 2684 2595 Telephos
2621 2118 2683 2300 gloriae
2619 1811 2682 2074 splendore
2617 1491 2681 1765 superavit,
2621 1372 2672 1443 ut,

2721 2889 2768 3036 quum
2704 2724 2750 2853 illius
2700 2292 2763 2688 frequentissima
2700 2076 2745 2257 mentio
2699 1946 2754 2039 sit,
2714 1761 2758 1909 quum
2696 1586 2743 1727 multi
2696 1371 2759 1553 passim

2798 2866 2831 3036 versus
2782 2606 2839 2830 citentur,
2796 2422 2843 2569 quum
2795 2366 2825 2393 a
2778 2120 2841 2342 pluribus
2777 1772 2840 2093 scriptoribus
2776 1688 2823 1750 de
2778 1369 2837 1654 argumento

2864 2743 2920 3033 doceamur,
2860 2513 2907 2687 horum
2866 2269 2922 2467 praeter
2856 2030 2903 2222 nomina
2855 1916 2902 1996 vix
2855 1618 2917 1881 quidquam
2869 1369 2901 1581 comme—

2946 2795 2989 3034 moratum
2939 2476 2987 2760 inveniatur.
2936 2172 2992 2410 Accedit,
2935 1994 2998 2123 quod
2934 1660 2982 1949 nobilissimi
2933 1367 2981 1612 Romano-

3036 2926 3069 3033 rum
3024 2700 3083 2891 poetae,
3018 2477 3066 2664 Ennius
3024 2298 3078 2442 atque
3016 2082 3073 2262 Attius,
3014 1919 3061 2046 illius
3029 1760 3076 1883 opus
3013 1533 3075 1732 dignum
3027 1367 3072 1497 esse,

3099 2904 3162 3031 quod
3098 2486 3159 2855 interpretando
3096 2112 3142 2436 Romanorum
3094 1858 3140 2061 notitiae
3091 1534 3152 1812 traderent,
3106 1367 3138 1480 cen—

3181 2818 3225 3031 suerunt.
3176 2560 3236 2746 Quibus
3175 2383 3222 2528 rebus
3174 2151 3221 2335 sactum
3178 2005 3231 2102 est,
3177 1906 3219 1959 ut
3171 1646 3233 1859 singulas
3170 1364 3217 1597 dramatis

3262 2847 3319 3029 parteS,
3254 2644 3316 2810 quales
3254 2409 3310 2607 fuerint,
3268 2076 3312 2371 cognoscere
3251 1789 3313 2049 possimus,
3250 1586 3311 1717 Quas
3250 1363 3311 1561 quidem

3335 2955 3382 3027 sic
3338 2619 3395 2919 comparatas
3332 2428 3377 2581 fuisse
3332 2062 3393 2390 intelligimus,
3334 1972 3376 2025 ut
3344 1770 3376 1936 omnes
3334 1694 3375 1743 et
3344 1500 3376 1665 rerum
3344 1362 3390 1471 gra-

3414 2720 3461 3028 vissimarum
3411 2324 3459 2683 discriminibus
3410 1923 3471 2275 inopinatisque
3408 1643 3454 1889 eventibus
3413 1555 3453 1606 et
3407 1362 3452 1520 consi-

3494 2850 3540 3027 liorum
3491 2481 3553 2814 magnitudine
3497 2302 3551 2445 atque
3488 2070 3535 2266 audacia
3492 1984 3534 2032 et
3486 1692 3533 1956 effectuum
3484 1360 3532 1666 vehementia

3573 2965 3620 3027 ad
3576 2735 3618 2919 metum
3571 2613 3617 2691 vel
3570 2201 3615 2561 miserationem
3567 2090 3613 2164 vel
3565 1686 3612 2052 admirationem
3564 1358 3611 1649 movendam

3650 2744 3715 3026 aptissimae
3652 2537 3698 2716 essent.
3650 2378 3695 2467 His
3647 2227 3693 2351 adde
3661 1882 3707 2201 personarum
3645 1566 3707 1845 dignItatem
3647 1490 3689 1539 et
3643 1359 3689 1461 ‹lis-

3730 2720 3795 3026 putationum
3728 2322 3783 2681 contentiones,
3727 2010 3784 2286 verborum,
3730 1920 3771 1973 ut
3740 1799 3786 1886 par
3728 1658 3782 1763 est,
3722 1358 3769 1621 luminibus

3810 2572 3869 3024 sententiarumque
3806 2238 3854 2538 acuminibus
3805 1924 3862 2201 distinctas,
3808 1836 3850 1885 et
3818 1612 3850 1799 morum
3802 1511 3848 1573 ad
3801 1360 3863 1476 phi-

3888 2770 3951 3023 losophiae
3893 2472 3950 2737 praecepta
3885 2012 3933 2424 conformatorum
3882 1742 3945 1975 exempla.
3883 1480 3942 1672 Quanto
3897 1358 3927 1443 aua

3973 2920 4014 3020 tem
3968 2765 4013 2887 haec
3972 2592 4014 2729 erant
3966 2295 4029 2547 graviora,
3964 1970 4022 2245 severiora,
3962 1536 4019 1924 admirabiliora,
3963 1358 4006 1489 tanto

4046 2836 4093 3018 certius
4046 2650 4093 2803 risum
4047 2341 4095 2599 movebant
4060 2258 4090 2285 a
4043 2016 4091 2203 comico
4042 1922 4090 1982 ad
4041 1646 4090 1887 deformia
4052 1357 4103 1599 pravaque

4210 2914 4264 2963 *)
4210 2714 4254 2882 Welck.
4225 2638 4264 2681 p.
4208 2511 4250 2607 491.
