5010 3336
1928 3267 1957 3300 ,νε-

1018 2125 1072 2237 167

1182 2886 1230 3015 tibus
1179 2611 1231 2851 haustam,
1168 2237 1221 2576 Philochorus7
1166 2145 1208 2199 ut
1160 1913 1213 2117 videtur,
1152 1740 1200 1874 linxit
1150 1589 1212 1718 apud
1146 1350 1193 1563 Gellium

1258 2905 1316 3017 XV,
1260 2769 1314 2869 20„
1255 2598 1301 2732 cuius
1249 2414 1296 2564 verba
1245 2258 1290 2379 llaec
1242 2087 1286 2223 stunt:
1233 1776 1296 2051 „Mulieres
1229 1632 1276 1737 sere
1241 1430 1273 1597 omnes
1224 1346 1269 1393 in

1338 2779 1387 3010 maiorem
1332 2546 1381 2742 modum
1340 2336 1374 2510 exosus
1320 2143 1367 2301 fuisse
1314 1890 1371 2109 videtur,
1312 1739 1357 1840 sive
1307 1563 1369 1693 quod
1309 1344 1351 1514 natura

1414 2758 1466 3011 abhorruit
1430 2683 1459 2710 a
1409 2386 1458 2641 mulierum
1403 2189 1447 2333 coetu
1396 2037 1442 2138 sive
1389 1823 1454 1987 qnod
1390 1620 1434 1776 duas
1397 1341 1432 1573 uxores

1496 2663 1551 3011 habuerat,
1503 2510 1535 2616 cnm
1483 2413 1529 2462 id
1481 2158 1527 2359 decreto
1474 2050 1520 2107 ab
1467 1632 1519 2013 Atheniensibus
1464 1447 1509 1581 facto
1463 1338 1508 1411 ius

1580 2859 1633 3008 esset,
1586 2622 1635 2823 quarum
1559 2294 1612 2587 matrimonii
1572 2148 1604 2257 eum
1546 1743 1616 2114 pertaedebat.”
1540 1335 1591 1675 Nobilissimas

1671 2854 1717 3005 saepe
1668 2742 1697 2797 ac
1641 2327 1711 2694 potentissimas
1638 2105 1685 2279 domus
1630 1839 1679 2058 binarum
1639 1585 1673 1788 uxorum
1619 1336 1667 1549 aemula—

1735 2872 1782 3005 tione
1742 2627 1777 2819 eversas
1738 2466 1771 2577 esse
1717 2154 1781 2417 Euripides
1709 1886 1775 2107 pluribus
1704 1673 1753 1850 sabulis
1701 1334 1747 1635 demonstra⁴

1814 2912 1871 3006 vit,
1823 2662 1873 2863 quarum
1800 2291 1864 2625 antiquissima
1794 2087 1841 2244 fuisse
1790 1960 1836 2043 Ino
1785 1698 1833 1914 videtur:
1777 1330 1843 1643 quamobrem

1894 2866 1940 3001 illum
1883 2511 1935 2817 commisisse
1878 2336 1942 2465 quod
1873 1959 1939 2285 perniciosum
1882 1814 1913 1925 esse
1860 1591 1926 1779 pridem
1860 1450 1920 1555 ipse
1856 1327 1902 1415 do—

1972 2802 2027 3001 cuisset,
1964 2573 2013 2767 minime
1956 2276 2007 2539 verisimile
1957 2153 2002 2242 est.
1950 1853 1997 2083 Ceterum
1943 1770 1989 1818 in
1936 1449 1988 1736 Philochori
1932 1323 1995 1423 (vel

2048 2782 2114 3000 quisquis
2044 2664 2090 2748 ille
2038 2510 2099 2629 suit)
2037 2198 2082 2474 commento
2030 2069 2076 2164 hoc
2030 1946 2074 2023 est
2022 1756 2079 1901 boni,
2017 1578 2081 1706 quod
2013 1321 2062 1524 crimine

2124 2771 2178 2999 adulterii
2121 2607 2186 2741 prior
2112 2321 2177 2573 Euripidis
2126 2164 2159 2285 uxor
2110 1965 2155 2131 vacat:
2103 1728 2149 1932 aliorum
2098 1563 2144 1690 enim
2107 1319 2157 1534 quorun-

2211 2884 2257 2995 dam
2204 2648 2252 2848 testium
2194 2406 2244 2596 indiciis
2191 2212 2254 2368 stupri
2203 2086 2236 2179 non
2185 1892 2231 2050 minus
2180 1773 2225 1857 illa
2193 1596 2239 1738 quam
2171 1316 2236 1563 posterior

2283 2661 2337 2995 insimulatum
2276 2548 2323 2614 cf.
2273 2402 2321 2511 cod.
2269 2132 2317 2367 Mediol.:
2261 1876 2327 2083 λέγουσι
2255 1783 2307 1839 δὲ
2252 1585 2304 1747 αὐτὸν
2251 1313 2315 1552 γήμαντα

2364 2896 2429 2993 τὴν
2356 2515 2423 2861 Μνησιλόχου
2348 2215 2414 2485 θυγατέρα
2341 1865 2405 2177 Χοιρίλλαν,
2336 1741 2386 1829 καὶ
2332 1442 2397 1708 νοήσαντα
2325 1312 2391 1409 τὴν

2439 2704 2494 2988 ἀκολασίαν
2435 2478 2499 2653 αὐτῆς,
2430 2229 2494 2429 γράψαι
2425 2127 2474 2184 τὸ
2423 1906 2485 2080 δρᾶμα
2416 1768 2466 1862 τὸν
2408 1404 2467 1731 Ἱππόλυτον,
2405 1310 2456 1367 ἐν

2514 2945 2590 2986 ᾧ
2521 2815 2587 2911 τὴν
2513 2408 2579 2780 ἀναισχυντίαν
2504 2066 2572 2375 θριαμβεύετ
2503 1930 2551 2035 τῶν
2495 1602 2563 1899 γυναικῶν,
2491 1393 2541 1568 ἔπειτα
2485 1309 2537 1365 δὲ

2600 2568 2664 2985 ἀποπέμπεσθαι.
2590 2234 2654 2498 Λέγοντος
2584 2129 2635 2183 δὲ
2586 1991 2633 2087 τοῦ
2580 1676 2645 1942 γήμαντος
2569 1433 2635 1626 αὐτὴν,
2564 1306 2615 1384 ὅτι

2682 2712 2746 2983 σωφρονεῖ
2676 2560 2738 2681 παρ’
2670 2390 2734 2519 guod„
2669 2095 2731 2352 δύστηνος
2658 1998 2723 2059 εἶ,
2660 1844 2723 1961 ἔφη,
2656 1763 2706 1804 εἰ
2654 1500 2718 1729 γυναῖκα
2648 1304 2705 1475 δοκεῖς

2766 2865 2829 2985 παρ’
2751 2776 2826 2815 ᾧ
2756 2633 2821 2726 μὲν
2754 2502 2819 2598 τὴν
2748 2301 2814 2466 αὐτὴν
2744 1948 2809 2265 σωφρονεῖν,
2739 1793 2802 1913 παρ’
2725 1714 2801 1753 ᾧ
2731 1623 2783 1678 δὲ
2730 1505 2796 1589 μή.
2722 1304 2776 1445 'Em-

2848 2818 2912 2983 γῆμαι
2838 2728 2890 2784 δὲ
2834 2529 2887 2691 αὐτὸν
2828 2226 2892 2494 δευτέρανῆ
2827 2124 2891 2191 ἢν
2822 1929 2886 2097 εὑρὼν
2811 1465 2875 1900 ἅκολαστοτὲραν,
2823 1302 2870 1429 προᾗ

2920 2677 2992 2980 χειροτὲρως
2916 2572 2974 2642 εἰς
2911 2443 2978 2538 την
2909 2279 2962 2409 κατὰ
2909 2146 2957 2252 τῶν
2902 1850 2971 2121 γυναικῶν
2890 1484 2961 1825 βλασφημίαν
2887 1299 2951 1458 ἐθρα-

3006 2772 3056 2977 σύνετο.
2998 2526 3048 2703 Suidas
3000 2445 3042 2495 et
2992 2131 3053 2421 Moschop.:
2981 1753 3045 2093 ἀπωσάμενος
2975 1675 3026 1728 δὲ
2972 1442 3034 1657 ταύτην,
2967 1296 3032 1406 ἔσχε

3084 2887 3137 2975 καὶ
3079 2578 3144 2852 δευτέραν,
3072 2439 3125 2526 καὶ
3069 2203 3133 2396 ταύτης
3065 1968 3131 2162 ὁμοίως
3058 1627 3111 1922 ἀκολάστου
3046 1292 3112 1578 πειραθείς,

3160 2650 3233 2971 μεταναστὰς
3154 2520 3205 2605 ἀπ’
3152 2228 3217 2471 Ἀθηνῶν
3143 2053 3213 2183 ἦλθε
3143 1862 3206 1993 πρὸς
3134 1526 3203 1821 Ἀρχέλαον.
3128 1290 3179 1449 Alteri

3248 2830 3295 2969 uxori
3258 2622 3291 2795 nomen
3232 2346 3284 2585 Μελιττώ
3232 2190 3278 2309 snit:
3235 1928 3275 2146 ceterum
3228 1712 3270 1878 utrum
3222 1554 3264 1665 aute
3208 1290 3258 1517 Clioeril«

3328 2874 3374 2966 lam
3340 2779 3370 2838 an
3324 2630 3384 2744 post
3318 2468 3363 2597 illam
3330 2374 3359 2431 an
3327 2234 3358 2328 una
3310 2140 3354 2188 in
3302 1783 3353 2091 matrimonio
3298 1573 3344 1741 habita
3292 1432 3349 1523 sit,
3302 1288 3334 1383 non

3408 2771 3455 2966 constat
3399 2678 3464 2746 *).
3397 2404 3442 2605 Certum
3396 2208 3438 2367 autem
3390 2095 3433 2169 est
3384 2011 3429 2060 id
3397 1799 3437 1976 unum,
3372 1486 3423 1763 Choerillae
3365 1286 3415 1453 matri-

3484 2801 3533 2965 monio
3494 2626 3528 2767 usum
3492 2465 3523 2577 esse
3488 2359 3518 2415 eo
3475 2088 3529 2310 tempore
3459 1721 3523 2038 Euripidem,
3468 1574 3516 1670 quo
3448 1285 3495 1528 Thesmo-

3563 2644 3628 2964 phoriazusas
3554 2437 3603 2605 docuit
3547 2030 3610 2403 Aristophanes,
3542 1946 3587 1995 id
3542 1833 3586 1910 est
3537 1720 3582 1796 ()l.
3532 1553 3588 1693 92‚3.
3525 1283 3575 1533 311110414.

3642 2816 3692 2963 Unde
3640 2617 3687 2780 statim
3631 2331 3683 2570 mendacii
3627 2019 3689 2282 arguuntur
3620 1903 3682 1983 qui
3618 1743 3663 1870 illius
3610 1457 3659 1708 libidinem
3622 1280 3652 1419 caus·

3740 2854 3771 2957 sam
3720 2653 3767 2808 fuisse
3710 2350 3778 2607 Hippolyti
3705 2107 3754 2300 fabulae
3696 1772 3747 2061 scribendae
3690 1436 3739 1723 retulerunt.
3685 1280 3732 1354 An

3799 2720 3851 2955 credibile
3803 2621 3845 2699 est
3811 2468 3853 2592 eam,
3804 2314 3853 2438 quae
3787 2188 3833 2283 iam
3782 2029 3830 2157 circa
3778 1940 3826 2015 01.
3779 1843 3824 1922 87.
3771 1664 3835 1823 stupri
3768 1416 3817 1635 convicta
3763 1279 3811 1401 fuis>

3886 2860 3941 2952 set,
3882 2587 3927 2827 retentam
3874 2490 3920 2539 in
3864 2142 3918 2453 matrimonio
3876 1996 3909 2106 esse
3858 1900 3905 1961 ad
3854 1788 3900 1865 01.
3850 1643 3900 1764 92⁶3
3848 1502 3895 1577 An
3844 1275 3893 1466 Aristou

3962 2742 4026 2951 phanem
3957 2640 4002 2691 iu
3970 2523 4000 2579 ea
3947 2197 4003 2478 comoedia,
3957 2052 4005 2149 qna
3935 1806 3986 2008 summis
3927 1509 3979 1758 calumniis
3928 1274 3987 1463 patrem

4130 2834 4179 2871 *)
4125 2735 4166 2802 Cf.
4123 2510 4163 2703 Gellium
4120 2442 4159 2471 l.
4118 2351 4166 2409 l.‚
4112 2092 4155 2314 Thomam
4107 1973 4157 2063 M,
4101 1749 4146 1935 Suidam
4095 1431 4148 1710 reliquosque
4088 1269 4129 1387 vitae

4193 2559 4248 2803 scriptores.
