5010 3336
1150 2107 1206 2227 277

1302 2929 1349 2988 ad
1300 2714 1347 2895 inferos
1297 2398 1352 2668 rediturus,
1297 2260 1343 2351 hac
1293 1954 1341 2213 Laodamia
1292 1794 1339 1921 inter
1288 1540 1338 1761 Bacchici
1288 1348 1336 1506 cultus

1381 2672 1427 2989 instrumenta
1376 2405 1438 2626 languida
1376 2315 1421 2361 in
1374 2113 1429 2271 lecto,
1375 1808 1435 2066 praesente
1374 1603 1433 1762 patre,
1368 1346 1415 1541 exhibe-

1464 2892 1515 2986 tur,
1458 2710 1505 2855 ctiam
1457 2627 1504 2674 in
1470 2426 1503 2592 museo
1453 2340 1500 2391 P.
1452 2069 1499 2303 Clement.
1450 1973 1500 2033 T.
1448 1881 1498 1937 V.
1450 1746 1500 1842 tab.
1451 1632 1496 1707 19.
1453 1552 1495 1602 et
1449 1445 1494 1521 18.
1447 1348 1493 1419 in-

1540 2719 1586 2986 veniuntur.

1841 2405 1894 2472 D.
1837 1839 1910 2318 Scyriae.

1998 2480 2062 2854 Tragoediarum
2010 2232 2043 2435 numero
1995 2098 2041 2192 hoc
1993 1887 2040 2051 drama
1993 1637 2040 1854 habitum
2007 1490 2040 1602 esse
1991 1341 2038 1456 Ovi-

2090 3259 2122 3331 nm-
2083 2873 2130 2982 dius
2082 2637 2127 2841 testatur
2075 2455 2124 2605 Trist.
2075 2358 2132 2417 11,
2076 2201 2120 2323 409:

2157 2721 2219 2853 „Est
2162 2634 2204 2683 et
2157 2546 2203 2599 in
2155 2281 2203 2510 obscenos
2152 2043 2213 2246 deflexa
2151 1715 2216 2004 Tragoedia
2151 1550 2197 1681 risus

2234 2450 2299 2718 Multaque
2233 2143 2298 2419 praeteriti
2232 1960 2279 2114 verba
2230 1718 2295 1931 pudoris
2228 1538 2276 1685 habel
2248 1499 2275 1516 :

2315 2736 2365 2849 Nec
2322 2561 2363 2705 nocet
2314 2307 2371 2521 auctori,
2312 2076 2359 2271 mollem
2312 1954 2375 2040 qui
2311 1802 2371 1934 fecit
2309 1510 2356 1764 Achillem

2395 2447 2457 2722 Irqs'regisse
2394 2311 2439 2415 suis
2393 2121 2454 2291 sortia
2392 1944 2453 2100 facta
2388 1701 2435 1910 modis.”

2475 2775 2539 2979 Propius
2478 2567 2520 2729 tamen
2473 2460 2518 2519 ad
2470 2108 2517 2407 comoediam
2467 1777 2514 2046 accessisse
2481 1654 2512 1714 ex
2464 1337 2525 1607 fragmento

2568 3258 2617 3327 ‘5¹³¹st
2556 2825 2618 2981 primo
2552 2494 2613 2792 intelligitur.
2548 2100 2609 2427 Quamobrem
2548 2009 2593 2054 ei
2545 1812 2608 1978 generi
2544 1664 2590 1781 illud
2542 1335 2600 1629 adscribere,

2633 2851 2697 2979 quod
2632 2599 2679 2809 medium
2629 2392 2674 2546 locum
2630 2220 2673 2345 inter
2627 1941 2689 2174 tragicum
2624 1537 2684 1893 satyricumque
2626 1335 2667 1504 tenens

2713 2875 2759 2980 vice
2711 2701 2757 2841 huius
2714 2384 2770 2664 usurpatum
2707 2268 2761 2347 sit,
2720 2141 2751 2232 non
2704 1817 2750 2106 dubitamus.

2849 3160 2855 3162 Ι
2788 2520 2851 2847 Reliquiarum
2790 2352 2832 2482 tanta
2789 2242 2830 2317 est
2783 1977 2846 2207 paucitas,
2786 1870 2839 1941 ut,
2780 1745 2827 1835 nisi
2779 1528 2826 1709 Statius
2778 1335 2823 1495 lumen

2866 3160 2890 3167 ‘¹
2869 2678 2925 2981 accenderet,
2868 2580 2913 2641 de
2863 2211 2926 2545 cognoscenda
2861 1914 2924 2178 argumenti
2858 1498 2906 1879 conformatione
2856 1331 2919 1473 plane

2946 2626 3010 2979 desperandum
2949 2445 2991 2589 esset.
2941 2281 2989 2377 Sed
2942 2110 2988 2237 hunc
2939 1812 3002 2061 Euripidis
2936 1457 3000 1765 potissimum
2950 1333 2981 1413 ve-

3078 3291 3081 3294 *
3075 3160 3087 3162 ,
3027 2822 3088 2978 stigiis
3026 2556 3072 2789 institisse
3024 2414 3069 2524 inde
3021 2150 3082 2379 colligere
3020 1984 3078 2116 licet,
3018 1824 3081 1948 quod
3023 1567 3079 1786 stuprum
3013 1331 3076 1530 virginis

3133 3271 3161 3331 -w
3105 2677 3168 2978 lepidissime
3102 2375 3160 2643 exornavit,
3116 2185 3162 2325 quam
3103 1948 3161 2135 partem
3114 1839 3144 1899 ne
3096 1570 3157 1790 tetigisse
3093 1330 3156 1522 quidem

3185 2788 3232 2977 videtur
3181 2468 3244 2754 Sophocles,
3180 2299 3226 2431 cuius
3194 2143 3241 2262 opus
3179 2026 3239 2107 qui
3177 1703 3223 1991 adumbrare
3174 1481 3231 1669 volent,
3172 1332 3234 1434 Hy-

3263 2879 3325 2976 gini
3261 2525 3307 2846 narrationem
3258 2352 3318 2486 sequi
3258 2058 3303 2314 debebunt.
3257 1867 3303 1987 Cum
3256 1679 3301 1830 Statio
3257 1483 3299 1644 autem
3251 1330 3297 1448 Phi-

3343 2746 3388 2973 lostratus
3339 2624 3386 2709 lm.
3338 2552 3382 2587 I.
3354 2468 3399 2515 p.
3340 2322 3382 2430 8:32.
3342 2232 3382 2285 ut
3336 1931 3397 2184 plurimum
3334 1627 3380 1882 consentit.
3332 1453 3377 1560 Hoc
3330 1329 3376 1419 mi-

3410 3157 3466 3169 l·
3435 2868 3478 2973 nus,
3419 2719 3478 2830 quin
3417 2563 3462 2681 haec
3431 2339 3477 2527 quoquc
3430 2246 3459 2303 ex
3414 1975 3474 2209 Euripide
3414 1771 3458 1944 hausta
3412 1626 3467 1737 sint,
3409 1408 3454 1589 dubito.

3496 2582 3545 2843 Videamus
3495 2374 3556 2544 igitur,
3492 2088 3553 2327 quomodo
3492 1920 3538 2039 haec
3490 1675 3536 1885 narratio
3489 1580 3534 1639 ad
3487 1328 3533 1544 actiones

3578 2816 3641 2970 possit
3574 2538 3622 2769 revocari.

3656 2628 3703 2842 Primum
3655 2362 3715 2583 prodisse
3652 2086 3714 2314 Ulyssem
3655 1842 3715 2050 oportet.
3650 1717 3695 1761 ls
3649 1557 3694 1681 enim
3644 1328 3691 1522 Troiam

3736 2652 3799 2968 proficiscens
3734 2557 3779 2617 ad
3734 2317 3795 2521 Scyrum
3733 2080 3778 2281 insulam
3747 1875 3777 2041 navem
3729 1578 3792 1847 applicavit,
3724 1442 3781 1541 ubi,

3811 2582 3876 2841 „Hospita
3829 2485 3859 2548 ne
3813 2290 3859 2451 subilo
3817 2006 3858 2255 terrerent
3811 1769 3857 1969 moenia
3813 1571 3865 1732 coctu,

3892 2661 3956 2839 Puppe
3891 2491 3939 2628 iubet
3908 2190 3939 2457 remanere
3891 1995 3949 2157 suos'‚'⁷

3974 2859 4035 2967 ipse
3972 2767 4017 2827 ad
3971 2587 4017 2731 aedes
3972 2397 4032 2551 regias
3988 2307 4017 2360 se
3970 2053 4017 2271 contulit.
3970 1890 4015 1986 Uni
3982 1796 4014 1856 ex
3966 1619 4013 1761 sociis
3960 1324 4017 1580 mandavit,

4054 2895 4109 2966 ut,
4051 2778 4096 2860 ubi
4055 2552 4113 2745 tempus
4055 2357 4106 2515 esset,
4050 2060 4106 2302 calathos,
4049 1892 4095 2024 colos
4047 1672 4107 1857 aliaque
4044 1321 4089 1639 instrumenta
4038 799 4095 837 j

4129 2710 4175 2965 mulierum
4145 2615 4175 2675 ex
4145 2463 4176 2581 nave
4128 2274 4176 2429 ferret
4136 2092 4190 2240 utque
4143 1928 4174 2059 arma
4131 1846 4173 1894 et
4126 1592 4188 1812 clypeum
4121 1496 4166 1555 iis
4118 1321 4165 1459 donis
4119 754 4182 837 3¹ss'

4207 2669 4269 2963 adiungeret.
4209 2510 4255 2602 His
4209 2349 4255 2475 enim
4208 2125 4257 2314 auxiliis
4206 1839 4255 2075 Achillem
4205 1668 4252 1796 inter
4199 1435 4264 1620 puellas
4197 1323 4243 1390 la=
4168 796 4292 836 l>
4217 751 4237 756 ³

4291 2781 4336 2964 tentem
4287 2468 4336 2747 detecturus
4292 2343 4338 2431 est.
4269 788 4289 821 'v'
4275 749 4284 755 *

3474 3164 3478 3167 ,
3518 3156 3629 3167 ,stu-..⁷
3648 3156 3724 3163 Q
