5010 3336
1933 3253 1977 3311 pam

2091 3305 2122 3328 n
2080 3252 2124 3291 ni

2157 3252 2204 3298 Mi-

1141 2111 1199 2230 457

1297 2769 1345 2858 His
1295 2483 1343 2734 transactis
1295 2229 1340 2450 venatum
1304 2109 1336 2194 rex
1302 1967 1334 2074 cum
1282 1676 1332 1929 comitibus
1275 1519 1340 1643 abit3
1277 1351 1328 1484 The-

1378 2846 1426 2989 misto
1381 2655 1422 2812 autem
1373 2462 1419 2621 statim
1371 2330 1416 2427 fide
1373 2258 1415 2306 et
1367 2034 1414 2231 consilio
1365 1789 1427 2007 captivae
1363 1698 1409 1764 uti
1361 1621 1408 1679 ad
1360 1348 1425 1600 perficien—

1459 2878 1504 2988 dam
1470 2740 1501 2843 rem
1468 2515 1513 2704 gravem
1455 2167 1507 2478 atrocemque
1444 1866 1492 2132 constitnit.
1443 1737 1489 1802 Et
1440 1494 1505 1702 primum
1438 1348 1500 1459 qui-

1536 2879 1583 2988 dem
1534 2781 1580 2843 de
1532 2578 1579 2748 iniuria
1531 2456 1577 2542 viri
1524 2083 1587 2422 conqueritur,
1523 1869 1583 2046 quippe
1536 1691 1583 1833 quem
1534 1548 1565 1655 cum
1518 1347 1575 1511 Inone,

1629 2834 1675 2987 nuper
1613 2600 1668 2809 inventa,
1610 2444 1656 2564 clam
1602 2028 1653 2420 consuetudinem
1600 1822 1646 2002 habere
1598 1578 1645 1799 audierit.
1597 1347 1657 1526 Quam-

1692 2819 1738 2987 obrem
1694 2730 1737 2784 ut
1695 2644 1736 2694 et
1704 2477 1750 2611 spem
1684 2246 1731 2429 reditus
1679 1984 1727 2200 aemulae
1683 1887 1724 1938 et
1692 1625 1724 1846 caussam
1674 1343 1723 1583 fovendae

1770 2884 1817 2987 eius
1769 2677 1815 2847 marito
1767 2453 1830 2641 eripiat,
1763 2241 1810 2418 liberos
1760 2103 1807 2205 eius
1757 2016 1805 2077 de
1755 1824 1803 1983 medio
1756 1626 1803 1798 tollere
1754 1343 1803 1604 constituit.

1846 2914 1895 2988 De
1863 2775 1908 2867 qua
1846 2507 1893 2732 dramatis
1846 2316 1906 2453 parte
1840 2143 1887 2264 haec
1835 1939 1883 2094 refert
1834 1644 1897 1893 Hyginus:
1832 1339 1892 1563 „Resciit

1924 2731 1973 2985 Themisto
1940 2580 1972 2684 eam
1923 2288 1969 2528 inventam
1933 2101 1976 2241 esse,
1915 1963 1962 2050 sed
1929 1806 1976 1930 quae
1917 1638 1960 1772 esset
1912 1338 1960 1605 nesciebat.

2003 2809 2067 2983 Coepit
2004 2654 2050 2776 velle
2003 2495 2049 2621 filios
2001 2357 2049 2461 eius
2013 2146 2046 2332 necare.
1993 1985 2041 2075 Rei
1993 1695 2046 1949 consciam,
2007 1517 2054 1658 quam
1990 1340 2054 1493 capti—

2098 2877 2130 2986 vam
2098 2735 2131 2842 esse
2082 2445 2139 2700 credebat,
2080 2243 2142 2394 ipsam
2076 2012 2122 2205 {nonem
2071 1807 2119 1978 sumsit
2076 1712 2118 1763 et
2070 1556 2118 1680 dixit
2070 1445 2129 1523 ei,
2073 1338 2116 1393 ut

2162 2858 2209 2985 filios
2177 2711 2209 2823 suos
2160 2459 2208 2675 candidis
2155 2129 2205 2426 vestimentis
2151 1839 2213 2084 operiret,
2149 1628 2197 1791 Inonis
2150 1455 2196 1581 filios
2148 1338 2195 1412 ni-

2240 2834 2303 2985 griS.’'
2240 2535 2301 2766 Idemque
2239 2348 2283 2499 altero
2236 2176 2281 2311 loco:
2230 1808 2292 2127 „Themistm
2228 1604 2289 1763 quod
2244 1489 2275 1554 se
2227 1338 2275 1445 Ino

2318 2674 2381 2983 coniugio
2318 2293 2380 2641 privasset,
2312 2133 2358 2257 filios
2310 1997 2357 2100 eius
2307 1683 2355 1961 interficere
2307 1491 2355 1651 voluit.
2306 1335 2354 1431 lta-

2415 2887 2461 2981 que
2399 2796 2445 2854 in
2397 2587 2460 2762 regia
2395 2357 2441 2553 latuit
2391 2138 2449 2322 clam,
2394 2036 2436 2086 et
2387 1684 2435 1992 occasionem
2390 1490 2445 1657 nacta,
2401 1334 2434 1443 cum

2480 2786 2539 2982 putaret
2492 2701 2523 2753 se
2475 2446 2522 2668 inimicae
2477 2276 2519 2413 natos
2468 1920 2526 2241 interfecisse,
2482 1772 2514 1885 suos
2465 1457 2529 1739 imprudens
2480 1331 2512 1422 oc—

2554 2848 2612 2979 cidit,
2570 2787 2600 2812 a
2554 2518 2602 2762 nutrice
2554 2272 2613 2492 decepta,
2548 2089 2611 2244 quod
2548 1971 2593 2063 eis
2551 1708 2593 1946 vestem
2560 1334 2607 1677 perperam

2633 2602 2683 2981 iniecerat.'’
2632 2375 2679 2533 Locus
2631 2124 2677 2326 dabatur
2626 1836 2687 2075 colloquio
2625 1697 2672 1800 eius
2623 1430 2687 1652 generis,
2622 1333 2670 1383 in

2728 2884 2775 2979 quo
2712 2642 2759 2848 maxime
2711 2369 2774 2618 Euripidis
2708 2098 2771 2335 ingenium
2706 1859 2770 2063 vigebat,
2720 1715 2751 1823 cum
2704 1453 2750 1680 atrocitas
2703 1331 2763 1421 rei,

2807 2855 2853 2978 quae
2793 2564 2853 2823 parabatur
2828 2532 2850 2544 ‚
2791 2240 2837 2495 horrorem
2786 1954 2844 2205 inficeret,
2783 1634 2845 1919 ambiguitas
2788 1436 2830 1601 autem
2782 1330 2829 1403 di-

2877 2789 2919 2977 ctorum
2875 2614 2931 2758 atque
2869 2348 2930 2582 ignoratio
2867 2063 2923 2328 hominum,
2880 1826 2927 2027 quorum
2879 1719 2910 1798 res
2866 1455 2925 1693 ageretur,
2860 1330 2909 1420 mi-

2949 2664 2998 2977 sericordiam
2951 2377 3006 2619 moveret,
2945 2116 3007 2326 denique
2942 1730 3006 2066 exspectatio,
2957 1454 3003 1684 quorsum
2954 1329 2988 1410 res

3029 2726 3087 2977 evaderet,
3027 2506 3074 2689 animos
3029 2141 3089 2469 spectatorum
3037 1839 3085 2105 suspensos
3024 1604 3069 1806 teneret.
3018 1465 3067 1538 De
3019 1329 3066 1433 vio-

3110 2879 3156 2975 lato
3107 2620 3168 2843 coniugio
3107 2428 3166 2586 deque
3120 2298 3151 2383 sua
3101 1998 3149 2263 ulciscendi
3101 1741 3164 1963 cupidine
3101 1494 3162 1698 loquens
3098 1327 3147 1451 haec

3188 2850 3236 2973 dixit
3185 2533 3233 2817 Themisto:

3261 2563 3328 2845 φειδώμεθ’
3259 2318 3322 2527 ἀνδρῶν
3258 2031 3322 2283 εὐγενῶν,
3256 1681 3321 1995 φειδώμεθα,

3336 2646 3400 2842 κακοὺς
3340 2567 3390 2610 δ’
3338 2166 3401 2529 εἷποπτύωμεν,
3334 1967 3398 2129 ὥςπερ
3336 1784 3397 1931 ἄξιοι.

3424 2758 3473 2970 Nutricis
3438 2546 3470 2722 munus
3422 2208 3481 2521 officiumque
3418 1897 3465 2169 mandatum
3416 1736 3464 1870 Inoni
3415 1644 3462 1702 ab
3414 1324 3463 1616 Athamante

3510 2865 3552 2970 erat
3519 2773 3551 2831 eo
3503 2513 3560 2738 consilio,
3506 2408 3547 2459 ut
3505 2326 3546 2373 et
3499 2096 3547 2291 liberius
3502 2009 3545 2059 et
3497 1790 3543 1976 minore
3511 1631 3543 1741 cum
3494 1323 3558 1596 suspicione

3600 2855 3633 2968 suos
3583 2643 3630 2821 liberos
3596 2436 3628 2606 curare
3584 2353 3625 2400 et
3595 2105 3626 2319 amorem
3579 2027 3624 2071 ei
3576 1718 3638 1993 significare
3574 1491 3632 1687 liceret,
3590 1321 3635 1445 quae

3680 2890 3712 2969 res
3662 2696 3710 2855 fraudi
3666 2396 3724 2661 opportuna
3658 2255 3707 2360 suit.
3656 1899 3705 2187 Necessario
3655 1728 3701 1853 enim
3653 1487 3701 1681 consilia
3651 1321 3701 1454 The-

3743 2822 3793 2970 misto
3757 2668 3789 2775 cum
3740 2432 3788 2621 nutrice
3738 2013 3786 2397 communicabat
3734 1640 3796 1969 auxiliumque
3747 1438 3779 1606 servae
3748 1321 3779 1403 ex-

3824 2757 3887 2968 petebat.
3820 2486 3867 2688 Stultam
3834 2396 3865 2450 se
3817 2256 3865 2363 sore
3818 2075 3875 2221 dixit,
3815 1988 3862 2028 si
3814 1798 3861 1942 vellet
3811 1532 3861 1751 aemulae
3812 1320 3861 1499 liberos

3904 2732 3951 2963 educare:

3981 2646 4043 2835 ἄφρων
3975 2550 4026 2615 ἂν
3976 2390 4040 2515 εἴην,
3974 2311 4024 2354 εἰ
3974 2065 4038 2278 τρέφοιν
3971 1969 4022 2031 τὰ
3971 1831 4022 1936 τῶν
3969 1643 4029 1798 πέλας
3968 1542 4031 1610 *).

4160 2856 4213 2904 7i)
4161 2647 4215 2827 Fragm.
4162 2536 4201 2617 inc.
4158 2410 4199 2505 214.
4171 2322 4198 2371 ex
4158 2136 4211 2282 Etym.
4155 2046 4195 2107 M.
4155 1808 4208 2013 petitum,
4154 1694 4193 1768 ubi
4152 1450 4192 1652 annotata
4151 1314 4189 1411 sunt

4231 2637 4271 2820 haecce:
4228 2324 4285 2594 τρέφοιν,
4225 2233 4275 2292 ὦς
4222 1945 4280 2195 Εὐριπίδης
4249 1866 4255 1917 —-
4223 1655 4278 1826 γίνεται
4216 1458 4268 1624 οὕτως·
4216 1313 4260 1404 ἔστι

4298 2599 4353 2823 τρέφοιμι,
4299 2389 4355 2568 τρέφοι,
4295 2090 4350 2350 πλεονασμῷ
4294 1980 4338 2061 τοῦ
4298 1921 4348 1953 ἦ
4292 1702 4341 1893 ἀττικῶς
4289 1441 4347 1675 τρεφοίης,
4301 1314 4342 1411 τρε-
