5010 3336
3189 3172 3196 3175 .
3244 3172 3275 3177 πμ
3303 3170 3385 3176 ----
3403 3168 3492 3176 ..-...

3366 3234 3369 3240 ι
3496 3243 3505 3251 β

1011 2133 1067 2209 51

1175 2903 1212 3010 ειν·
1156 2651 1224 2852 Ἀττικὴ
1156 2547 1208 2602 δὲ
1156 2462 1223 2497 ἡ
1154 2258 1218 2415 λέξις,
1154 1993 1222 2201 κειμένη
1154 1840 1222 1958 παρ’
1188 1739 1195 1800 -
1159 1421 1229 1690 Εὐριπίδῃ
1163 1330 1215 1387 ἐν

1236 2713 1306 3018 Ἱππολύτῳ.
1240 2453 1287 2640 Deinde
1244 2320 1286 2404 aut
1238 2071 1286 2273 Dianam
1244 1939 1286 2023 aut
1240 1625 1289 1897 Minervam
1245 1331 1308 1574 prodisse,

1340 2881 1388 3008 quae
1324 2588 1369 2846 veritatem
1317 2336 1381 2551 aperiret
1322 2251 1365 2302 et
1318 2030 1365 2215 divinos
1318 1735 1383 1994 Hippolyti
1322 1482 1372 1691 honores
1341 1329 1374 1444 con-

1404 2760 1459 3007 stitueret,
1413 2519 1446 2721 necesse
1402 2394 1444 2483 est.
1396 2220 1445 2325 Nec
1398 2042 1460 2187 plane
1397 1810 1446 2008 Theseo
1401 1472 1453 1774 satisfactum
1421 1326 1455 1439 esse

1484 2885 1531 3008 deae
1482 2629 1528 2848 oratione
1493 2535 1524 2592 ex
1477 2404 1524 2499 hoc
1476 2093 1540 2370 fragmento
1483 1827 1541 2056 apparet:

1559 2765 1609 2873 ἀλλ’
1556 2664 1607 2727 οὐ
1554 2529 1620 2629 γὰρ
1553 2312 1619 2491 ὀρθῶς
1559 2111 1605 2279 ταῦτα
1556 1766 1618 2078 κραίνουσιν
1556 1588 1609 1723 θεοί.

1641 2655 1692 3004 Verumtamen
1654 2593 1684 2619 a
1637 2406 1683 2556 choro
1636 2248 1684 2367 felix
1636 1895 1700 2213 Hippolytus,
1638 1722 1701 1858 quasi
1639 1511 1688 1686 damno
1640 1328 1706 1470 largi-

1725 2928 1769 3006 ter
1723 2561 1781 2893 compensato,
1717 2190 1780 2523 praedicatur:

1790 2831 1847 2872 ὦ
1795 2605 1859 2795 μα’καρ,
1794 2451 1853 2566 οἵας
1792 2244 1859 2417 ἔλαχες
1793 2041 1857 2209 τιμάς,

1870 2619 1928 2883 Ἱππόλυθ’
1874 2422 1941 2582 ἥρως,
1874 2275 1925 2362 διὰ
1875 1866 1940 2239 σωφροσύνην·

1960 2682 2008 2873 οὔποτε
1958 2428 2021 2648 θνητοῖς
1955 2209 2022 2393 ἀρετῆς
1957 2045 2019 2173 ἄλλη

2038 2648 2101 2872 δύναμις
2036 2399 2102 2615 μείζων·
2029 2233 2102 2363 ἦλθε
2034 2100 2101 2200 γὰρ
2034 2032 2101 2065 ἢ
2033 1804 2099 1998 πρόσθ’

2118 2840 2185 2873 ἢ
2118 2489 2183 2803 μετόπισθεν

2202 2780 2266 2872 τῆς
2198 2509 2263 2746 εὐσεβίας
2196 2327 2262 2475 χάρις
2195 2115 2262 2292 ἐσθλή.

2281 2762 2329 2871 Hac
2281 2398 2343 2714 reliquiarum
2277 1946 2341 2351 interpretatione
2290 1846 2321 1901 ac
2274 1476 2338 1801 dispositione
2278 1322 2325 1440 satis

2359 2736 2407 3001 refutatam
2376 2588 2407 2699 esse
2360 2344 2406 2553 arbitror
2358 2020 2405 2308 sententiam
2354 1738 2411 1973 Bentleii,
2369 1546 2416 1687 quam
2355 1319 2418 1499 reliqui

2437 2890 2485 2998 fere
2454 2675 2486 2843 omnes
2439 2464 2485 2624 secuti
2443 2290 2486 2415 sunt.
2436 2113 2483 2219 Non
2435 1938 2481 2065 enim
2438 1616 2481 1889 correctum
2434 1320 2483 1574 dumtaxat

2523 2853 2579 2998 atque
2518 2477 2579 2818 interpolatum
2554 2438 2575 2451 ,
2532 2299 2563 2394 non
2510 1806 2577 2262 διεσκευασμένον,
2530 1676 2561 1768 non
2519 1319 2562 1641 retractatum

2601 2853 2658 2999 atque
2596 2553 2659 2817 expolitum
2598 2349 2643 2514 drama
2601 2246 2642 2321 est
2594 1925 2657 2222 Hippolytus
2596 1623 2651 1898 coronatus,
2592 1498 2639 1585 sed
2594 1320 2640 1473 omni-

2674 2908 2723 2997 bus
2677 2642 2739 2858 partibus
2681 2448 2738 2593 atque
2675 2176 2721 2403 universa
2673 1833 2720 2117 oeconomia
2671 1528 2718 1775 diversum
2678 1319 2735 1466 atque

2757 2704 2804 2997 contrarium
2756 2568 2814 2666 ita,
2760 2465 2801 2518 ut
2754 2252 2817 2429 singuli
2753 1962 2814 2219 utriusque
2751 1696 2798 1926 dramatis
2754 1496 2811 1662 actus,
2752 1318 2800 1448 inter

2852 2942 2884 2997 se
2836 2656 2899 2898 oppositi,
2835 2493 2899 2601 ipsa
2833 2116 2897 2445 discrepantia
2830 1812 2895 2063 conspicui
2835 1586 2878 1766 essent.
2830 1418 2878 1516 Sed
2832 1318 2880 1381 de

2916 2902 2963 2997 hoc
2920 2677 2979 2854 poetae
2915 2429 2961 2629 consilio
2914 2284 2960 2379 alio
2913 2123 2959 2229 loco
2911 1876 2974 2068 plenius
2909 1551 2973 1822 exposituri
2925 1321 2962 1504 sumus.

2994 2739 3042 2998 Phaedrae
2994 2414 3058 2703 Sophoclis,
3009 2235 3056 2376 quam
2991 2048 3039 2187 alteri
2990 1761 3053 2014 Euripidis
2988 1420 3052 1726 Hippolyto,
2990 1316 3038 1383 si-

3075 2757 3122 2998 miliorem
3073 2569 3121 2725 fuisse
3073 2217 3137 2540 Hippolytum
3072 1955 3134 2187 priorem,
3085 1856 3116 1916 ex
3068 1516 3131 1821 Asclepiadis
3085 1317 3117 1481 narra-

3154 2844 3213 2997 tione,
3170 2684 3216 2806 quae
3154 2600 3201 2650 in
3152 2410 3199 2565 schol.
3152 2189 3214 2368 odyss.
3151 2062 3208 2154 XI,
3150 1902 3197 2013 321.
3152 1603 3205 1853 servatur,
3163 1315 3212 1555 quamque

3249 2931 3280 2992 ex
3231 2637 3293 2884 Sophocle
3233 2372 3278 2593 haustam
3247 2205 3277 2316 esse
3229 1879 3276 2173 VVelckerus
3226 1676 3285 1822 vidit,
3228 1317 3290 1616 intelligitur.

3312 2845 3376 2990 Apud
3309 2514 3373 2809 Sophoclem
3309 2154 3373 2476 Hippolytum
3324 2057 3354 2117 ex
3308 1767 3354 2023 Troezene
3322 1643 3369 1733 per
3307 1392 3354 1610 nuntium
3313 1313 3355 1361 et

3392 2800 3439 2990 litteras
3389 2554 3437 2763 accitum
3404 2404 3435 2515 esse
3393 2319 3434 2368 et
3403 2084 3447 2285 regnum
3386 2002 3431 2046 ei
3401 1858 3431 1965 cum
3386 1490 3444 1821 matrimonio,
3387 1313 3449 1451 quasi

3470 2790 3519 2991 Theseo
3469 2661 3515 2755 iam
3468 2340 3526 2604 defuncto,
3466 2075 3513 2287 oblatum
3464 1846 3525 2018 colligo
3479 1726 3510 1786 ex
3464 1490 3525 1683 verbis,
3480 1312 3527 1437 quae

3550 2794 3599 2992 nuntius
3563 2521 3596 2748 reversus
3547 2303 3595 2470 dicere
3544 2068 3609 2255 potuit,
3544 1892 3591 2021 canis
3542 1551 3591 1848 mentionem
3544 1312 3593 1501 faciens

3630 2796 3678 2991 domino
3628 2472 3676 2761 assidentis:

3700 2704 3757 2859 έ’σαιν’
3703 2589 3756 2666 ἐπ’
3704 2382 3768 2551 οὐρὰν
3696 2239 3753 2344 ὦτα
3700 1906 3753 2205 κυλλαίνων
3698 1708 3751 1864 κάτω.

3790 2804 3838 2991 Aberat
3789 2642 3836 2768 enim
3787 2320 3835 2606 adolescens
3786 2012 3845 2282 Troezene,
3798 1773 3846 1977 regnum
3781 1489 3844 1738 Aethrae,
3784 1309 3846 1439 quod

3874 2850 3933 2988 pater
3870 2768 3915 2812 ei
3869 2393 3928 2732 commiserat,
3866 1985 3923 2355 administrans3
3862 1873 3911 1937 cf.
3861 1493 3924 1836 Asclepiadem
3868 1308 3925 1456 atque

3948 2756 3996 2987 Ovidium
3948 2600 3995 2720 Her.
3946 2480 4005 2563 lv,
3950 2330 3997 2441 107.
3945 2034 3992 2260 Theseus
3959 1873 3990 1988 vero
3941 1699 4005 1826 apud
3942 1462 3990 1649 inferos
3958 1308 3989 1414 mo-

4029 2786 4076 2989 rabatur
4028 2660 4088 2749 sic,
4033 2571 4075 2623 ut
4028 2475 4075 2537 de
4028 2277 4074 2439 reditu
4025 2135 4072 2239 eius
4024 1957 4088 2099 plane
4023 1557 4086 1922 desperaretur.
4021 1308 4069 1489 Intelli—

4108 2858 4171 2989 gitur
4108 2740 4155 2835 hoc
4123 2644 4155 2705 ex
4108 2448 4155 2611 verbis
4105 2148 4160 2420 Phaedrae,
4104 1900 4151 2111 reditum
4104 1578 4165 1878 insperatum
4101 1308 4148 1557 mirantis:

4184 2743 4251 2855 ἔζης
4187 2605 4250 2707 ἄρ’,
4184 2445 4235 2568 οὐδὲ
4188 2315 4251 2411 γῆς
4182 2109 4247 2279 ἔνερθ’
4183 1933 4248 2061 ζ’χου
4179 1709 4231 1899 θανών
4200 1668 4238 1687 ,·

4282 2865 4329 2990 quae
4267 2544 4316 2833 Welckerus
4267 2352 4316 2510 minus
4270 2179 4315 2318 recte
4265 1793 4328 2146 interpretatus
4268 1667 4309 1757 est.
4257 1438 4308 1599 Vidua
4258 1309 4323 1400 igi-

4346 1942 4389 1973 4
4339 1893 4371 1918 *
