5010 3336
3986 2105 4043 2225 236

3857 1316 3906 1549 aether
3857 1591 3906 1695 sive
3856 1745 3888 1829 aer
3852 1877 3886 1985 cum
3833 2032 3894 2269 nubihm,
3829 2320 3890 2399 qui
3834 2450 3886 2733 coelestium
3824 2780 3879 2980 deorum

3778 1314 3810 1516 munera
3758 1552 3825 1931 dignitatemque
3770 1969 3818 2062 sibi
3751 2096 3814 2325 vindicet,
3743 2361 3809 2597 lingua,
3741 2634 3787 2758 quae
3750 2780 3783 2859 res
3746 2881 3794 2980 hu-

3699 1310 3730 1477 manas
3682 1525 3744 1859 administret,
3692 1910 3734 1958 et
3674 2007 3736 2224 chaos,
3684 2278 3715 2335 ex
3667 2381 3713 2477 quo
3675 2513 3723 2672 omnia
3666 2705 3720 2981 formentur

3613 1309 3659 1379 (v.
3619 1401 3664 1523 424:
3617 1558 3668 1617 τὸ
3604 1655 3665 1798 Χάος
3610 1830 3661 1978 τουτὶ
3608 2012 3658 2100 καὶ
3595 2135 3656 2226 τὰς
3586 2261 3653 2508 Νεφέλας
3595 2552 3647 2640 καὶ
3576 2674 3645 2770 τὴν
3587 2805 3637 2977 Γλώτ-

3527 1306 3571 1419 ταν,
3521 1455 3587 1573 τρία
3522 1605 3581 1812 ταῦτα).
3527 1881 3578 2071 Horum
3524 2124 3567 2284 autem
3501 2319 3567 2650 principatum
3510 2687 3554 2855 tenent
3507 2888 3540 2978 nu-

3459 1307 3507 1393 bes
3445 1443 3504 1586 ideo,
3438 1631 3500 1758 quod
3451 1804 3500 1854 in
3434 1904 3494 2171 quamlibet
3441 2218 3492 2422 sormam
3434 2459 3486 2695 facillime
3427 2730 3472 2978 mutantur

3363 1302 3410 1462 neque
3358 1494 3422 1753 quidquam
3370 1791 3419 1972 habent
3352 2008 3414 2179 solidi,
3362 2229 3411 2357 firmi
3341 2393 3404 2636 certique,
3337 2685 3395 2832 atque
3348 2867 3379 2974 eam

3298 1302 3345 1363 ob
3294 1388 3329 1610 caussam
3292 1639 3339 1838 eaedem
3285 1877 3337 2163 dialecticae
3282 2192 3325 2306 sunt
3266 2332 3323 2584 praesides
3252 2612 3319 2972 auctricesque,

3216 1298 3266 1569 tribuentes
3211 1604 3261 1883 hominibus
3192 1919 3254 2256 prudentiam,
3197 2304 3249 2577 disserendi
3193 2611 3242 2708 vim
3191 2744 3234 2795 et
3174 2829 3221 2971 prae-

3124 1297 3186 1466 stigias
3135 1503 3167 1611 cum
3118 1649 3180 1991 calumniandi,
3121 2047 3168 2385 commovendi
3096 2436 3163 2845 opprimendique
3106 2894 3156 2970 fa-

3056 1297 3107 1479 cultate
3043 1515 3097 1584 (v.
3041 1621 3099 1775 317):

2959 1426 3026 1577 αἴπερ
2954 1612 3021 1829 γνώμην
2967 1860 3019 1948 καὶ
2951 1984 3016 2209 διάλεξιν
2960 2238 3011 2325 καὶ
2956 2347 3004 2485 νοῦν
2938 2519 3006 2647 ἡμῖν
2933 2679 3001 2967 παρέχουσι

2892 1422 2945 1511 καὶ
2875 1553 2940 1822 τερατείαν
2886 1864 2937 1953 καὶ
2868 1996 2932 2253 περίλεξιν
2878 2298 2930 2386 καὶ
2861 2432 2919 2656 κροῦσιν
2869 2689 2921 2780 καὶ
2865 2811 2915 2965 κατά-

2785 2113 2847 2287 ληψιν.

2733 1289 2782 1433 Unde
2717 1467 2779 1542 fit,
2729 1579 2772 1634 ut
2724 1668 2777 1926 dialectica
2722 1961 2769 2063 sive
2708 2098 2770 2277 ἄδικος
2700 2308 2767 2480 λόγος,
2698 2519 2744 2611 qua
2707 2638 2757 2782 unice
2705 2804 2754 2963 homi—

2653 1285 2685 1373 nes
2650 1407 2683 1535 nunc
2639 1572 2694 1838 confidunt,
2640 1875 2687 2117 contraria
2638 2154 2685 2218 sit
2620 2251 2682 2515 probitati,
2617 2564 2676 2827 sanctitati,
2625 2860 2673 2963 for-

2571 1283 2621 1478 titudini
2569 1506 2613 1554 et
2551 1578 2616 1859 frugalitati,
2549 1890 2594 2007 quas
2556 2035 2606 2261 colebant
2539 2285 2597 2469 patres.
2539 2540 2599 2962 Quemadmodum

2491 1280 2535 1441 autem
2489 1491 2536 1550 ad
2484 1600 2535 1867 Herculem
2478 1904 2529 2199 Prodiceum
2474 2235 2524 2403 Virtus
2455 2439 2521 2779 Voluptasque
2464 2812 2499 2960 vene-

2399 1279 2454 1408 runt,
2395 1447 2441 1571 quae
2406 1607 2453 1707 suis
2386 1744 2435 1966 quaeque
2398 2003 2446 2142 bonis
2379 2179 2440 2444 propositis
2393 2482 2439 2542 ad
2390 2572 2422 2626 se
2374 2653 2432 2959 sequendum

2329 1277 2376 1503 certatim
2326 1539 2358 1650 eum
2307 1688 2371 1979 invitarent,
2317 2026 2364 2093 ita
2315 2146 2347 2310 coram
2295 2354 2362 2654 Phidippide
2302 2688 2356 2958 Dialectica

2252 1277 2295 1326 et
2247 1358 2297 1586 Probitas
2232 1624 2295 1851 (δίκαιος
2224 1885 2289 2067 λόγος)
2234 2116 2281 2388 certamine
2231 2423 2279 2545 inito
2228 2582 2278 2645 de
2209 2681 2274 2958 principatu

2154 1274 2215 1593 contendunt,
2164 1631 2207 1681 et
2146 1717 2206 1942 superior
2157 1977 2205 2184 discedit
2138 2220 2202 2509 dialectica,
2135 2558 2196 2750 quidvis
2129 2787 2193 2957 flagitii

2093 1272 2124 1327 se
2088 1362 2138 1487 duce
2069 1522 2134 1721 impune
2080 1759 2126 1996 committi
2061 2031 2109 2180 posse
2071 2217 2121 2538 ostendendo.
2067 2619 2116 2758 Hanc
2050 2804 2112 2954 igitur

1995 1268 2057 1523 amplexus
2005 1558 2053 1640 ille
1988 1674 2044 1866 patrem
1997 1919 2044 2205 verberibus
1980 2249 2043 2429 afficit,
1990 2478 2032 2527 et
1987 2574 2030 2712 recte
1983 2762 2034 2950 factum

1931 1270 1963 1382 esse
1929 1415 1971 1513 tam
1909 1551 1969 1787 speciosis
1906 1825 1964 2123 argumentis
1900 2160 1962 2446 confirmat,
1911 2486 1951 2537 ut
1910 2572 1956 2617 ei
1891 2654 1955 2767 ipsi,
1889 2804 1934 2948 quem

1836 1266 1894 1545 percussit,
1829 1599 1889 1907 persuadeat.
1838 1998 1887 2195 Morum
1830 2251 1879 2621 conversionem
1826 2674 1874 2749 his
1821 2786 1869 2949 verbis

1757 1265 1816 1520 praedIcat
1756 1557 1810 1624 (v.
1750 1666 1808 1849 1:399):

1677 1394 1738 1465 ὡς
1669 1498 1741 1603 ἡδὺ
1670 1639 1726 1841 καινοῖς
1662 1877 1727 2186 πράγμασιν
1673 2221 1724 2310 καὶ
1660 2345 1723 2532 δεξιοῖς
1652 2567 1719 2783 ὁμιλεῖν,

1605 1390 1656 1477 καὶ
1601 1512 1652 1643 τῶν
1593 1691 1645 2148 καθεστώτων
1578 2198 1642 2427 νόμων
1569 2472 1640 2945 ὑπερφρονεῖν

1510 2097 1562 2460 δύνασθαμ

1429 1388 1497 1491 ἐγὼ
1426 1524 1492 1645 γάρ,
1438 1682 1491 1766 ὅτε
1422 1800 1488 1897 μὲν
1416 1933 1485 2120 ἱππικῇ
1430 2156 1480 2251 τὸν
1429 2285 1474 2423 νοῦν
1414 2450 1477 2619 μόνον
1405 2646 1469 2940 προςεῖχον,

1362 1388 1413 1465 οὐ
1392 1514 1410 1523 ’
1358 1574 1411 1654 ἂν
1341 1700 1406 1822 τρί’
1351 1858 1404 2077 εἰπεῖν
1333 2126 1402 2369 ῥήμαθ’
1336 2409 1403 2551 οἷός
1344 2597 1394 2643 τ’
1328 2683 1399 2728 ἧ,
1325 2779 1388 2940 πρὶν

1257 2092 1324 2202 ἐξα
1254 2217 1301 2253 μ
1268 2268 1300 2300 α
1253 2316 1299 2345 ρ
1267 2363 1299 2391 τ
1267 2408 1300 2429 ε
1266 2449 1312 2470 ῖ
1266 2480 1298 2512 ν
1290 2532 1301 2542 ·

1203 1384 1253 1508 νυνὶ
1188 1544 1250 1611 δ’,
1178 1648 1249 1824 ἐπειδή
1179 1860 1240 1912 μ’
1188 1950 1241 2131 οὑτοσὶ
1186 2164 1238 2369 τούτων
1183 2405 1239 2634 ἔπαυσεν
1165 2669 1231 2843 αὐτός,

1105 1384 1171 1693 γνώμαις
1113 1744 1164 1810 δὲ
1097 1856 1159 2136 λεπταῖς
1106 2194 1157 2306 καὶ
1089 2367 1154 2605 λόγοις
1080 2665 1151 2936 ξύνειμι

1025 2110 1077 2217 καὶ
1009 2249 1074 2627 μερίμναις,

947 1386 1017 1535 οἶμαι
938 1571 1009 1813 διδάξειν,
939 1852 1001 1923 ώς
944 1957 998 2162 δίκαιον
943 2194 995 2289 τὸν
928 2322 994 2524 πατέρα
926 2558 990 2812 κολάζειν.

879 1380 931 1507 Eam
874 1556 918 1719 autem
868 1770 902 1961 morum
850 2009 911 2424 permutationem
861 2461 893 2556 non
857 2592 906 2749 minus
855 2785 904 2930 Euri-

788 1249 852 1376 pidis
779 1415 845 1725 carminibus,
777 1764 823 1905 quam
783 1945 835 2159 Socratis
766 2195 832 2507 philosophia
775 2545 827 2775 effectam
774 2819 806 2930 esse
