5010 3336
1165 2124 1220 2241 303

1318 2735 1383 3004 Quominus
1313 2536 1363 2701 statim
1311 2327 1360 2500 eodem
1308 2104 1371 2295 gladio,
1320 1963 1369 2057 quo
1319 1873 1352 1928 se
1302 1686 1368 1838 Aegei
1302 1500 1350 1654 filium
1315 1355 1349 1466 esse

1398 2756 1464 3005 probavit,
1393 2444 1442 2713 maleficam
1389 2157 1437 2409 mulierem
1385 1787 1446 2123 transfigeret,
1384 1676 1430 1752 vel
1380 1351 1428 1641 verecundia

1478 2926 1525 3004 vel
1478 2605 1523 2879 interventu
1469 2394 1534 2547 patris
1467 2076 1531 2347 prohibitus
1469 1938 1510 2027 est.
1462 1680 1523 1872 Aegeus
1466 1465 1507 1627 autem
1475 1352 1506 1430 ca-

1556 2716 1605 3003 lumniarum
1556 2615 1598 2666 et
1546 2322 1613 2570 parricidii
1545 2014 1592 2277 convictam
1540 1806 1602 1977 capitis
1541 1517 1586 1774 damnasse
1537 1350 1585 1484 vide-

1640 2909 1684 3002 tur.
1634 2608 1680 2838 Caussam
1628 2461 1690 2572 quin
1625 2234 1683 2427 Medea,
1629 1944 1685 2199 antequam
1620 1573 1676 1910 damnaretur,
1617 1349 1676 1537 dixerit,

1729 2905 1762 3001 non
1712 2671 1769 2870 dubito,
1709 2492 1756 2625 cuius
1706 2382 1753 2444 de
1705 2127 1752 2347 oratione
1702 2011 1749 2092 hic
1714 1808 1747 1977 versus
1699 1492 1761 1776 depromtus
1710 1347 1744 1457 esse

1796 2836 1856 3000 potest
1790 2606 1853 2801 (fragm.
1787 2475 1832 2569 inc.
1782 2302 1843 2439 220:

1866 2739 1931 2867 ἀτὰρ
1869 2505 1916 2703 σιωπᾶν
1862 2409 1912 2471 τα
1877 2317 1925 2374 γε
1858 2128 1909 2281 δίκαι’
1856 2025 1907 2090 οὐ
1855 1896 1921 1992 χρή
1872 1722 1906 1859 ποτε.

1949 2906 1998 2998 Dei
1949 2602 1997 2874 interventu
1946 2507 1992 2567 ad
1941 2095 2008 2470 praedicendam
1938 1847 1985 2060 futuram
1936 1682 1984 1817 Medi
1934 1502 1981 1649 vitam
1946 1346 1995 1465 opus

2029 2872 2076 2998 fuit:
2027 2651 2076 2822 eodem
2024 2457 2089 2603 igitur
2028 2226 2070 2424 auctore
2019 1965 2067 2191 Medeam
2017 1755 2080 1929 capitis
2028 1566 2077 1722 poena
2011 1346 2059 1521 libera—

2114 2898 2156 2998 tam
2123 2755 2155 2863 esse
2105 2467 2169 2721 suspic0r3
2101 2350 2149 2413 cf.
2098 1959 2163 2311 Apollodorum
2097 1888 2156 1925 Ι,
2099 1805 2155 1852 9.,
2098 1685 2143 1771 28;
2087 1342 2153 1640 ἐπιβουλεύ-

2195 2862 2235 2997 ουσα
2184 2771 2235 2827 δὲ
2182 2525 2247 2746 ὕστερον
2181 2323 2245 2495 Θησεῖ,
2176 2110 2243 2286 φυγὰς
2174 2028 2237 2076 ἐξ
2168 1758 2240 1999 Ἀθηνῶν
2170 1610 2236 1735 μετὰ
2173 1491 2221 1588 τοῦ
2185 1342 2219 1459 παι-

2265 2906 2324 2998 δὸς
2262 2562 2329 2870 ἐκβάλλεται·
2260 2417 2311 2524 ἀλλ’
2249 2224 2317 2379 οὗτος
2255 2095 2320 2189 μὲν
2257 1854 2305 2062 πολλῶν
2253 1564 2318 1821 κρατήσας
2249 1340 2314 1535 βαρβά-

2363 2885 2410 2996 ρων
2344 2744 2411 2840 τὴν
2344 2606 2409 2699 ὑφ’
2339 2356 2393 2546 ἑαυτὸν
2339 2127 2404 2303 χώραν
2336 1874 2386 2080 ἅπασαν
2333 1606 2398 1826 Μηδίαν
2328 1339 2390 1560 ἐκάλεσε,

2425 2908 2476 2997 καὶ
2424 2469 2490 2875 στρατευόμενος
2418 2342 2470 2423 ἐπὶ
2411 2094 2476 2295 Ἰνδοὺς
2415 1812 2466 2059 ἀπέθανε.
2411 1531 2478 1743 ,Μήδεια
2407 1446 2460 1500 δὲ
2409 1337 2469 1411 εἰς

2507 2750 2571 2992 Κόλχους
2500 2558 2570 2719 ἦλθεν
2505 2242 2565 2525 ἄγνωστος,
2495 2118 2547 2206 καὶ
2496 1716 2559 2085 καταλαβοῦσα
2492 1480 2557 1680 Αἰήτην
2489 1339 2539 1443 ὑπὸ

2589 2898 2635 2995 τοῦ
2585 2630 2649 2861 ἀδελφοῦ
2582 2395 2646 2604 Πέρσου
2582 2276 2644 2367 τῆς
2576 1992 2642 2254 βασιλείας
2573 1613 2639 1966 ἐστερημένον,
2570 1337 2622 1580 κτείνασα

2670 2771 2724 2994 τοῦτον,
2670 2652 2729 2723 τῷ
2660 2455 2725 2611 πατρὶ
2658 2301 2723 2395 τὴν
2656 1979 2722 2244 βασιλείαν
2655 1602 2717 1924 κατέστησεν.
2652 1336 2700 1523 Eadem

2764 2837 2811 2993 paene
2746 2621 2793 2791 iisdem
2743 2413 2790 2574 verbis
2739 2157 2786 2367 Tzetzes
2739 2050 2785 2110 ad
2736 1766 2798 2014 Lycophr.
2750 1689 2780 1731 v.
2735 1542 2779 1649 178.
2731 1337 2778 1498 tradit.

2826 2750 2873 2994 Lucianus
2826 2651 2871 2713 de
2822 2429 2869 2617 saban:
2816 2310 2867 2383 ἔτι
2815 2208 2866 2262 δὲ
2814 2066 2880 2162 τὴν
2812 1779 2879 2018 Μηδείας
2808 1463 2874 1734 ὑποδοχὴν
2806 1334 2858 1421 καὶ

2897 2836 2962 2993 αὖθις
2899 2751 2962 2800 ἐς
2900 2510 2964 2715 Πέρσας
2897 2280 2963 2474 φυγήν.
2896 1969 2943 2209 Diodorus
2899 1772 2941 1933 autem
2891 1652 2951 1736 IV,
2895 1532 2939 1620 56:
2889 1334 2939 1497 καθό-

2985 2896 3033 2993 λου
2980 2799 3043 2870 δέ,
2984 2592 3045 2763 inquit,
2977 2446 3029 2553 διὰ
2976 2293 3043 2413 τὴν
2977 2128 3026 2261 τῶν
2970 1722 3038 2094 τραγῳδῶν
2968 1331 3033 1690 τερατείαν

3062 2787 3127 2993 ποικίλη
3078 2665 3120 2742 τις
3057 2534 3110 2623 καὶ
3057 2232 3122 2488 διάφορος
3053 1986 3117 2189 ἱστορία
3050 1817 3115 1936 περὶ
3049 1530 3114 1771 ΑΜηδείας
3045 1332 3114 1498 ἐξενή-

3160 2785 3194 2992 νεκται·
3140 2649 3192 2736 καί
3156 2444 3199 2603 τινες,
3136 1989 3202 2389 χαρίζεσθαι
3130 1514 3196 1926 βουλόμενοι
3130 1330 3187 1474 τοῖς

3218 2563 3288 2985 Ἀθηναίοις,
3216 2343 3282 2504 φασὶν
3214 2130 3280 2295 αὐτὴν
3212 1702 3275 2077 ἀναλαβοῦσαν
3209 1565 3261 1658 τὸν
3207 1469 3270 1519 ἐξ
3206 1330 3258 1422 Αί-

3301 2859 3367 2990 γέως
3300 2616 3366 2813 Μῆδον
3297 2500 3356 2569 εἰς
3298 2211 3359 2449 Κόλχους
3294 1817 3359 2162 ἀνασωθῆναι
3293 1671 3341 1776 κτλ.
3287 1428 3339 1581 Μετὰ
3286 1326 3338 1383 δὲ

3385 2824 3431 2989 ταῦτα
3379 2494 3439 2766 δυνάμεως
3375 2225 3440 2445 ἐγκρατῆ
3374 1906 3438 2190 γενόμενον
3370 1760 3421 1853 τὸν
3370 1510 3436 1708 Μῆδον
3370 1329 3417 1452 πολ-

3460 2890 3527 2987 λῆν
3459 2621 3511 2856 ἐπελθεῖν
3461 2500 3522 2588 τῆς
3454 2336 3519 2463 ὑπὲρ
3454 2207 3503 2299 τὸν
3454 1960 3503 2172 Πόντον
3447 1764 3509 1935 Ἀσίας
3449 1631 3500 1717 καὶ
3448 1325 3512 1599 κατασχεῖν

3540 2891 3608 2988 τὴν
3540 2760 3590 2846 α’π’
3536 2512 3589 2713 ἐκείνου
3536 1944 3599 2463 προςαγορευθεῖσαν
3530 1663 3595 1897 Μηδίαν.
3530 1527 3577 1579 In
3543 1327 3577 1489 aerem

3622 2749 3671 2986 sublatam
3619 2482 3667 2708 Medeam
3618 2191 3665 2447 sublimem
3615 1936 3661 2154 avolasse
3613 1698 3660 1900 Ovidius
3609 1488 3657 1662 tradit:

3700 2614 3766 2853 „Effugit
3699 2484 3746 2578 illa
3714 2259 3755 2448 necem,
3694 2027 3741 2222 nebulis
3709 1902 3757 1997 per
3691 1638 3739 1864 carmina
3687 1406 3736 1603 motis.'’

3780 2882 3829 2985 Nec
3786 2686 3827 2848 tamen
3778 2490 3841 2639 ipsius
3778 2231 3833 2443 artibus,
3774 2091 3820 2178 sed
3774 1950 3831 2055 dei,
3772 1823 3834 1903 qui
3784 1543 3834 1775 praeseus
3767 1322 3825 1509 aderat,

3876 2890 3924 2984 ope
3859 2764 3906 2856 hoc
3858 2545 3905 2730 factum
3872 2399 3903 2508 esse
3860 2232 3917 2363 puto,

3938 2761 3985 2853 His
3939 2591 3985 2739 rebus
3937 2495 3983 2566 sic
3934 2178 3996 2464 compositis
3938 2052 3979 2154 tum
3931 1827 3979 2024 demum
3930 1677 3994 1800 patri
3929 1519 3975 1651 {ocus
3925 1322 3973 1500 otium-

4035 2888 4081 2983 que
4018 2703 4064 2847 datur
4015 2594 4063 2656 de
4019 2346 4077 2548 recepto
4013 2193 4058 2294 filio
4011 1906 4071 2145 gaudendi
4016 1806 4057 1854 et
4009 1500 4056 1772 salubribus
4020 1322 4069 1463 prae-

4096 2824 4160 2981 ceptis
4100 2526 4158 2779 receptnm
4095 2428 4140 2477 in
4092 2244 4154 2381 regni
4090 1832 4138 2195 successionem
4087 1496 4138 1785 instruendi.
4084 1320 4131 1430 Huc

4175 2855 4223 2982 enim
4173 2658 4221 2820 refero
4173 2449 4235 2623 fragm.
4173 2323 4219 2413 inc.
4174 2159 4218 2288 235:

4251 2733 4316 2853 μηδ’
4250 2435 4316 2695 εὐτύχημα
4246 2239 4315 2401 μηδὲν
4237 2113 4297 2204 ὧδ’
4244 1954 4297 2081 ἔστω
4246 1771 4312 1918 μέγα,

4329 2822 4345 2847 f!

4349 2822 4380 2851 ο
4330 2739 4381 2786 σ’
4330 2465 4397 2702 ἐξεπαίρῃ
4332 2253 4394 2430 μεῖζον
4327 2188 4393 2221 ἢ
4326 1986 4395 2152 χρεὼν
4330 1716 4393 1952 φρονεῖν,
