<?xml version="1.0" encoding="UTF-8"?>
<!DOCTYPE html PUBLIC "-//W3C//DTD XHTML 1.0 Transitional//EN"
    "http://www.w3.org/TR/xhtml1/DTD/xhtml1-transitional.dtd">
<html xmlns="http://www.w3.org/1999/xhtml" xml:lang="en" lang="en">
 <head>
  <title>
</title>
<meta http-equiv="Content-Type" content="text/html;charset=utf-8" />
  <meta name='ocr-system' content='tesseract 3.04.00' />
  <meta name='ocr-capabilities' content='ocr_page ocr_carea ocr_par ocr_line ocrx_word'/>
</head>
<body>
  <div class='ocr_page' id='page_1' title='image "./euripidesrestitu00hartuoft_raw_0206.png"; bbox 0 0 5010 3336; ppageno 0'>
   <div class='ocr_carea' id='block_1_1' title="bbox 0 0 0 0">
    <p class='ocr_par' dir='ltr' id='par_1_1' title="bbox 0 0 0 0">
     <span class='ocr_line' id='line_1_1' title="bbox 0 0 0 0; textangle 270"><span class='ocrx_word' id='word_1_1' title='bbox 0 0 0 0; x_wconf 95' lang='lat' dir='ltr'> </span> 
     </span>
    </p>
   </div>
   <div class='ocr_carea' id='block_1_2' title="bbox 3930 2091 3986 2211">
    <p class='ocr_par' dir='ltr' id='par_1_2' title="bbox 3930 2091 3986 2211">
     <span class='ocr_line' id='line_1_2' title="bbox 3930 2091 3986 2211; textangle 270"><span class='ocrx_word' id='word_1_2' title='bbox 3930 2091 3986 2211; x_wconf 75' lang='lat'>188</span> 
     </span>
    </p>
   </div>
   <div class='ocr_carea' id='block_1_3' title="bbox 3699 1309 3849 2861">
    <p class='ocr_par' dir='ltr' id='par_1_3' title="bbox 3699 1309 3849 2861">
     <span class='ocr_line' id='line_1_3' title="bbox 3763 1443 3849 2861; textangle 270"><span class='ocrx_word' id='word_1_3' title='bbox 3788 1443 3849 1537; x_wconf 80' lang='lat' dir='ltr'>„si</span> <span class='ocrx_word' id='word_1_4' title='bbox 3800 1566 3847 1670; x_wconf 78' lang='lat' dir='ltr'>tui</span> <span class='ocrx_word' id='word_1_5' title='bbox 3797 1702 3839 1977; x_wconf 79' lang='lat' dir='ltr'>veretur</span> <span class='ocrx_word' id='word_1_6' title='bbox 3793 2012 3837 2077; x_wconf 80' lang='lat' dir='ltr'>te</span> <span class='ocrx_word' id='word_1_7' title='bbox 3768 2105 3833 2595; x_wconf 74' lang='lat' dir='ltr'><em>progenitoris,</em></span> <span class='ocrx_word' id='word_1_8' title='bbox 3763 2634 3827 2861; x_wconf 79' lang='lat' dir='ltr'>cedo‚’‘</span> 
     </span>
     <span class='ocr_line' id='line_1_4' title="bbox 3699 1309 3769 2730; textangle 270"><span class='ocrx_word' id='word_1_9' title='bbox 3722 1309 3754 1420; x_wconf 91' lang='lat' dir='ltr'>cum</span> <span class='ocrx_word' id='word_1_10' title='bbox 3706 1453 3769 1729; x_wconf 81' lang='lat' dir='ltr'>fragmento</span> <span class='ocrx_word' id='word_1_11' title='bbox 3715 1764 3767 2001; x_wconf 88' lang='lat' dir='ltr'>vicesimo</span> <span class='ocrx_word' id='word_1_12' title='bbox 3713 2038 3760 2098; x_wconf 85' lang='lat' dir='ltr'>ad</span> <span class='ocrx_word' id='word_1_13' title='bbox 3708 2134 3756 2335; x_wconf 79' lang='lat' dir='ltr'>verbum</span> <span class='ocrx_word' id='word_1_14' title='bbox 3699 2374 3747 2730; x_wconf 83' lang='lat' dir='ltr'>conveniente:</span> 
     </span>
    </p>
   </div>
   <div class='ocr_carea' id='block_1_4' title="bbox 3530 1303 3692 2989">
    <p class='ocr_par' dir='ltr' id='par_1_4' title="bbox 3530 1303 3692 2989">
     <span class='ocr_line' id='line_1_5' title="bbox 3607 1435 3692 2612; textangle 270"><span class='ocrx_word' id='word_1_15' title='bbox 3630 1435 3692 1553; x_wconf 78' lang='grc' dir='ltr'><em>εἴπ’,</em></span> <span class='ocrx_word' id='word_1_16' title='bbox 3641 1588 3691 1633; x_wconf 87' lang='grc' dir='ltr'>εἰ</span> <span class='ocrx_word' id='word_1_17' title='bbox 3626 1666 3690 1906; x_wconf 80' lang='grc' dir='ltr'><strong>τεκόντος</strong></span> <span class='ocrx_word' id='word_1_18' title='bbox 3629 1942 3682 2102; x_wconf 81' lang='grc' dir='ltr'>οὐδὲν</span> <span class='ocrx_word' id='word_1_19' title='bbox 3612 2136 3682 2366; x_wconf 75' lang='grc' dir='ltr'><em>ἐντρέπει</em></span> <span class='ocrx_word' id='word_1_20' title='bbox 3607 2401 3670 2612; x_wconf 76' lang='grc' dir='ltr'><em>πατρός.</em></span> 
     </span>
     <span class='ocr_line' id='line_1_6' title="bbox 3530 1303 3611 2989; textangle 270"><span class='ocrx_word' id='word_1_21' title='bbox 3550 1303 3611 1461; x_wconf 78' lang='lat' dir='ltr'>Quam</span> <span class='ocrx_word' id='word_1_22' title='bbox 3560 1509 3602 1676; x_wconf 87' lang='lat' dir='ltr'>contra</span> <span class='ocrx_word' id='word_1_23' title='bbox 3551 1724 3606 2014; x_wconf 83' lang='lat' dir='ltr'>Welckerus</span> <span class='ocrx_word' id='word_1_24' title='bbox 3549 2061 3596 2154; x_wconf 89' lang='lat' dir='ltr'>sibi</span> <span class='ocrx_word' id='word_1_25' title='bbox 3530 2190 3594 2498; x_wconf 75' lang='lat' dir='ltr'><strong>deprendere</strong></span> <span class='ocrx_word' id='word_1_26' title='bbox 3538 2534 3587 2666; x_wconf 86' lang='lat' dir='ltr'>visus</span> <span class='ocrx_word' id='word_1_27' title='bbox 3537 2703 3579 2780; x_wconf 87' lang='lat' dir='ltr'>est</span> <span class='ocrx_word' id='word_1_28' title='bbox 3534 2816 3583 2989; x_wconf 87' lang='lat' dir='ltr'>simili-</span> 
     </span>
    </p>
   </div>
   <div class='ocr_carea' id='block_1_5' title="bbox 3472 1300 3531 1998">
    <p class='ocr_par' dir='ltr' id='par_1_5' title="bbox 3472 1300 3531 1998">
     <span class='ocr_line' id='line_1_7' title="bbox 3472 1300 3531 1998; textangle 270"><span class='ocrx_word' id='word_1_29' title='bbox 3481 1300 3531 1519; x_wconf 83' lang='lat' dir='ltr'>tudinem</span> <span class='ocrx_word' id='word_1_30' title='bbox 3478 1556 3513 1725; x_wconf 77' lang='lat' dir='ltr'>versus</span> <span class='ocrx_word' id='word_1_31' title='bbox 3472 1759 3525 1998; x_wconf 86' lang='lat' dir='ltr'>huiusce:</span> 
     </span>
    </p>
   </div>
   <div class='ocr_carea' id='block_1_6' title="bbox 956 1248 3441 2987">
    <p class='ocr_par' dir='ltr' id='par_1_6' title="bbox 956 1248 3441 2987">
     <span class='ocr_line' id='line_1_8' title="bbox 3361 1428 3441 2987; textangle 270"><span class='ocrx_word' id='word_1_32' title='bbox 3383 1428 3441 1794; x_wconf 80' lang='lat' dir='ltr'>„postremo</span> <span class='ocrx_word' id='word_1_33' title='bbox 3368 1820 3439 2462; x_wconf 71' lang='lat' dir='ltr'>amplexafrztctum‚</span> <span class='ocrx_word' id='word_1_34' title='bbox 3363 2491 3412 2669; x_wconf 79' lang='lat' dir='ltr'>quem</span> <span class='ocrx_word' id='word_1_35' title='bbox 3376 2708 3426 2779; x_wconf 83' lang='lat' dir='ltr'>di</span> <span class='ocrx_word' id='word_1_36' title='bbox 3361 2812 3424 2987; x_wconf 78' lang='lat' dir='ltr'>dant,</span> 
     </span>
     <span class='ocr_line' id='line_1_9' title="bbox 3287 2130 3343 2355; textangle 270"><span class='ocrx_word' id='word_1_37' title='bbox 3287 2130 3343 2355; x_wconf 51' lang='lat' dir='ltr'>capess’</span> 
     </span>
     <span class='ocr_line' id='line_1_10' title="bbox 3213 1294 3290 2274; textangle 270"><span class='ocrx_word' id='word_1_38' title='bbox 3240 1294 3276 1406; x_wconf 87' lang='lat' dir='ltr'>cum</span> <span class='ocrx_word' id='word_1_39' title='bbox 3224 1442 3290 1704; x_wconf 84' lang='lat' dir='ltr'><strong>Sophoclis</strong></span> <span class='ocrx_word' id='word_1_40' title='bbox 3230 1741 3282 1930; x_wconf 89' lang='lat' dir='ltr'>incerto</span> <span class='ocrx_word' id='word_1_41' title='bbox 3213 1964 3277 2274; x_wconf 81' lang='lat' dir='ltr'>fragmento:</span> 
     </span>
     <span class='ocr_line' id='line_1_11' title="bbox 3128 1424 3208 2674; textangle 270"><span class='ocrx_word' id='word_1_42' title='bbox 3157 1424 3207 1560; x_wconf 81' lang='grc' dir='ltr'><em>θεοῦ</em></span> <span class='ocrx_word' id='word_1_43' title='bbox 3155 1595 3208 1653; x_wconf 83' lang='grc' dir='ltr'>τὸ</span> <span class='ocrx_word' id='word_1_44' title='bbox 3138 1688 3204 1864; x_wconf 81' lang='grc' dir='ltr'><em>δῶρον</em></span> <span class='ocrx_word' id='word_1_45' title='bbox 3146 1897 3194 2087; x_wconf 82' lang='grc' dir='ltr'>τοῦτο·</span> <span class='ocrx_word' id='word_1_46' title='bbox 3128 2122 3196 2219; x_wconf 76' lang='grc' dir='ltr'>χρὴ</span> <span class='ocrx_word' id='word_1_47' title='bbox 3142 2256 3193 2302; x_wconf 79' lang='grc' dir='ltr'>δ’</span> <span class='ocrx_word' id='word_1_48' title='bbox 3140 2339 3192 2419; x_wconf 80' lang='grc' dir='ltr'>ὅσ’</span> <span class='ocrx_word' id='word_1_49' title='bbox 3138 2457 3190 2523; x_wconf 76' lang='grc' dir='ltr'>ἂν</span> <span class='ocrx_word' id='word_1_50' title='bbox 3135 2556 3188 2674; x_wconf 82' lang='grc' dir='ltr'><em>θεοὶ</em></span> 
     </span>
     <span class='ocr_line' id='line_1_12' title="bbox 3043 1421 3130 2584; textangle 270"><span class='ocrx_word' id='word_1_51' title='bbox 3076 1421 3130 1606; x_wconf 82' lang='grc' dir='ltr'><em>διδῶσι</em></span> <span class='ocrx_word' id='word_1_52' title='bbox 3058 1638 3122 1855; x_wconf 79' lang='grc' dir='ltr'><em>φεύγειν</em></span> <span class='ocrx_word' id='word_1_53' title='bbox 3052 1888 3118 2089; x_wconf 78' lang='grc' dir='ltr'><em>μηδέν’,</em></span> <span class='ocrx_word' id='word_1_54' title='bbox 3065 2127 3120 2167; x_wconf 82' lang='grc' dir='ltr'>ὦ</span> <span class='ocrx_word' id='word_1_55' title='bbox 3049 2203 3113 2405; x_wconf 78' lang='grc' dir='ltr'><strong><em>τέκνον,</em></strong></span> <span class='ocrx_word' id='word_1_56' title='bbox 3043 2441 3107 2584; x_wconf 78' lang='grc' dir='ltr'>ποτέ,</span> 
     </span>
     <span class='ocr_line' id='line_1_13' title="bbox 2959 1288 3044 2979; textangle 270"><span class='ocrx_word' id='word_1_57' title='bbox 2986 1288 3033 1426; x_wconf 83' lang='lat' dir='ltr'>eam,</span> <span class='ocrx_word' id='word_1_58' title='bbox 2998 1479 3044 1521; x_wconf 90' lang='lat' dir='ltr'>si</span> <span class='ocrx_word' id='word_1_59' title='bbox 2978 1556 3040 1848; x_wconf 89' lang='lat' dir='ltr'>attenderis,</span> <span class='ocrx_word' id='word_1_60' title='bbox 2985 1899 3034 2083; x_wconf 88' lang='lat' dir='ltr'>nullam</span> <span class='ocrx_word' id='word_1_61' title='bbox 2982 2131 3014 2242; x_wconf 88' lang='lat' dir='ltr'>esse</span> <span class='ocrx_word' id='word_1_62' title='bbox 2975 2277 3027 2484; x_wconf 76' lang='lat' dir='ltr'>videbis.</span> <span class='ocrx_word' id='word_1_63' title='bbox 2959 2554 3024 2814; x_wconf 84' lang='lat' dir='ltr'>Sophoclis</span> <span class='ocrx_word' id='word_1_64' title='bbox 2972 2851 3020 2979; x_wconf 91' lang='lat' dir='ltr'>enim</span> 
     </span>
     <span class='ocr_line' id='line_1_14' title="bbox 2877 1287 2967 2974; textangle 270"><span class='ocrx_word' id='word_1_65' title='bbox 2916 1287 2967 1548; x_wconf 75' lang='lat' dir='ltr'>verborum</span> <span class='ocrx_word' id='word_1_66' title='bbox 2915 1563 2963 1694; x_wconf 84' lang='lat' dir='ltr'>idem</span> <span class='ocrx_word' id='word_1_67' title='bbox 2912 1714 2952 1791; x_wconf 89' lang='lat' dir='ltr'>est</span> <span class='ocrx_word' id='word_1_68' title='bbox 2897 1809 2942 2002; x_wconf 88' lang='lat' dir='ltr'>sensus,</span> <span class='ocrx_word' id='word_1_69' title='bbox 2889 2030 2951 2379; x_wconf 89' lang='lat' dir='ltr'>quiIIomerici</span> <span class='ocrx_word' id='word_1_70' title='bbox 2897 2404 2946 2532; x_wconf 91' lang='lat' dir='ltr'>illius</span> <span class='ocrx_word' id='word_1_71' title='bbox 2877 2561 2942 2974; x_wconf 71' lang='lat' dir='ltr'>dicti(11.y‚65.):</span> 
     </span>
     <span class='ocr_line' id='line_1_15' title="bbox 2800 1418 2885 2653; textangle 270"><span class='ocrx_word' id='word_1_72' title='bbox 2835 1418 2884 1566; x_wconf 81' lang='grc' dir='ltr'><em>οὔτοι</em></span> <span class='ocrx_word' id='word_1_73' title='bbox 2814 1601 2885 1851; x_wconf 74' lang='grc' dir='ltr'><em>ἀπόβλητ’</em></span> <span class='ocrx_word' id='word_1_74' title='bbox 2826 1888 2879 1995; x_wconf 80' lang='grc' dir='ltr'><em>ἐστὶ</em></span> <span class='ocrx_word' id='word_1_75' title='bbox 2822 2030 2871 2175; x_wconf 76' lang='grc' dir='ltr'><em>θεῶν</em></span> <span class='ocrx_word' id='word_1_76' title='bbox 2805 2208 2874 2457; x_wconf 76' lang='grc' dir='ltr'><strong><em>ἐρικυδέα</em></strong></span> <span class='ocrx_word' id='word_1_77' title='bbox 2800 2492 2866 2653; x_wconf 75' lang='grc' dir='ltr'><em>δῶρα.</em></span> 
     </span>
     <span class='ocr_line' id='line_1_16' title="bbox 2722 1283 2806 2973; textangle 270"><span class='ocrx_word' id='word_1_78' title='bbox 2743 1283 2806 1428; x_wconf 87' lang='lat' dir='ltr'><strong>Apud</strong></span> <span class='ocrx_word' id='word_1_79' title='bbox 2755 1451 2803 1640; x_wconf 81' lang='lat' dir='ltr'>Attium</span> <span class='ocrx_word' id='word_1_80' title='bbox 2749 1671 2791 1837; x_wconf 87' lang='lat' dir='ltr'>autem</span> <span class='ocrx_word' id='word_1_81' title='bbox 2729 1875 2778 2037; x_wconf 87' lang='lat' dir='ltr'>neque</span> <span class='ocrx_word' id='word_1_82' title='bbox 2739 2083 2790 2274; x_wconf 88' lang='lat' dir='ltr'>dotes</span> <span class='ocrx_word' id='word_1_83' title='bbox 2722 2312 2769 2471; x_wconf 89' lang='lat' dir='ltr'>neque</span> <span class='ocrx_word' id='word_1_84' title='bbox 2722 2507 2782 2681; x_wconf 75' lang='lat' dir='ltr'>dona,</span> <span class='ocrx_word' id='word_1_85' title='bbox 2733 2718 2780 2807; x_wconf 85' lang='lat' dir='ltr'>sed</span> <span class='ocrx_word' id='word_1_86' title='bbox 2734 2842 2780 2901; x_wconf 85' lang='lat' dir='ltr'>fr</span> <span class='ocrx_word' id='word_1_87' title='bbox 2732 2917 2762 2973; x_wconf 90' lang='lat' dir='ltr'>u-</span> 
     </span>
     <span class='ocr_line' id='line_1_17' title="bbox 2638 1283 2722 2971; textangle 270"><span class='ocrx_word' id='word_1_88' title='bbox 2678 1283 2721 1420; x_wconf 86' lang='lat' dir='ltr'>ctus</span> <span class='ocrx_word' id='word_1_89' title='bbox 2659 1457 2722 1780; x_wconf 75' lang='lat' dir='ltr'>nominantur,</span> <span class='ocrx_word' id='word_1_90' title='bbox 2654 1817 2700 1914; x_wconf 85' lang='lat' dir='ltr'>quo</span> <span class='ocrx_word' id='word_1_91' title='bbox 2662 1950 2709 2189; x_wconf 71' lang='lat' dir='ltr'>vocabulo</span> <span class='ocrx_word' id='word_1_92' title='bbox 2658 2225 2690 2469; x_wconf 83' lang='lat' dir='ltr'>merces</span> <span class='ocrx_word' id='word_1_93' title='bbox 2656 2506 2703 2580; x_wconf 76' lang='lat' dir='ltr'>vel</span> <span class='ocrx_word' id='word_1_94' title='bbox 2638 2618 2695 2971; x_wconf 88' lang='lat' dir='ltr'>proventus</span> 
     </span>
     <span class='ocr_line' id='line_1_18' title="bbox 2560 1280 2646 2972; textangle 270"><span class='ocrx_word' id='word_1_95' title='bbox 2583 1280 2646 1598; x_wconf 80' lang='lat' dir='ltr'>significatur.</span> <span class='ocrx_word' id='word_1_96' title='bbox 2589 1668 2640 1827; x_wconf 84' lang='lat' dir='ltr'>Nimis</span> <span class='ocrx_word' id='word_1_97' title='bbox 2584 1864 2628 2029; x_wconf 81' lang='lat' dir='ltr'>autem</span> <span class='ocrx_word' id='word_1_98' title='bbox 2566 2057 2629 2235; x_wconf 88' lang='lat' dir='ltr'>cupide</span> <span class='ocrx_word' id='word_1_99' title='bbox 2576 2260 2627 2551; x_wconf 61' lang='lat' dir='ltr'>lVelckerus</span> <span class='ocrx_word' id='word_1_100' title='bbox 2575 2588 2606 2647; x_wconf 84' lang='lat' dir='ltr'>ex</span> <span class='ocrx_word' id='word_1_101' title='bbox 2563 2677 2622 2788; x_wconf 80' lang='lat' dir='ltr'>ista,</span> <span class='ocrx_word' id='word_1_102' title='bbox 2560 2826 2607 2972; x_wconf 90' lang='lat' dir='ltr'>quam</span> 
     </span>
     <span class='ocr_line' id='line_1_19' title="bbox 2474 1276 2565 2970; textangle 270"><span class='ocrx_word' id='word_1_103' title='bbox 2503 1276 2565 1492; x_wconf 82' lang='lat' dir='ltr'>putabat,</span> <span class='ocrx_word' id='word_1_104' title='bbox 2508 1528 2563 1845; x_wconf 85' lang='lat' dir='ltr'>similitudine</span> <span class='ocrx_word' id='word_1_105' title='bbox 2503 1880 2552 2089; x_wconf 88' lang='lat' dir='ltr'>coniecit</span> <span class='ocrx_word' id='word_1_106' title='bbox 2500 2123 2533 2184; x_wconf 85' lang='lat' dir='ltr'>ex</span> <span class='ocrx_word' id='word_1_107' title='bbox 2495 2220 2547 2530; x_wconf 87' lang='lat' dir='ltr'>Alcmaeonis</span> <span class='ocrx_word' id='word_1_108' title='bbox 2477 2568 2541 2727; x_wconf 85' lang='lat' dir='ltr'>aliqua</span> <span class='ocrx_word' id='word_1_109' title='bbox 2474 2776 2539 2970; x_wconf 87' lang='lat' dir='ltr'>Sopho-</span> 
     </span>
     <span class='ocr_line' id='line_1_20' title="bbox 2398 1276 2485 2970; textangle 270"><span class='ocrx_word' id='word_1_110' title='bbox 2438 1276 2485 1365; x_wconf 90' lang='lat' dir='ltr'>clis</span> <span class='ocrx_word' id='word_1_111' title='bbox 2435 1399 2484 1567; x_wconf 84' lang='lat' dir='ltr'>fabula</span> <span class='ocrx_word' id='word_1_112' title='bbox 2431 1602 2481 1711; x_wconf 85' lang='lat' dir='ltr'>illos</span> <span class='ocrx_word' id='word_1_113' title='bbox 2426 1747 2460 1917; x_wconf 74' lang='lat' dir='ltr'>versus</span> <span class='ocrx_word' id='word_1_114' title='bbox 2405 1955 2471 2240; x_wconf 80' lang='lat' dir='ltr'>depromtos</span> <span class='ocrx_word' id='word_1_115' title='bbox 2403 2278 2449 2405; x_wconf 67' lang='lat' dir='ltr'>esse,</span> <span class='ocrx_word' id='word_1_116' title='bbox 2398 2445 2446 2650; x_wconf 86' lang='lat' dir='ltr'>eamque</span> <span class='ocrx_word' id='word_1_117' title='bbox 2409 2676 2458 2820; x_wconf 90' lang='lat' dir='ltr'>latine</span> <span class='ocrx_word' id='word_1_118' title='bbox 2407 2847 2440 2970; x_wconf 90' lang='lat' dir='ltr'>con-</span> 
     </span>
     <span class='ocr_line' id='line_1_21' title="bbox 2321 1273 2398 2964; textangle 270"><span class='ocrx_word' id='word_1_119' title='bbox 2356 1273 2390 1463; x_wconf 82' lang='lat' dir='ltr'>versam</span> <span class='ocrx_word' id='word_1_120' title='bbox 2353 1502 2386 1612; x_wconf 89' lang='lat' dir='ltr'>esse</span> <span class='ocrx_word' id='word_1_121' title='bbox 2352 1648 2398 1707; x_wconf 82' lang='lat' dir='ltr'>ab</span> <span class='ocrx_word' id='word_1_122' title='bbox 2346 1745 2394 1896; x_wconf 82' lang='lat' dir='ltr'>Attio.</span> <span class='ocrx_word' id='word_1_123' title='bbox 2327 1967 2389 2116; x_wconf 82' lang='lat' dir='ltr'>Atqui</span> <span class='ocrx_word' id='word_1_124' title='bbox 2340 2151 2386 2213; x_wconf 91' lang='lat' dir='ltr'>de</span> <span class='ocrx_word' id='word_1_125' title='bbox 2321 2250 2386 2511; x_wconf 85' lang='lat' dir='ltr'>Sophoclis</span> <span class='ocrx_word' id='word_1_126' title='bbox 2329 2542 2379 2842; x_wconf 82' lang='lat' dir='ltr'>Alcmaeone</span> <span class='ocrx_word' id='word_1_127' title='bbox 2328 2865 2368 2964; x_wconf 87' lang='lat' dir='ltr'>tam</span> 
     </span>
     <span class='ocr_line' id='line_1_22' title="bbox 2234 1271 2318 2965; textangle 270"><span class='ocrx_word' id='word_1_128' title='bbox 2261 1271 2308 1430; x_wconf 87' lang='lat' dir='ltr'>pauca</span> <span class='ocrx_word' id='word_1_129' title='bbox 2259 1465 2318 1666; x_wconf 88' lang='lat' dir='ltr'>tamque</span> <span class='ocrx_word' id='word_1_130' title='bbox 2267 1701 2317 1885; x_wconf 81' lang='lat' dir='ltr'>incerta</span> <span class='ocrx_word' id='word_1_131' title='bbox 2262 1922 2302 2033; x_wconf 85' lang='lat' dir='ltr'>sunt</span> <span class='ocrx_word' id='word_1_132' title='bbox 2243 2070 2305 2375; x_wconf 79' lang='lat' dir='ltr'>testimonia,</span> <span class='ocrx_word' id='word_1_133' title='bbox 2254 2425 2296 2480; x_wconf 86' lang='lat' dir='ltr'>ut</span> <span class='ocrx_word' id='word_1_134' title='bbox 2234 2529 2283 2859; x_wconf 66' lang='lat' dir='ltr'>magnopere,</span> <span class='ocrx_word' id='word_1_135' title='bbox 2247 2904 2279 2965; x_wconf 87' lang='lat' dir='ltr'>ne</span> 
     </span>
     <span class='ocr_line' id='line_1_23' title="bbox 2151 1270 2241 2961; textangle 270"><span class='ocrx_word' id='word_1_136' title='bbox 2180 1270 2229 1518; x_wconf 87' lang='lat' dir='ltr'>nunquam</span> <span class='ocrx_word' id='word_1_137' title='bbox 2179 1552 2241 1718; x_wconf 75' lang='lat' dir='ltr'>fuerit,</span> <span class='ocrx_word' id='word_1_138' title='bbox 2184 1755 2220 1943; x_wconf 79' lang='lat' dir='ltr'>verear.</span> <span class='ocrx_word' id='word_1_139' title='bbox 2179 2012 2229 2179; x_wconf 86' lang='lat' dir='ltr'>Facile</span> <span class='ocrx_word' id='word_1_140' title='bbox 2176 2217 2223 2346; x_wconf 90' lang='lat' dir='ltr'>enim</span> <span class='ocrx_word' id='word_1_141' title='bbox 2157 2377 2223 2639; x_wconf 85' lang='lat' dir='ltr'>Sophoclis</span> <span class='ocrx_word' id='word_1_142' title='bbox 2168 2667 2201 2843; x_wconf 89' lang='lat' dir='ltr'>nomen</span> <span class='ocrx_word' id='word_1_143' title='bbox 2151 2871 2198 2961; x_wconf 90' lang='lat' dir='ltr'>pro</span> 
     </span>
     <span class='ocr_line' id='line_1_24' title="bbox 2072 1266 2165 2961; textangle 270"><span class='ocrx_word' id='word_1_144' title='bbox 2100 1266 2165 1523; x_wconf 84' lang='lat' dir='ltr'>Euripidis</span> <span class='ocrx_word' id='word_1_145' title='bbox 2114 1560 2154 1644; x_wconf 87' lang='lat' dir='ltr'>aut</span> <span class='ocrx_word' id='word_1_146' title='bbox 2108 1681 2157 1824; x_wconf 86' lang='lat' dir='ltr'>etiam</span> <span class='ocrx_word' id='word_1_147' title='bbox 2090 1861 2136 1949; x_wconf 89' lang='lat' dir='ltr'>pro</span> <span class='ocrx_word' id='word_1_148' title='bbox 2098 1986 2151 2263; x_wconf 81' lang='lat' dir='ltr'>Theodecti</span> <span class='ocrx_word' id='word_1_149' title='bbox 2094 2299 2141 2374; x_wconf 75' lang='lat' dir='ltr'>vel</span> <span class='ocrx_word' id='word_1_150' title='bbox 2091 2411 2140 2596; x_wconf 85' lang='lat' dir='ltr'>Achaei</span> <span class='ocrx_word' id='word_1_151' title='bbox 2090 2631 2136 2707; x_wconf 75' lang='lat' dir='ltr'>vel</span> <span class='ocrx_word' id='word_1_152' title='bbox 2072 2748 2135 2961; x_wconf 74' lang='lat' dir='ltr'>Astyda-</span> 
     </span>
     <span class='ocr_line' id='line_1_25' title="bbox 1994 1266 2082 2957; textangle 270"><span class='ocrx_word' id='word_1_153' title='bbox 2036 1266 2082 1443; x_wconf 89' lang='lat' dir='ltr'>mantis</span> <span class='ocrx_word' id='word_1_154' title='bbox 2036 1496 2082 1573; x_wconf 83' lang='lat' dir='ltr'>vel</span> <span class='ocrx_word' id='word_1_155' title='bbox 2010 1610 2081 1990; x_wconf 65' lang='lat' dir='ltr'>Chaeremonis„</span> <span class='ocrx_word' id='word_1_156' title='bbox 2020 2040 2050 2067; x_wconf 90' lang='lat' dir='ltr'>a</span> <span class='ocrx_word' id='word_1_157' title='bbox 2003 2115 2064 2292; x_wconf 84' lang='lat' dir='ltr'>quibus</span> <span class='ocrx_word' id='word_1_158' title='bbox 2012 2342 2059 2567; x_wconf 87' lang='lat' dir='ltr'>omnibus</span> <span class='ocrx_word' id='word_1_159' title='bbox 1994 2615 2055 2826; x_wconf 78' lang='lat' dir='ltr'>scriptae</span> <span class='ocrx_word' id='word_1_160' title='bbox 2005 2872 2053 2957; x_wconf 87' lang='lat' dir='ltr'>Al-</span> 
     </span>
     <span class='ocr_line' id='line_1_26' title="bbox 1911 1266 2002 2956; textangle 270"><span class='ocrx_word' id='word_1_161' title='bbox 1956 1266 2002 1515; x_wconf 90' lang='lat' dir='ltr'>cmaeonis</span> <span class='ocrx_word' id='word_1_162' title='bbox 1952 1565 2001 1664; x_wconf 71' lang='lat' dir='ltr'>sive</span> <span class='ocrx_word' id='word_1_163' title='bbox 1932 1713 1997 2078; x_wconf 81' lang='lat' dir='ltr'>Alphesiboeae</span> <span class='ocrx_word' id='word_1_164' title='bbox 1935 2125 1986 2320; x_wconf 84' lang='lat' dir='ltr'>fabulae</span> <span class='ocrx_word' id='word_1_165' title='bbox 1933 2380 1982 2541; x_wconf 84' lang='lat' dir='ltr'>fuisse</span> <span class='ocrx_word' id='word_1_166' title='bbox 1911 2598 1975 2956; x_wconf 72' lang='lat' dir='ltr'>traduntur*),</span> 
     </span>
     <span class='ocr_line' id='line_1_27' title="bbox 1842 1264 1923 2956; textangle 270"><span class='ocrx_word' id='word_1_167' title='bbox 1876 1264 1923 1495; x_wconf 84' lang='lat' dir='ltr'>substitui</span> <span class='ocrx_word' id='word_1_168' title='bbox 1860 1542 1919 1719; x_wconf 75' lang='lat' dir='ltr'>potuit.</span> <span class='ocrx_word' id='word_1_169' title='bbox 1865 1790 1916 1937; x_wconf 84' lang='lat' dir='ltr'>Certe</span> <span class='ocrx_word' id='word_1_170' title='bbox 1847 1974 1894 2119; x_wconf 86' lang='lat' dir='ltr'>quem</span> <span class='ocrx_word' id='word_1_171' title='bbox 1842 2156 1906 2464; x_wconf 66' lang='lat' dir='ltr'>Priscianus,</span> <span class='ocrx_word' id='word_1_172' title='bbox 1848 2527 1900 2723; x_wconf 85' lang='lat' dir='ltr'>fabulae</span> <span class='ocrx_word' id='word_1_173' title='bbox 1844 2763 1891 2956; x_wconf 88' lang='lat' dir='ltr'>nomine</span> 
     </span>
     <span class='ocr_line' id='line_1_28' title="bbox 1767 1260 1842 2589; textangle 270"><span class='ocrx_word' id='word_1_174' title='bbox 1795 1260 1828 1357; x_wconf 84' lang='lat' dir='ltr'>non</span> <span class='ocrx_word' id='word_1_175' title='bbox 1786 1393 1842 1590; x_wconf 87' lang='lat' dir='ltr'>addito,</span> <span class='ocrx_word' id='word_1_176' title='bbox 1777 1642 1834 1872; x_wconf 89' lang='lat' dir='ltr'>tanquam</span> <span class='ocrx_word' id='word_1_177' title='bbox 1767 1910 1832 2171; x_wconf 84' lang='lat' dir='ltr'>Sophoclis</span> <span class='ocrx_word' id='word_1_178' title='bbox 1776 2210 1824 2327; x_wconf 86' lang='lat' dir='ltr'>citat</span> <span class='ocrx_word' id='word_1_179' title='bbox 1772 2362 1804 2589; x_wconf 72' lang='lat' dir='ltr'>versum:</span> 
     </span>
     <span class='ocr_line' id='line_1_29' title="bbox 1676 1386 1770 2492; textangle 270"><span class='ocrx_word' id='word_1_180' title='bbox 1698 1386 1770 1759; x_wconf 75' lang='grc' dir='ltr'><em>Ἀλφεσίβοιαν</em></span> <span class='ocrx_word' id='word_1_181' title='bbox 1695 1793 1718 1805; x_wconf 74' lang='lat'>‚</span> <span class='ocrx_word' id='word_1_182' title='bbox 1690 1842 1755 1909; x_wconf 80' lang='grc' dir='ltr'>ἣν</span> <span class='ocrx_word' id='word_1_183' title='bbox 1703 1946 1753 1975; x_wconf 84' lang='grc' dir='ltr'>ὁ</span> <span class='ocrx_word' id='word_1_184' title='bbox 1683 2008 1748 2267; x_wconf 71' lang='grc' dir='ltr'>γεννήσας</span> <span class='ocrx_word' id='word_1_185' title='bbox 1676 2302 1741 2492; x_wconf 71' lang='grc' dir='ltr'><em>πατήρ,</em></span> 
     </span>
     <span class='ocr_line' id='line_1_30' title="bbox 1600 1260 1680 2950; textangle 270"><span class='ocrx_word' id='word_1_186' title='bbox 1635 1260 1667 1371; x_wconf 90' lang='lat' dir='ltr'>eum</span> <span class='ocrx_word' id='word_1_187' title='bbox 1616 1419 1680 1623; x_wconf 80' lang='lat' dir='ltr'>prologo</span> <span class='ocrx_word' id='word_1_188' title='bbox 1611 1669 1676 1972; x_wconf 86' lang='lat' dir='ltr'>Euripideae</span> <span class='ocrx_word' id='word_1_189' title='bbox 1615 2016 1668 2214; x_wconf 83' lang='lat' dir='ltr'>fabulae</span> <span class='ocrx_word' id='word_1_190' title='bbox 1610 2258 1661 2605; x_wconf 70' lang='lat' dir='ltr'>vindicandum</span> <span class='ocrx_word' id='word_1_191' title='bbox 1607 2641 1640 2754; x_wconf 86' lang='lat' dir='ltr'>esse</span> <span class='ocrx_word' id='word_1_192' title='bbox 1600 2789 1653 2950; x_wconf 77' lang='lat' dir='ltr'>video,</span> 
     </span>
     <span class='ocr_line' id='line_1_31' title="bbox 1513 1389 1603 2950; textangle 270"><span class='ocrx_word' id='word_1_193' title='bbox 1552 1389 1603 1576; x_wconf 88' lang='lat' dir='ltr'>Rerum</span> <span class='ocrx_word' id='word_1_194' title='bbox 1547 1613 1593 1773; x_wconf 89' lang='lat' dir='ltr'>status</span> <span class='ocrx_word' id='word_1_195' title='bbox 1544 1810 1576 1869; x_wconf 89' lang='lat' dir='ltr'>eo</span> <span class='ocrx_word' id='word_1_196' title='bbox 1524 1906 1583 2156; x_wconf 70' lang='lat' dir='ltr'>tempore,</span> <span class='ocrx_word' id='word_1_197' title='bbox 1519 2195 1565 2290; x_wconf 86' lang='lat' dir='ltr'>quo</span> <span class='ocrx_word' id='word_1_198' title='bbox 1532 2325 1563 2405; x_wconf 85' lang='lat' dir='ltr'>res</span> <span class='ocrx_word' id='word_1_199' title='bbox 1515 2444 1576 2520; x_wconf 83' lang='lat' dir='ltr'>agi</span> <span class='ocrx_word' id='word_1_200' title='bbox 1513 2557 1576 2829; x_wconf 77' lang='lat' dir='ltr'>finguntur,</span> <span class='ocrx_word' id='word_1_201' title='bbox 1523 2868 1571 2950; x_wconf 86' lang='lat' dir='ltr'>hic</span> 
     </span>
     <span class='ocr_line' id='line_1_32' title="bbox 1434 1256 1522 2949; textangle 270"><span class='ocrx_word' id='word_1_202' title='bbox 1475 1256 1519 1347; x_wconf 87' lang='lat' dir='ltr'>est.</span> <span class='ocrx_word' id='word_1_203' title='bbox 1471 1386 1522 1653; x_wconf 87' lang='lat' dir='ltr'>Alcmaeon</span> <span class='ocrx_word' id='word_1_204' title='bbox 1455 1689 1498 1814; x_wconf 87' lang='lat' dir='ltr'>cum,</span> <span class='ocrx_word' id='word_1_205' title='bbox 1463 1854 1506 1903; x_wconf 85' lang='lat' dir='ltr'>et</span> <span class='ocrx_word' id='word_1_206' title='bbox 1446 1936 1505 2089; x_wconf 83' lang='lat' dir='ltr'>patris</span> <span class='ocrx_word' id='word_1_207' title='bbox 1452 2127 1501 2365; x_wconf 86' lang='lat' dir='ltr'>mandatis</span> <span class='ocrx_word' id='word_1_208' title='bbox 1451 2403 1492 2453; x_wconf 89' lang='lat' dir='ltr'>et</span> <span class='ocrx_word' id='word_1_209' title='bbox 1434 2487 1496 2726; x_wconf 88' lang='lat' dir='ltr'>Apollinis</span> <span class='ocrx_word' id='word_1_210' title='bbox 1443 2750 1491 2949; x_wconf 87' lang='lat' dir='ltr'>oraculo</span> 
     </span>
     <span class='ocr_line' id='line_1_33' title="bbox 1350 1254 1443 2946; textangle 270"><span class='ocrx_word' id='word_1_211' title='bbox 1379 1254 1443 1512; x_wconf 80' lang='lat' dir='ltr'>impulsus,</span> <span class='ocrx_word' id='word_1_212' title='bbox 1387 1547 1431 1757; x_wconf 88' lang='lat' dir='ltr'>matrem</span> <span class='ocrx_word' id='word_1_213' title='bbox 1364 1795 1432 2159; x_wconf 62' lang='lat' dir='ltr'>interfecisset,</span> <span class='ocrx_word' id='word_1_214' title='bbox 1373 2195 1422 2339; x_wconf 87' lang='lat' dir='ltr'>furiis</span> <span class='ocrx_word' id='word_1_215' title='bbox 1354 2376 1418 2587; x_wconf 81' lang='lat' dir='ltr'>agitatus</span> <span class='ocrx_word' id='word_1_216' title='bbox 1350 2623 1417 2946; x_wconf 88' lang='lat' dir='ltr'>Psophidem,</span> 
     </span>
     <span class='ocr_line' id='line_1_34' title="bbox 1274 1251 1363 2944; textangle 270"><span class='ocrx_word' id='word_1_217' title='bbox 1311 1251 1363 1493; x_wconf 85' lang='lat' dir='ltr'>Arcadiae</span> <span class='ocrx_word' id='word_1_218' title='bbox 1294 1528 1358 1728; x_wconf 75' lang='lat' dir='ltr'>urbem,</span> <span class='ocrx_word' id='word_1_219' title='bbox 1289 1777 1346 2000; x_wconf 82' lang='lat' dir='ltr'>pervenit</span> <span class='ocrx_word' id='word_1_220' title='bbox 1297 2049 1344 2110; x_wconf 92' lang='lat' dir='ltr'>ad</span> <span class='ocrx_word' id='word_1_221' title='bbox 1278 2159 1343 2427; x_wconf 80' lang='lat' dir='ltr'>Phegeum.</span> <span class='ocrx_word' id='word_1_222' title='bbox 1289 2497 1337 2540; x_wconf 91' lang='lat' dir='ltr'>A</span> <span class='ocrx_word' id='word_1_223' title='bbox 1274 2577 1320 2672; x_wconf 87' lang='lat' dir='ltr'>quo</span> <span class='ocrx_word' id='word_1_224' title='bbox 1282 2709 1335 2944; x_wconf 88' lang='lat' dir='ltr'>lustratus</span> 
     </span>
     <span class='ocr_line' id='line_1_35' title="bbox 1191 1251 1281 2943; textangle 270"><span class='ocrx_word' id='word_1_225' title='bbox 1216 1251 1281 1604; x_wconf 81' lang='lat' dir='ltr'>expiatusque,</span> <span class='ocrx_word' id='word_1_226' title='bbox 1224 1659 1275 1811; x_wconf 86' lang='lat' dir='ltr'>filiam</span> <span class='ocrx_word' id='word_1_227' title='bbox 1217 1860 1269 2082; x_wconf 88' lang='lat' dir='ltr'>eiusdem</span> <span class='ocrx_word' id='word_1_228' title='bbox 1198 2125 1262 2509; x_wconf 89' lang='lat' dir='ltr'>Alphesiboeam</span> <span class='ocrx_word' id='word_1_229' title='bbox 1207 2545 1241 2750; x_wconf 81' lang='lat' dir='ltr'>uxorem</span> <span class='ocrx_word' id='word_1_230' title='bbox 1191 2785 1252 2943; x_wconf 82' lang='lat' dir='ltr'>duxit,</span> 
     </span>
     <span class='ocr_line' id='line_1_36' title="bbox 1122 1254 1202 2939; textangle 270"><span class='ocrx_word' id='word_1_231' title='bbox 1155 1254 1202 1332; x_wconf 88' lang='lat' dir='ltr'>cui</span> <span class='ocrx_word' id='word_1_232' title='bbox 1153 1367 1201 1513; x_wconf 84' lang='lat' dir='ltr'>etiam</span> <span class='ocrx_word' id='word_1_233' title='bbox 1146 1564 1195 1745; x_wconf 89' lang='lat' dir='ltr'>monile</span> <span class='ocrx_word' id='word_1_234' title='bbox 1145 1789 1176 1845; x_wconf 90' lang='lat' dir='ltr'>ac</span> <span class='ocrx_word' id='word_1_235' title='bbox 1122 1894 1185 2097; x_wconf 82' lang='lat' dir='ltr'>peplum</span> <span class='ocrx_word' id='word_1_236' title='bbox 1133 2146 1180 2274; x_wconf 91' lang='lat' dir='ltr'>dono</span> <span class='ocrx_word' id='word_1_237' title='bbox 1130 2322 1180 2476; x_wconf 85' lang='lat' dir='ltr'>dedit.</span> <span class='ocrx_word' id='word_1_238' title='bbox 1127 2546 1177 2726; x_wconf 86' lang='lat' dir='ltr'>Postea</span> <span class='ocrx_word' id='word_1_239' title='bbox 1122 2776 1166 2939; x_wconf 90' lang='lat' dir='ltr'>autem</span> 
     </span>
     <span class='ocr_line' id='line_1_37' title="bbox 1030 1249 1121 2939; textangle 270"><span class='ocrx_word' id='word_1_240' title='bbox 1074 1249 1107 1361; x_wconf 89' lang='lat' dir='ltr'>cum</span> <span class='ocrx_word' id='word_1_241' title='bbox 1068 1395 1121 1709; x_wconf 89' lang='lat' dir='ltr'>nihilominus</span> <span class='ocrx_word' id='word_1_242' title='bbox 1062 1753 1113 1885; x_wconf 84' lang='lat' dir='ltr'>same</span> <span class='ocrx_word' id='word_1_243' title='bbox 1057 1936 1100 1985; x_wconf 82' lang='lat' dir='ltr'>et</span> <span class='ocrx_word' id='word_1_244' title='bbox 1039 2031 1101 2312; x_wconf 78' lang='lat' dir='ltr'>pestilentia</span> <span class='ocrx_word' id='word_1_245' title='bbox 1034 2342 1093 2548; x_wconf 84' lang='lat' dir='ltr'>propter</span> <span class='ocrx_word' id='word_1_246' title='bbox 1046 2582 1079 2693; x_wconf 88' lang='lat' dir='ltr'>eum</span> <span class='ocrx_word' id='word_1_247' title='bbox 1030 2728 1092 2939; x_wconf 90' lang='lat' dir='ltr'>populus</span> 
     </span>
     <span class='ocr_line' id='line_1_38' title="bbox 956 1248 1031 2937; textangle 270"><span class='ocrx_word' id='word_1_248' title='bbox 978 1248 1030 1591; x_wconf 78' lang='lat' dir='ltr'>premeretur,</span> <span class='ocrx_word' id='word_1_249' title='bbox 980 1641 1031 1893; x_wconf 88' lang='lat' dir='ltr'>consultus</span> <span class='ocrx_word' id='word_1_250' title='bbox 962 1929 1026 2110; x_wconf 88' lang='lat' dir='ltr'>Apollo</span> <span class='ocrx_word' id='word_1_251' title='bbox 956 2153 1019 2425; x_wconf 73' lang='lat' dir='ltr'>respondit,</span> <span class='ocrx_word' id='word_1_252' title='bbox 966 2460 1000 2745; x_wconf 89' lang='lat' dir='ltr'>recessuras</span> <span class='ocrx_word' id='word_1_253' title='bbox 965 2779 1012 2838; x_wconf 90' lang='lat' dir='ltr'>ab</span> <span class='ocrx_word' id='word_1_254' title='bbox 962 2876 996 2937; x_wconf 91' lang='lat' dir='ltr'>eo</span> 
     </span>
    </p>
   </div>
   <div class='ocr_carea' id='block_1_7' title="bbox 744 1316 875 2932">
    <p class='ocr_par' dir='ltr' id='par_1_7' title="bbox 744 1316 875 2932">
     <span class='ocr_line' id='line_1_39' title="bbox 798 1316 875 2932; textangle 270"><span class='ocrx_word' id='word_1_255' title='bbox 820 1316 875 1360; x_wconf 73' lang='lat'>¹⁸¹)</span> <span class='ocrx_word' id='word_1_256' title='bbox 831 1388 874 1497; x_wconf 85' lang='lat' dir='ltr'>Vide</span> <span class='ocrx_word' id='word_1_257' title='bbox 815 1516 872 1649; x_wconf 86' lang='lat' dir='ltr'>Diog.</span> <span class='ocrx_word' id='word_1_258' title='bbox 809 1677 869 1979; x_wconf 80' lang='lat' dir='ltr'>Laert.11‚42.</span> <span class='ocrx_word' id='word_1_259' title='bbox 812 2038 858 2216; x_wconf 79' lang='lat' dir='ltr'>Aristot.</span> <span class='ocrx_word' id='word_1_260' title='bbox 810 2237 855 2362; x_wconf 82' lang='lat' dir='ltr'>Poet.</span> <span class='ocrx_word' id='word_1_261' title='bbox 798 2384 852 2494; x_wconf 86' lang='lat' dir='ltr'>XIV,</span> <span class='ocrx_word' id='word_1_262' title='bbox 805 2513 850 2555; x_wconf 88' lang='grc'>6.</span> <span class='ocrx_word' id='word_1_263' title='bbox 803 2623 848 2784; x_wconf 83' lang='lat' dir='ltr'>Athen.</span> <span class='ocrx_word' id='word_1_264' title='bbox 802 2810 845 2932; x_wconf 87' lang='lat' dir='ltr'><strong>XIII.</strong></span> 
     </span>
     <span class='ocr_line' id='line_1_40' title="bbox 744 1386 803 1711; textangle 270"><span class='ocrx_word' id='word_1_265' title='bbox 749 1386 789 1430; x_wconf 83' lang='lat' dir='ltr'>p.</span> <span class='ocrx_word' id='word_1_266' title='bbox 760 1450 803 1547; x_wconf 81' lang='lat'><strong>608.</strong></span> <span class='ocrx_word' id='word_1_267' title='bbox 744 1570 800 1711; x_wconf 74' lang='lat'>(453.)</span> 
     </span>
    </p>
   </div>
   <div class='ocr_carea' id='block_1_8' title="bbox 0 0 0 2621">
    <p class='ocr_par' dir='ltr' id='par_1_8' title="bbox 0 0 0 2621">
     <span class='ocr_line' id='line_1_41' title="bbox 0 0 0 2621; textangle 270"><span class='ocrx_word' id='word_1_268' title='bbox 0 0 0 2621; x_wconf 95' lang='lat' dir='ltr'>                                                </span> 
     </span>
    </p>
   </div>
   <div class='ocr_carea' id='block_1_9' title="bbox 0 0 761 3332">
    <p class='ocr_par' dir='ltr' id='par_1_9' title="bbox 0 0 761 3332">
     <span class='ocr_line' id='line_1_42' title="bbox 0 0 761 3332; textangle 270"><span class='ocrx_word' id='word_1_269' title='bbox 0 0 761 3332; x_wconf 95' lang='lat' dir='ltr'> </span> 
     </span>
    </p>
   </div>
   <div class='ocr_carea' id='block_1_10' title="bbox 2324 3334 3852 3336">
    <p class='ocr_par' dir='ltr' id='par_1_10' title="bbox 2324 3334 3852 3336">
     <span class='ocr_line' id='line_1_43' title="bbox 2324 3334 3852 3336; textangle 270"><span class='ocrx_word' id='word_1_270' title='bbox 2324 3334 3852 3336; x_wconf 95' lang='lat' dir='ltr'> </span> 
     </span>
    </p>
   </div>
   <div class='ocr_carea' id='block_1_11' title="bbox 670 3334 1775 3336">
    <p class='ocr_par' dir='ltr' id='par_1_11' title="bbox 670 3334 1775 3336">
     <span class='ocr_line' id='line_1_44' title="bbox 670 3334 1775 3336; textangle 270"><span class='ocrx_word' id='word_1_271' title='bbox 670 3334 1775 3336; x_wconf 95' lang='lat' dir='ltr'> </span> 
     </span>
    </p>
   </div>
  </div>
 </body>
</html>
