5010 3336
1141 2118 1200 2235 265

1299 2712 1349 2867 Esset
1292 2472 1344 2678 dolendi
1306 2242 1349 2437 caussa,
1296 2151 1336 2208 ut
1287 1929 1335 2115 iniecto
1284 1691 1349 1893 equulei

1379 2693 1427 2862 Freno
1381 2450 1439 2660 ‘repente
1377 2272 1418 2417 tacta
1367 1904 1429 2236 exagitamur
1379 1711 1410 1869 novo.-

1457 2757 1505 2863 Sed
1458 2619 1503 2723 iam
1452 2350 1500 2586 subactus
1447 2099 1495 2317 miseriis
1443 1783 1506 2061 obtorpui.”

1536 2639 1597 2865 Magnam
1532 2438 1579 2589 fuisse
1528 2244 1575 2385 huius
1523 1995 1572 2187 fabulae
1520 1743 1569 1934 laudem
1515 1482 1564 1681 Ovidius
1519 1352 1561 1425 te-

1620 2836 1665 2991 statur
1613 2626 1675 2800 (Trist.
1611 2538 1670 2597 11,
1610 2348 1669 2510 384.):

1692 2628 1753 2863 „Nobilis
1695 2518 1736 2590 est
1686 2280 1733 2478 Canace
1681 2069 1745 2258 fratris
1694 1864 1727 2033 amore
1675 1702 1725 1831 sui.''

1776 2927 1823 2992 Et
1775 2784 1820 2878 iam
1766 2401 1829 2734 Aristophanis
1769 2135 1824 2354 tempore
1764 1925 1822 2087 partes
1756 1746 1803 1888 huius
1751 1481 1800 1708 dramatis
1748 1347 1796 1446 fre-

1860 2784 1917 2990 quenter
1849 2612 1910 2750 vulgo
1844 2396 1893 2576 cantari
1842 2196 1889 2361 solitas
1854 2034 1886 2143 esse
1833 1670 1898 1990 Phidippides
1833 1345 1892 1624 argumento

1938 2911 1982 2989 est
1932 2727 1995 2875 (Nub.
1924 2487 1987 2689 1375.):

2008 2830 2059 2859 ὁ
2008 2750 2058 2795 δ’
1997 2554 2062 2713 εὐθὺς
1998 2439 2066 2523 ᾖσ’
1997 2109 2064 2401 Εὐριπίδου
1994 1920 2062 2071 ῥῆσίν
1995 1773 2053 1888 τιν’,
1989 1668 2050 1736 ὡς
1986 1478 2039 1632 ἐκίνει

2085 2619 2150 2858 ἁδελφός,
2076 2542 2133 2581 ὦ
2076 2203 2141 2501 Ἀλεξίκακε,
2075 2072 2142 2169 τὴν
2071 1715 2141 2038 ὁμομητρίαν
2066 1435 2133 1680 ἀδελφήν.

2169 2815 2232 2987 Neque
2166 2576 2228 2773 reliquis
2162 2228 2226 2529 temporibus
2175 2072 2206 2179 eam
2156 1822 2218 2022 gloriam
2155 1484 2200 1786 obscuratam
2161 1338 2194 1447 esse

2249 2876 2297 2988 inde
2250 2625 2311 2841 apparet,
2243 2458 2304 2587 quod
2238 2133 2287 2421 nobilissimi
2236 1946 2283 2098 omnis
2233 1718 2298 1909 generis
2234 1470 2278 1689 auctores
2242 1339 2289 1451 pas—

2328 2892 2375 2986 sim
2327 2798 2373 2857 ad
2342 2657 2372 2760 eam
2325 2271 2385 2621 respexerunt,
2317 2093 2365 2222 velut
2315 1884 2370 2047 Plato,
2309 1550 2359 1839 Aristoteles
2304 1336 2368 1500 (Polit.

2404 2741 2466 2988 lll‚2‚5.)‚
2403 2383 2451 2702 Dicaearchus
2398 2068 2460 2365 (f1·ag1n‚l.),
2392 1663 2452 2033 Theophrastus
2383 1334 2450 1633 (fragm.2.),

2486 2758 2534 2984 Aelianus
2482 2576 2544 2727 (Hist.
2478 2305 2532 2545 anim.lV‚
2474 2158 2537 2280 54.)‚
2472 1908 2519 2120 Galenus
2470 1693 2529 1885 (fragm.
2466 1548 2528 1666 19.),
2465 1334 2526 1515 Diony-

2565 2880 2611 2982 sius
2563 2718 2621 2844 Hal„
2562 2507 2608 2682 Strabo
2558 2280 2620 2479 (fragm.
2553 2162 2616 2246 1.),
2550 1846 2599 2133 Plutarchus
2546 1622 2610 1817 (fragm.
2549 1556 2593 1602 2.
2547 1491 2593 1536 5.
2544 1333 2590 1475 9.11.

2644 2860 2704 2981 24.),
2643 2546 2690 2823 Athenaeus
2638 2324 2699 2519 (fragm.
2638 2250 2680 2293 3.
2638 2180 2680 2225 5.
2629 2036 2690 2152 lt),
2628 1825 2675 2000 Sextus
2626 1656 2687 1796 Emp.
2623 1331 2687 1631 (fragm.5.)‚

2722 2738 2771 2981 Lucianus
2720 2516 2781 2707 (fragm.
2714 2368 2775 2487 24),
2713 2159 2760 2329 Cicero
2709 1957 2772 2126 (Tusc.
2706 1839 2760 1922 111,
2703 1708 2765 1808 28.)
2738 1673 2759 1685 ‚
2708 1581 2751 1637 ut
2702 1329 2749 1547 omittam

2803 2862 2849 2980 alios
2799 2506 2847 2826 obscuriores.
2794 2384 2840 2437 In
2790 2142 2838 2348 theatris
2786 1904 2834 2105 eandem
2784 1659 2831 1879 omuibus
2781 1327 2843 1630 temporibus

2880 2755 2928 2982 floruisse
2892 2649 2925 2711 ex
2873 2398 2923 2605 Neronis
2868 2076 2917 2346 actionibus
2864 1743 2927 2042 intelligitur.
2861 1475 2908 1678 Accedit
2859 1325 2907 1441 Ovi-

2959 2913 3007 2979 dii
2956 2675 3005 2879 imitatio
2960 2588 3003 2639 et
2954 2261 3001 2553 comicorum
2960 1943 3010 2226 graecorum
2942 1650 2989 1905 allusiones
2939 1324 3001 1625 frequentis-

3039 2809 3087 2978 simae.
3036 2673 3083 2740 Et
3033 2304 3095 2653 Aristophanes
3025 2069 3089 2268 quidem
3038 1865 3071 2034 versus
3021 1713 3067 1830 alios
3018 1464 3075 1680 deflexit,
3017 1324 3064 1431 aliis

3119 2800 3166 2977 abusus
3120 2687 3163 2763 est
3116 2606 3162 2655 in
3112 2406 3174 2570 Equit.
3110 2225 3155 2366 1175.
3102 1985 3168 2183 (fragm.
3100 1852 3164 1951 2.)‚
3099 1679 3149 1806 Nub.
3100 1477 3157 1649 1468„
3097 1323 3145 1435 Pac.

3198 2864 3247 2975 114.
3197 2707 3250 2835 119„
3193 2467 3239 2666 Thesm.
3191 2322 3235 2437 177.
3191 2237 3243 2298 8.,
3185 2078 3233 2202 Ran.
3183 1908 3228 2049 1475.
3177 1446 3235 1839 Anaxandrides.‚
3176 1319 3239 1402 qui

3274 2766 3324 2975 traditur
3271 2547 3336 2733 primus
3265 2318 3329 2511 ἔρωτας
3261 2197 3313 2284 καὶ
3259 1881 3325 2165 παρθένων
3255 1644 3321 1855 φθοράς
3256 1444 3303 1619 fabulis
3256 1319 3303 1419 suis

3352 2678 3409 2975 inseruisse,
3365 2576 3395 2634 an
3347 2243 3408 2542 tragoediam
3344 2160 3390 2209 in
3340 1824 3389 2123 comoediam
3337 1511 3396 1795 mutaverit,
3336 1320 3384 1478 nesci-

3447 2836 3490 2971 mus3
3429 2714 3477 2799 sed
3426 2478 3474 2677 deflexit
3440 2252 3471 2444 versum
3419 1818 3468 2218 celeberrimum:

3493 2274 3502 2295 n

3502 2280 3517 2290 t

3507 2805 3574 2840 ἦ
3506 2627 3564 2773 πόλις
3501 2338 3569 2593 ἐβούλεθ’,
3520 2268 3564 2301 ῃ
3499 2053 3563 2233 νόμων
3493 1862 3545 2018 οὐδὲν
3492 1668 3557 1822 μέλει.

3592 2897 3641 2971 Ab
3588 2586 3651 2861 Antiphane
3591 2375 3642 2552 autem,
3582 2255 3645 2337 qui
3580 2018 3627 2219 eandem
3577 1747 3625 1982 rationem
3575 1674 3621 1721 in
3571 1473 3620 1649 fabulis
3586 1317 3617 1447 com-

3669 2733 3735 2970 ponendis
3671 2479 3713 2673 secutus
3669 2337 3722 2443 est,
3661 2164 3707 2291 idem
3660 1776 3721 2112 argumentum
3655 1471 3700 1729 tractatum
3664 1312 3697 1424 esse

3766 2908 3798 2967 ex
3749 2576 3811 2874 fragmento,
3743 2411 3807 2539 quod
3756 2225 3804 2374 supra
3737 1908 3801 2191 posuimus,
3738 1654 3799 1874 apparet.
3730 1460 3777 1586 Tum
3729 1313 3776 1425 Eri-

3828 2879 3893 2969 phi
3841 2652 3888 2844 quoque
3824 2439 3871 2615 Aeolus
3822 2335 3868 2393 ab
3820 2048 3867 2297 Athenaeo
3813 1930 3864 2013 IV.
3830 1845 3877 1894 p.
3814 1697 3860 1808 134.
3824 1312 3859 1660 commemora-

3914 2869 3967 2965 tur,
3906 2739 3953 2834 hoc
3904 2547 3968 2704 posito
3902 2212 3964 2513 fragmento:

3982 2681 4047 2835 λόγος
3981 2548 4046 2648 γάρ
3978 2413 4029 2512 ἐστ’
3977 2164 4041 2377 ἀρχαῖος
3972 2063 4023 2129 οὐ
3971 1858 4030 2030 κακῶς
3968 1680 4035 1825 ἔχων.

4057 2679 4112 2831 οἶνον
4060 2435 4125 2645 λέγουσι
4052 2278 4116 2403 τοὺς
4054 1982 4119 2246 γέροντας,
4044 1905 4101 1945 ὦ
4050 1695 4113 1873 πάτερ,

4142 2631 4191 2832 πείθειν
4139 2362 4206 2596 χορεύειν
4137 2264 4188 2327 οὐ
4134 1963 4191 2229 θέλοντας.

4222 2905 4270 2958 ln
4223 2552 4271 2872 Aeolosicone
4220 2169 4283 2519 Aristophanes
4230 2041 4263 2136 non
4216 1850 4262 2008 totum
4211 1647 4269 1831 drama,
4204 1522 4253 1610 sed
4207 1307 4268 1494 partem

4302 2851 4350 2956 eius
4302 2755 4350 2802 in
4302 2557 4351 2707 risum
4300 2240 4350 2508 detorsisse
4299 2014 4360 2192 potest.
4290 1699 4340 1928 Ceterum
4285 1528 4336 1648 nihil
4285 1306 4334 1480 horum
