5010 3336
1150 2102 1207 2223 319

1311 2713 1376 2985 oportet
1301 2424 1354 2680 ornandi
1298 2117 1347 2398 studium
1290 1653 1349 2092 dissimulare,
1302 1556 1336 1630 ne
1285 1337 1345 1525 facta,

1391 2875 1440 2986 sed
1390 2603 1452 2837 sponte
1387 2422 1430 2568 nata
1394 2238 1427 2377 esse
1374 1996 1422 2203 oratio
1372 1632 1418 1950 videatur:
1367 1495 1414 1589 hoc
1365 1332 1413 1462 enim

1470 2836 1518 2983 fidem
1466 2639 1521 2787 facit,
1461 2476 1510 2594 illud
1455 2118 1506 2429 contrarium.
1451 1803 1511 2052 Tanquam
1450 1641 1496 1767 enim
1447 1410 1493 1606 insidias
1451 1327 1491 1377 et

1551 2770 1597 2983 fucatam
1542 2456 1591 2721 orationem
1543 2358 1585 2409 et
1536 2163 1583 2325 vinum
1531 1926 1579 2128 mixtum
1543 1597 1575 1889 aversamur.
1524 1328 1571 1531 Dissi-

1626 2688 1676 2982 mulatur
1627 2440 1669 2643 autem
1617 2225 1672 2403 bene,
1612 2135 1659 2187 si
1610 1956 1673 2096 quis
1622 1846 1655 1918 ex
1609 1493 1653 1810 consueto
1619 1328 1650 1455 ser-

1720 2800 1754 2981 mone
1701 2502 1750 2765 delecta
1696 2298 1743 2467 scite
1690 1870 1751 2251 coniungat,
1684 1764 1731 1823 id
1683 1552 1745 1715 quod
1682 1326 1729 1501 Euri-

1783 2784 1846 2980 pides
1778 2576 1827 2737 facit
1776 2155 1839 2532 primusque
1764 1730 1815 2120 monstravit
1758 1405 1824 1693 (κλέπτεται
1758 1325 1809 1372 δ’

1855 2904 1923 2979 εὖ,
1857 2777 1910 2869 ἐάν
1875 2667 1917 2743 τις
1852 2579 1906 2634 ἐκ
1857 2457 1920 2545 τῆς
1850 2173 1908 2423 εἰωθυίας
1843 1865 1898 2138 διαλέκτου
1838 1604 1906 1827 ἐκλέγων
1842 1322 1904 1570 συντιθῇ,

1940 2852 2005 2979 ὅπερ
1935 2523 2002 2815 Εὐριπίδης
1935 2351 1984 2491 ποιεῖ
1928 2233 1982 2322 καὶ
1924 1970 1987 2201 ὑπέδειξε
1923 1710 1986 1937 πρῶτος)
1924 1617 1985 1681 ²²²).
1922 1321 1969 1574 Postrema

2038 2823 2087 2980 paene
2020 2728 2067 2789 ad
2018 2500 2066 2699 verbum
2014 2249 2063 2465 reddidit
2009 1982 2059 2216 Horatius
2011 1859 2053 1946 art.
2007 1690 2067 1821 poet.
2004 1567 2050 1660 47:

2098 2567 2149 2847 Dixeris
2094 2236 2160 2530 egregie,
2095 1987 2139 2199 notum
2085 1897 2133 1952 si
2080 1600 2132 1860 callida
2078 1318 2128 1577 verbum

2175 2428 2228 2846 Reddiderit
2175 2069 2222 2393 iunctura
2180 1795 2214 2035 novum.

2260 2841 2310 2975 Idem
2260 2698 2308 2794 hoc
2254 2179 2321 2653 praestantissimum
2245 1950 2296 2145 dicendi
2257 1762 2309 1917 genus
2239 1509 2305 1728 pluribus
2238 1313 2287 1477 verbis

2337 2618 2391 2975 commendavit
2352 2541 2383 2584 v.
2336 2407 2385 2507 240
2348 2204 2395 2373 seqq.:

2422 2734 2478 2849 Ex
2425 2503 2475 2668 noto
2416 2168 2492 2455 fictum
2424 1804 2466 2105 carmen
2419 1438 2477 1739 sequar,
2409 1313 2453 1383 ut

2499 1753 2567 2144 sibiquivis

2754 2614 2803 2837 Ausus
2748 2364 2797 2568 idem:
2750 2058 2794 2320 tantum
2739 1791 2788 2006 series
2736 1305 2797 1759 iuncturaque

2822 1886 2888 2146 pollet5

2912 2545 2961 2829 Tantum
2905 2438 2955 2509 de
2902 2191 2953 2404 medio
2900 1927 2950 2157 sumtis
2892 1616 2945 1889 accedit
2892 1302 2940 1584 honoris.

2995 2828 3045 2967 Haec
2993 2728 3041 2792 de
2987 2500 3038 2695 dicendi
3001 2285 3051 2466 genere
2983 2121 3030 2251 dicta
2996 1952 3039 2087 esse,
2975 1687 3040 1904 quamvis
2988 1492 3021 1653 rerum
2972 1299 3020 1455 series

3083 2821 3138 2967 atque
3075 2532 3120 2787 contextus
3068 2122 3122 2496 demonstraret,
3076 1927 3119 2087 nemo,
3055 1764 3121 1891 quod
3053 1570 3109 1737 sciam,
3053 1296 3115 1537 interpre-

3163 2858 3204 2965 tum
3156 2612 3216 2811 praeter
3145 2231 3195 2561 Wielandium
3142 2038 3191 2172 vidit.
3137 1746 3187 1953 Videtur
3132 1465 3180 1699 Horatius
3132 1294 3179 1419 haec

3233 2741 3282 2962 scribens
3229 2647 3275 2709 de
3226 2378 3287 2612 Euripide
3225 2072 3285 2343 cogitasse:
3217 1753 3267 2037 mirabiliter
3213 1603 3260 1730 euim
3214 1427 3261 1575 verba
3211 1295 3259 1401 eius

3316 2691 3374 2960 congruunt
3322 2550 3352 2656 cum
3304 2429 3350 2511 ino
3301 2126 3350 2391 Archimeli
3299 1704 3362 2089 epigrammate:

3385 2733 3453 2831 τὴν
3382 2408 3447 2709 Εὐριπίδεω
3380 2256 3445 2370 μήτ’
3377 2076 3443 2218 ἔρχεο
3376 1925 3441 2039 μήτ’
3370 1602 3436 1886 ἐπιβάλλον

3463 2468 3528 2731 δύςβατον
3459 2126 3523 2433 ἀνθρώποις
3451 1915 3521 2091 οἶμον,
3447 1567 3502 1879 ἀοιδοθέτα’

3546 2716 3611 2825 λείη
3543 2585 3609 2681 μὲν
3542 2453 3608 2553 γὰρ
3542 2285 3592 2416 ἰδεῖν
3538 2166 3591 2253 καὶ
3535 1822 3601 2130 ἐπίῤῥοθος·
3529 1702 3597 1770 ἢν
3527 1600 3579 1656 δέ
3545 1488 3588 1566 τις
3522 1289 3593 1455 αὐτὴν

3624 2480 3691 2728 εἰςβαίνῃ,
3624 2218 3689 2444 χαλεποῦ
3614 1895 3683 2183 τρηχυτὲρη
3613 1580 3668 1859 σκόλοπος·

3707 2758 3775 2828 ἢν
3705 2667 3758 2723 δὲ
3704 2570 3756 2633 τὰ
3704 2292 3771 2533 Μηδείης
3699 2007 3765 2256 Αἰητίδος
3700 1836 3758 1973 ἄκροι
3690 1560 3759 1801 χαράξῃς,

3786 2468 3853 2726 ἀμνήμων
3784 2291 3851 2435 κείσῃ
3780 2040 3846 2257 νέρθεν·
3774 1946 3829 2003 ἔα
3774 1598 3840 1910 στεφάνους.

3990 2851 4040 2897 ι““)
3986 2697 4028 2821 Adde
3982 2480 4026 2657 Aristot.
3981 2326 4021 2451 Poet.
3993 2243 4019 2279 c.
3976 2144 4018 2212 22.
3979 2074 4029 2113 §-
3974 2001 4016 2043 7.
3978 1926 4016 1968 et
3976 1858 4026 1897 ς.
3970 1748 4013 1826 10:
3968 1626 4012 1702 καὶ
3966 1535 4009 1585 ἐν
3964 1413 4020 1494 μὲν
3964 1276 4012 1372 τοῖς

4053 2598 4111 2813 ἡρωϊκοῖς
4048 2384 4094 2566 ἅπαντα
4047 2158 4104 2353 χρήσιμα
4045 2071 4088 2128 τὰ
4044 1803 4101 2041 εἰρημένα·
4039 1699 4083 1754 ἐν
4037 1601 4082 1659 δὲ
4040 1439 4085 1562 τοῖς
4034 1276 4087 1398 ἰαμ-

4125 2625 4182 2813 βείοις
4119 2465 4165 2561 διὰ
4118 2354 4162 2415 τὸ
4116 2208 4162 2299 ὅτι
4115 1892 4171 2149 μάλιστα
4112 1669 4164 1830 λέξιν
4106 1276 4162 1602 μιμεῖσθαι

4194 2623 4237 2813 ταῦτα
4188 2306 4248 2593 ἁρμόττει
4189 2166 4230 2277 ταῖν
4182 1814 4239 2136 ὀνομάτων,
4178 1624 4229 1782 ὅσοις
4174 1490 4219 1594 κᾶν
4173 1402 4217 1459 ἐν
4168 1274 4215 1369 λό-

4279 2680 4318 2810 γοις
4278 2565 4312 2653 τις
4259 2208 4317 2524 χρήσαιτο·
4256 2072 4301 2165 ἔστι
4255 1983 4299 2033 δὲ
4256 1885 4298 1942 τὰ
4253 1652 4297 1846 τοιαῦτα
4245 1572 4292 1622 τὰ
4243 1380 4301 1538 κύριον
4241 1273 4287 1351 καὶ

4332 2567 4389 2807 μεταφορὰ
4331 2460 4375 2539 καὶ
4328 2250 4384 2431 κόσμος.
