5010 3336
2928 3183 3049 3190 ,nm
3061 3182 3235 3187 *VC——

3339 3301 3380 3326 Il·

1011 2129 1066 2207 53

1162 2919 1210 3001 ubi
1161 2732 1208 2882 semel
1160 2522 1207 2696 choros
1160 2111 1221 2484 impetrassent,
1173 1969 1203 2062 non
1156 1733 1218 1933 singulis
1155 1491 1215 1697 fabulis,
1172 1340 1202 1444 cer—

1247 2899 1289 3003 tare
1241 2695 1288 2862 solitos
1256 2548 1286 2658 esse
1242 2455 1285 2504 et
1252 2332 1283 2411 res
1235 2141 1281 2285 docet
1241 2037 1281 2086 et
1236 1714 1281 1993 testimonia
1235 1337 1298 1678 grammatico-

1339 2896 1370 3004 rum
1318 2806 1383 2870 *).
1320 2594 1368 2739 Unde
1318 2337 1366 2561 Peliadas
1315 2194 1362 2302 κατ’
1309 1950 1378 2155 ἐξοχήυ,
1314 1792 1360 1901 loco
1316 1595 1362 1747 totius
1314 1337 1361 1559 didasca-

1401 2895 1459 3002 liae,
1402 2656 1464 2841 positas
1413 2510 1444 2619 esse
1401 2255 1458 2473 apparet.
1394 2016 1455 2184 Qualis
1399 1822 1439 1980 autem
1394 1494 1452 1783 dramatum,
1409 1334 1455 1458 quae

1496 2911 1527 3004 una
1481 2598 1534 2874 ederentur,
1477 2439 1522 2562 ratio
1475 2246 1521 2396 fuerit
1480 2150 1521 2199 et
1490 1945 1520 2107 rerum
1478 1610 1535 1898 respectuS,
1489 1406 1533 1563 neque
1489 1335 1519 1362 a

1562 2758 1608 3005 veteribus
1557 2491 1604 2721 traditum
1559 2378 1601 2453 est
1560 2294 1600 2341 et
1554 2121 1601 2259 nobis
1551 1877 1599 2084 difficile
1552 1578 1598 1843 intellectu,
1550 1334 1612 1508 Neque

1642 2878 1688 3005 euim
1640 2717 1686 2843 idem
1652 2513 1683 2679 omnes
1639 2302 1698 2477 poetae
1635 1992 1681 2267 institutum
1646 1734 1677 1954 servasse
1631 1455 1689 1697 videntur,
1646 1335 1677 1419 ne—

1736 2912 1782 3005 que
1724 2696 1765 2875 certam
1717 2506 1762 2651 iidem
1716 2408 1761 2456 in
1714 2171 1776 2372 singulis
1711 1786 1775 2133 componendis
1708 1461 1756 1738 ‹lidascaliis
1724 1336 1755 1413 ra-

1800 2823 1847 3007 tionem
1796 2628 1843 2785 secuti
1811 2447 1843 2573 esse.
1794 2316 1841 2381 Et
1793 2017 1854 2267 Euripidis
1790 1784 1852 1981 quidem
1804 1623 1850 1745 quae
1787 1334 1834 1588 traduntur

1879 2853 1925 3008 fuisse
1875 2531 1937 2818 tetralogiae
1874 2166 1936 2497 trilogiaeque„
1873 1957 1918 2127 harum
1874 1837 1916 1921 aut
1869 1618 1915 1802 nullum
1871 1506 1912 1587 aut
1867 1333 1912 1480 laxis-

1958 2832 2003 3007 simum
1956 2643 2002 2797 fuisse
1954 2339 2011 2610 vinculum,
1954 2104 2000 2297 nomina
1951 1960 2013 2067 ipsa
1950 1654 1996 1925 dramatum
1945 1338 1994 1619 ostendunt.

2037 2718 2085 3007 Cousociata
2036 2557 2082 2683 euim
2035 2396 2081 2523 iuter
2050 2306 2081 2359 se
2034 2073 2080 2271 fuerunt
2031 1826 2077 2039 haecce:

2115 2826 2182 2877 1)
2116 2564 2174 2788 Cressae,
2115 2266 2164 2530 Alcmaeon
2114 2194 2159 2243 in
2109 1904 2174 2167 Psophide,
2105 1599 2169 1869 Telephus,
2104 1335 2153 1563 Alcestis.

2198 2825 2255 2880 2>
2196 2590 2252 2787 Medea,
2194 2238 2253 2554 Philoctetes,
2193 2014 2252 2199 Dictys,
2190 1706 2237 1977 Messores.

2276 2828 2337 2882 3)
2275 2496 2331 2790 Alexander,
2273 2152 2331 2459 Palamedes,
2268 1878 2326 2117 Troades,
2266 1585 2327 1839 Sisyphus.

2354 2826 2419 2880 4)
2354 2499 2416 2791 Hypsipyle,
2353 2150 2404 2463 Phoenissae,
2350 1889 2411 2111 Antiopa.

2434 2826 2497 2876 5)
2434 2536 2497 2788 Iphigenia
2434 2462 2480 2509 in
2432 2245 2489 2433 Aufide,
2431 1945 2477 2205 Alcmaeon
2429 1878 2473 1924 in
2426 1602 2473 1853 Corintho,
2422 1334 2469 1572 Bacchae.

2515 2661 2575 2874 Quarum
2512 2254 2559 2624 didascaliarum
2511 2078 2556 2219 tertia
2508 1846 2570 2042 quidem
2511 1760 2553 1809 et
2507 1556 2567 1724 quarta
2506 1329 2548 1523 constat

2612 2947 2644 3008 ex
2595 2855 2642 2913 iis
2592 2614 2651 2819 sabulis,
2607 2453 2652 2577 quae
2604 2255 2636 2419 rerum
2589 2002 2648 2208 quadam
2584 1603 2630 1951 communitate
2581 1432 2627 1558 inter
2596 1330 2627 1385 se

2675 2742 2723 3008 cohaerere
2670 2451 2733 2696 potuerint
2665 2308 2732 2390 (ad
2666 2076 2715 2259 bellum
2664 1892 2711 2020 enim
2662 1577 2709 1843 Troianum
2660 1332 2718 1529 alterae,

2754 2825 2801 3009 alterae
2751 2730 2797 2789 ad
2765 2616 2797 2694 res
2749 2234 2796 2579 Thebanorum
2742 1912 2810 2199 pertinent),
2743 1578 2804 1875 reliquarum
2740 1328 2786 1550 dramata

2834 2875 2882 3010 nullo
2834 2712 2879 2839 inter
2846 2633 2877 2687 sc
2829 2295 2877 2600 continentur
2826 2074 2873 2267 vinculo
2840 1972 2884 2046 eo,
2822 1804 2886 1932 quod
2820 1481 2884 1773 argumentis
2819 1331 2882 1452 ipsis

2915 2843 2961 3007 inesse
2910 2551 2958 2786 videatur.
2906 2273 2955 2457 Verum
2906 2017 2952 2210 interno
2903 1739 2967 1948 quodam
2900 1330 2948 1680 sententiarum

2992 2816 3041 3008 vinculo
2991 2581 3038 2778 easdem
2988 2292 3050 2543 colligatas
2986 2075 3039 2257 fuisse,
2984 1896 3046 2025 quod
2984 1814 3029 1861 in
2982 1575 3028 1777 consilio
2981 1330 3043 1539 scripto-

3074 2942 3122 3010 ris
3071 2448 3135 2904 deprehenderetur
3072 2361 3114 2413 et
3068 2279 3114 2327 in
3082 2081 3113 2243 rerum
3063 1741 3128 2045 publicarum
3066 1328 3123 1703 temporumque

3159 2746 3214 3006 respectu,
3151 2580 3212 2693 quin
3149 2398 3195 2543 etiam
3148 2313 3194 2363 in
3148 2159 3211 2279 ipsis
3144 1850 3193 2122 actionibus
3156 1552 3202 1814 rerumque
3136 1330 3185 1516 caussis

3231 2637 3279 3005 similitudinem
3227 2363 3289 2599 quandam
3227 2156 3285 2327 fuisse,
3242 2026 3287 2120 qua
3224 1901 3271 1993 alia
3224 1810 3269 1870 ad
3223 1678 3268 1791 alias
3219 1329 3281 1651 respicerent,

3308 2742 3358 3006 ostendere
3308 2516 3355 2707 studuit
3306 2283 3352 2480 Schoell
3306 2199 3352 2248 in
3307 2082 3363 2166 iis,
3320 1922 3367 2045 quae
3303 1825 3348 1887 de
3301 1516 3349 1788 Atticorum
3295 1328 3358 1479 trogi*

3406 2835 3437 3003 corum
3387 2520 3449 2788 tetralogiis
3402 2319 3447 2473 nuper
3384 2028 3430 2272 disseruit.
3382 1816 3441 1958 Quod
3379 1562 3442 1779 quamvis
3376 1327 3423 1527 minime

3470 2833 3517 3005 fictum
3482 2524 3530 2801 vanumque
3482 2359 3523 2486 esse,
3463 2236 3511 2323 sed
3462 1799 3509 2199 luculentioribus
3460 1622 3505 1762 eliam
3456 1328 3503 1593 documen—

3550 2942 3597 3006 tis
3547 2611 3595 2891 confirmari
3561 2415 3608 2564 posse
3544 2074 3606 2369 intelligam,
3547 1860 3588 2022 tamen
3538 1684 3586 1814 aliud
3552 1529 3583 1639 esse
3534 1329 3582 1467 video

3644 2738 3692 3004 quaerere,
3626 2578 3688 2692 quid
3626 2468 3673 2529 de
3624 2192 3671 2431 industria
3622 1946 3685 2157 scriptor
3624 1716 3667 1911 secutus
3619 1584 3675 1678 sit,
3619 1487 3662 1538 et
3612 1328 3674 1445 quid

3714 2827 3771 3004 sponte
3712 2742 3754 2790 et
3705 2430 3754 2708 necessario
3708 2228 3751 2394 natum
3702 2097 3761 2191 sit,
3704 1894 3764 2040 poeta
3700 1788 3746 1863 vel
3699 1593 3746 1752 minus
3696 1326 3743 1557 studente

3788 2926 3835 3005 vel
3788 2749 3834 2890 etiam
3787 2529 3849 2712 ignaro.
3785 2328 3833 2459 Ante
3783 2137 3829 2294 omnia
3782 1945 3839 2101 enim.¹
3779 1780 3842 1896 quid
3778 1627 3825 1745 artis
3776 1466 3823 1591 ratio
3774 1328 3820 1430 ius-

3868 2868 3925 3004 serit,
3865 2500 3929 2832 quaerendum
3870 2372 3912 2463 est.
3863 2086 3910 2302 Primum
3864 1888 3907 2051 autem
3862 1674 3922 1852 poetae
3861 1548 3903 1625 cst
3868 1327 3918 1497 perso-

3964 2892 3997 3003 nam
3962 2710 4010 2856 agere
3951 2481 4008 2676 poetae,
3960 2351 3991 2446 non
3941 2005 4006 2318 philosophi,
3956 1878 3987 1969 nec
3937 1639 4003 1846 politici,
3950 1513 3982 1603 nec
3934 1328 3980 1478 histo-

4028 2897 4075 3000 rici.
4025 2551 4073 2826 Utilitatem
4024 2266 4087 2515 sequimur
4022 2172 4068 2219 in
4019 1895 4084 2125 parandis
4014 1438 4075 1847 instituendisque
4012 1327 4070 1406 iis,

4139 2903 4193 2945 *)
4139 2751 4180 2860 Vide
4151 2607 4191 2721 quae
4136 2342 4179 2577 Schoell
4135 2259 4176 2311 de
4132 1982 4188 2230 tetralogiis
4130 1680 4187 1955 tragicorum
4126 1400 4170 1643 Atticorum
4126 1324 4164 1367 et

4210 2827 4250 2866 D
4222 2602 4264 2810 roysen
4208 2519 4249 2573 de
4206 2210 4261 2491 Phrynicho,
4204 1961 4259 2181 Aeschylo
4215 1878 4244 1930 ac
4199 1669 4254 1851 trilogia
4192 1326 4239 1641 disseruerunt
