5010 3336
3935 2092 3995 2213 504

3812 1322 3860 1468 ctiam
3796 1505 3859 1706 siquae
3801 1757 3854 2073 horribiliora
3795 2119 3846 2306 invenit
3790 2356 3842 2561 lenitate
3771 2611 3833 2817 quadam
3764 2853 3824 3002 atque

3730 1318 3779 1696 mansuetudine
3711 1744 3771 1882 quasi
3721 1928 3763 2065 veste
3715 2110 3763 2306 emicuit
3713 2354 3754 2402 et
3694 2434 3762 2754 personarum
3683 2791 3746 3002 tragica-

3653 1318 3683 1428 rum
3651 1463 3698 1625 vultus
3648 1663 3681 1757 non
3643 1794 3692 1953 minus
3623 1991 3683 2290 compositos
3631 2340 3664 2450 esse
3612 2486 3675 2669 voluit.
3608 2722 3654 2864 quam
3619 2902 3661 3001 sta-

3572 1317 3617 1527 tuarum.
3557 1601 3618 1756 Quam
3547 1793 3608 2194 tranquillitatem
3556 2224 3602 2265 si
3538 2293 3599 2373 qui
3545 2399 3599 2704 Graecorum
3538 2730 3590 3003 imitatione

3495 1314 3542 1403 niti
3476 1440 3540 1771 arbitrantur,
3478 1808 3531 2127 vehementer
3460 2163 3515 2342 errant,
3457 2379 3503 2526 quum
3448 2562 3514 2827 imaginum
3459 2860 3508 2999 habi-

3414 1313 3458 1418 tum
3413 1455 3443 1483 a
3406 1519 3458 1826 scenicorum
3397 1861 3447 2132 actionibus
3380 2182 3426 2352 parum
3370 2403 3438 2712 distinguant.
3363 2784 3428 2998 Compo-

3334 1312 3382 1437 sitos
3331 1474 3379 1602 enim
3327 1630 3376 1793 vultus
3324 1830 3367 1879 et
3303 1906 3363 2205 temperatos
3299 2232 3354 2399 gestus
3291 2423 3357 2686 imaginum
3302 2714 3334 2825 esse
3284 2851 3332 2998 opor-

3254 1310 3299 1384 tet
3236 1420 3294 1698 propterea,
3231 1737 3292 1865 quod
3240 1903 3281 2015 sunt
3236 2040 3285 2170 firmi
3234 2195 3265 2250 ac
3216 2277 3275 2521 perpetui,
3209 2558 3257 2718 neque
3206 2741 3268 2996 quisquam

3172 1309 3223 1498 diutius
3168 1536 3218 1729 intuens
3149 1768 3215 2087 depravatum
3139 2125 3197 2271 atque
3146 2306 3198 2571 distortum
3126 2608 3175 2868 corporum
3139 2907 3187 2996 ha-

3093 1307 3143 1466 bitum
3090 1501 3123 1597 non
3082 1632 3136 1893 fastidiret.
3079 1965 3129 2143 Contra
3077 2181 3106 2207 a
3067 2244 3119 2550 scenicorum
3050 2589 3110 2882 actionibus,
3059 2932 3106 2993 ab

3014 1305 3062 1412 aliis
3012 1450 3060 1499 in
3010 1537 3057 1657 alios
2992 1694 3048 1862 gestus
3002 1914 3050 2011 cito
2978 2059 3042 2455 transeuntibus,
2987 2504 3033 2634 nulla
2984 2685 3031 2762 vel
2979 2806 3029 2993 doloris

2934 1303 2981 1381 vel
2931 1417 2981 1640 laetitiae
2929 1675 2975 1750 vel
2910 1789 2969 1983 pavoris
2915 2020 2966 2325 vehementia
2910 2362 2958 2517 aliena
2905 2554 2948 2642 est.

2852 1437 2899 1576 Hanc
2843 1601 2897 1999 dissertationem
2827 2029 2884 2436 praemittendam
2828 2471 2861 2582 esse
2825 2613 2874 2729 duxi
2820 2754 2872 2992 Hecubae

2760 1299 2823 1513 fabulae,
2756 1550 2802 1643 qua
2766 1679 2816 1811 haud
2763 1849 2811 1998 facile
2761 2033 2808 2131 ulla
2741 2168 2803 2323 magis
2737 2361 2798 2544 tragica
2746 2566 2795 2769 inveniri
2729 2804 2784 2987 potest.

2681 1300 2742 1439 Quae
2677 1486 2723 1583 quo
2672 1625 2731 1852 tempore
2668 1892 2728 2102 primum
2677 2141 2719 2250 acta
2662 2291 2721 2371 sit.
2670 2415 2716 2509 etsi
2669 2554 2698 2579 a
2665 2618 2712 2812 nemine
2662 2851 2704 2987 vete-

2614 1296 2647 1406 rum
2596 1438 2658 1734 scriptorum
2602 1766 2649 2035 memoriae
2584 2064 2645 2315 proditum
2581 2344 2633 2437 est,
2586 2465 2631 2629 tamen
2587 2654 2634 2703 id
2584 2729 2634 2804 Ol.
2574 2831 2628 2911 88,
2581 2941 2627 2987 4.

2533 1294 2582 1483 sactum
2530 1524 2563 1635 esse
2526 1682 2573 1799 satis
2522 1850 2568 1999 certis
2518 2048 2550 2107 ex
2515 2143 2564 2332 indiciis
2495 2370 2558 2671 intelligitur.
2503 2743 2551 2870 Ante
2503 2906 2550 2984 Ol.

2454 1294 2501 1425 enim
2437 1476 2496 1568 59,
2446 1623 2495 1668 1.
2445 1716 2493 1811 hoc
2439 1871 2489 2039 drama
2419 2095 2483 2238 vulgo
2426 2304 2479 2579 innotuisse
2408 2628 2472 2986 Aristophanes

2359 1293 2418 1527 ostendit,
2370 1567 2412 1619 ut
2352 1657 2412 1738 qui
2364 1771 2411 1819 in
2358 1847 2410 2071 Nubibus
2355 2111 2403 2185 bis
2353 2216 2400 2277 ad
2348 2314 2398 2433 illud
2329 2471 2390 2775 respexerit:
2327 2813 2384 2986 aperte

2292 1294 2340 1425 euim
2290 1460 2322 1504 v.
2288 1544 2334 1670 1165
2269 1708 2317 1844 seq.:

2211 1425 2269 1466 ὦ
2193 1502 2260 1706 τέκνον,
2203 1747 2260 1787 ὦ
2188 1822 2246 1932 παῖ,

2118 1420 2184 1587 ἔξελθ’
2113 1623 2175 1805 οἴκων,
2119 1841 2167 1921 ἄϊε
2117 1957 2163 2058 σοῦ’
2099 2091 2162 2304 πατρός,

2053 1288 2102 1351 de
2033 1385 2100 1641 Euripidis
2039 1677 2089 1931 versibus:

1984 1419 1989 1483 -—-
1981 1555 1988 1614 ——
1978 1686 1985 1750 —-
1961 1822 2018 1862 ὦ
1945 1897 2010 2100 τέκνον,
1955 2141 2011 2181 ὦ
1952 2216 1998 2316 παῖ

1871 1420 1940 1813 δυστανοτάτας
1863 1848 1927 2088 ματέρος,
1860 2126 1925 2307 ἔξελθ’,

1796 1414 1862 1581 ἔξελθ’
1786 1618 1853 1798 οἴκων,
1797 1835 1846 1915 ἄϊε
1779 1948 1844 2162 ματρός,

1732 1282 1777 1335 et
1726 1369 1762 1541 versus
1723 1580 1769 1674 718
1704 1710 1752 1840 seq.:

1630 1418 1693 1638 φροῦδα
1639 1671 1691 1735 τα
1620 1768 1687 2024 χρήματα,
1615 2064 1681 2278 φρούδη
1612 2313 1677 2480 χροιά,

1546 1412 1612 1627 φρούδη
1540 1662 1605 1823 ψυχή»
1536 1861 1602 2073 φρούδη
1550 2110 1600 2156 δ’
1533 2195 1602 2375 ἐμβάς,

1488 1281 1523 1341 ex
1483 1376 1529 1537 verbis
1476 1575 1526 1800 eiusdem
1472 1836 1522 1977 hisce
1456 2014 1518 2079 (v.
1451 2118 1518 2283 162.):

1389 1409 1450 1653 φροῦδος
1379 1688 1447 1939 πρέσβυς,
1375 1977 1439 2210 φροῦδοι
1373 2244 1436 2443 παῖδες,

1325 1275 1378 1443 effecti
1319 1479 1361 1592 sunt
1302 1629 1366 1693 ²¹².)
1313 1764 1362 1883 Post
1307 1920 1359 1997 Ol.
1308 2036 1351 2199 autem
1295 2236 1351 2317 88,
1304 2354 1349 2400 3.
1304 2436 1351 2483 in
1298 2519 1350 2771 theatrum
1294 2798 1346 2966 Hecu-

1247 1274 1297 1391 bam
1238 1429 1291 1641 delatam
1235 1680 1268 1792 esse
1215 1813 1280 2059 colligitur
1229 2080 1260 2139 ex
1214 2177 1258 2253 eo,
1210 2290 1271 2420 quod
1209 2454 1270 2641 primus
1213 2660 1267 2964 Matthiaeus

1146 1274 1214 1644 animadvertit,
1153 1703 1204 1876 Delum
1149 1913 1198 2123 insulam
1146 2159 1178 2268 cum
1129 2305 1192 2541 Apollinis
1139 2580 1185 2728 sacris
1121 2767 1188 2830 (v.
1135 2867 1181 2963 451

1070 1272 1134 1440 seqq.)
1081 1478 1130 1591 ideo
1057 1630 1117 2036 commemorari,
1054 2085 1114 2215 quod
1064 2265 1112 2378 inde
1065 2428 1111 2486 ab
1060 2524 1109 2599 Ol.
1050 2639 1103 2731 88,
1059 2769 1102 2815 3.
1054 2854 1087 2961 eam

1004 1271 1057 1480 insulam
1001 1530 1047 1625 sibi
991 1662 1044 1992 Athenienses
985 2043 1035 2335 vindicarint
985 2381 1027 2429 et
979 2475 1029 2727 sollemnia
973 2764 1026 2961 Deliaca

924 1271 960 1447 curare
903 1483 964 1762 coeperint3
912 1811 961 1873 cf.
910 1911 959 2074 Thuc.
893 2112 955 2207 ΙΙΙ,
905 2244 951 2357 104.
902 2411 952 2553 Diod.
885 2589 948 2709 ΧΠ,
892 2747 940 2825 58.
892 2882 941 2961 Si-

765 1327 818 1378 *)
770 1412 815 1479 Cf.
766 1512 812 1781 Zirndorfer.
764 1812 806 1866 de
760 1888 804 2086 chronol.
758 2119 801 2244 sabb.
744 2275 799 2429 Eurip.
743 2460 783 2503 p.
754 2537 797 2606 39.
