5010 3336
4003 2063 4061 2184 25⁰

3873 1413 3923 1561 οὔτοι
3859 1594 3923 1826 νόμισμα
3854 1860 3917 2047 λευκὸς
3844 2080 3910 2317 ἄργυρος
3842 2350 3906 2519 μόνον

3793 1408 3845 1496 καὶ
3776 1529 3841 1727 χρυσός
3786 1761 3843 1925 ἐστιν·
3780 1963 3835 2094 ἀλλὰ
3760 2127 3830 2316 κεέρετὴ
3761 2352 3824 2564 βροτοῖς

3694 1404 3761 1635 νόμισμα
3706 1666 3754 1830 κεῖται
3689 1863 3750 2038 πᾶσιν,
3683 2074 3757 2110 ᾗ
3678 2144 3743 2375 χρῆσθαι
3676 2407 3740 2590 χρεών.

3625 1404 3652 2454 ——-——-.—-.-—-—-

3529 1400 3598 1598 μεγάλη
3528 1633 3592 1885 τυραννὶς
3521 1919 3588 2074 ἀνδρὶ
3532 2108 3584 2265 τέκνα
3530 2300 3581 2388 καὶ
3509 2423 3575 2587 γυνή·

3450 1397 3517 1521 ἴσην
3448 1553 3514 1655 γὰρ
3445 1691 3511 1847 α’νδρὶ
3437 1883 3502 2171 συμφορὰν
3448 2206 3505 2341 εἶναι
3431 2372 3498 2506 λέγω

3382 1397 3436 1598 τέκνων
3380 1631 3432 1688 θ’
3362 1724 3429 1977 ἁμαρτεῖν
3371 2010 3421 2099 καὶ
3352 2134 3419 2337 πάτρας
3364 2370 3415 2457 καὶ
3347 2491 3411 2772 χρημάτων

3285 1395 3353 1596 ἀλόχου
3298 1632 3331 1685 τε
3276 1720 3346 1936 κεδνῆς·
3280 1973 3341 2044 ὡς
3274 2076 3337 2259 μόνων
3283 2292 3332 2401 τῶν
3264 2436 3330 2718 χρημάτων

3205 1392 3266 1641 κρεῖσσον
3214 1673 3265 1785 τόδ’
3212 1820 3263 1927 ἐστὶ
3191 1961 3259 2162 τάνδρί,
3187 2200 3253 2437 σώφρον’
3198 2476 3250 2542 ἂν
3178 2577 3246 2728 λάβῃ.

3137 1260 3189 1537 Videndum
3119 1572 3183 1716 igitur
3129 1741 3177 1963 omnibus
3112 1990 3159 2118 esse,
3122 2154 3164 2210 ut
3106 2235 3167 2526 probitatem
3099 2551 3160 2705 magis
3097 2732 3142 2941 morum,

3045 1257 3091 1402 quam
3054 1437 3105 1628 formae
3035 1663 3092 1987 venustatem,
3045 2023 3093 2073 iu
3040 2109 3087 2342 uxoribus
3033 2378 3086 2617 ducendis
3013 2651 3070 2938 sequantur:

2965 1385 3029 1504 ἑνὸς
2974 1539 3024 1585 δ’
2957 1624 3026 1820 ἔρωτος
2955 1856 3016 2011 ὄντος
2963 2046 3014 2111 οὐ
2947 2145 3011 2219 μί’
2939 2254 3008 2451 ἡδονή·

2894 1386 2945 1441 οἷ
2879 1472 2946 1569 μὲν
2887 1602 2938 1783 κακῶν
2873 1818 2939 2025 ἐρῶσιν,
2880 2062 2932 2115 οἱ
2878 2148 2929 2205 δὲ
2875 2239 2926 2348 τῶν
2869 2381 2921 2577 καλῶν.

2823 1379 2834 1641 -—-—
2819 1778 2826 1839 —
2814 1978 2821 2038 --
2806 2174 2820 2436 u—-—.

2731 1379 2778 1516 νοῦν
2712 1550 2779 1647 χρὴ
2721 1681 2775 2008 θεάσασθαι·
2718 2044 2768 2094 τί
2699 2126 2763 2219 τῆς
2696 2253 2764 2548 εὐμορφίας

2635 1378 2699 1585 ὄφελος,
2644 1621 2698 1751 ὅταν
2631 1783 2674 1861 τις
2623 1894 2690 1965 μὴ
2623 2003 2686 2203 φρένας
2620 2237 2683 2400 καλὰς
2611 2435 2679 2523 ἔχῃ
2615 2549 2674 2635 ἴ),-

2571 1244 2620 1384 Hauc
2567 1421 2615 1566 Iidem
2551 1606 2613 1840 locastes,
2558 1878 2606 2004 banc
2555 2040 2601 2185 animi
2536 2221 2596 2516 aequitatem
2543 2556 2593 2735 chorus
2541 2772 2589 2926 admi-

2489 1242 2522 1354 rans
2471 1391 2534 1682 obsequium
2478 1722 2529 1918 feminis
2473 1955 2521 2168 carmine
2465 2205 2513 2547 commendat:

2404 1370 2451 1512 πᾶσα
2386 1546 2453 1646 γὰρ
2384 1682 2450 1879 ἀνδρὸς
2392 1915 2444 2115 κακίων
2374 2155 2438 2359 ἄλοχος,

2323 1367 2375 1469 κᾶν
2321 1505 2372 1534 ὁ
2307 1569 2369 1814 κάκιστος

2226 1366 2291 1506 γήμῃ
2223 1541 2290 1639 τὴν
2221 1674 2286 2085 εὐδοκιμοῦσαν.

2165 1233 2214 1350 lude
2161 1384 2207 1541 maior
2156 1575 2205 1731 moles
2152 1770 2201 2007 malorum
2150 2046 2197 2094 iu
2148 2131 2195 2283 virum
2144 2323 2193 2557 miserum
2141 2596 2190 2762 irruit:
2138 2800 2184 2916 sub-

2082 1231 2132 1491 trahuntur
2077 1538 2125 1688 etiam
2075 1738 2122 1820 iila
2057 1864 2118 2137 praesidia,
2069 2193 2115 2239 in
2052 2278 2113 2453 quibus
2063 2491 2110 2607 solis
2043 2643 2104 2912 acquiexit3

2004 1227 2052 1274 in
2002 1310 2049 1447 nefas
1996 1484 2039 1701 mutatur
1976 1733 2039 2041 coniugium,
1988 2085 2035 2130 in
1986 2179 2034 2350 hostes
1970 2400 2032 2568 liberi,
1967 2615 2026 2728 quin
1976 2765 2023 2911 etiam

1922 1227 1971 1354 bene
1917 1388 1968 1631 sactorum
1911 1671 1959 1970 conscientia
1909 2020 1955 2062 ei
1890 2111 1954 2333 eripitur.
1886 2406 1950 2670 Postquam
1882 2710 1928 2909 regnum

1842 1226 1890 1337 filiis
1836 1388 1886 1580 duobus
1821 1631 1877 1905 concessit,
1814 1968 1875 2151 pietate
1823 2199 1856 2399 suorum
1820 2446 1866 2590 unice
1801 2640 1863 2910 confidens,

1745 1222 1794 1383 neque
1744 1420 1789 1604 eorum„
1737 1642 1799 1819 quibus
1748 1856 1789 1998 antea
1729 2036 1794 2397 delectabatur,
1722 2452 1781 2653 praeter
1717 2688 1781 2908 coniugis

1678 1220 1712 1438 amorem
1658 1477 1720 1733 quicquam
1654 1770 1716 2003 retinuit,
1650 2054 1711 2328 prodeunte
1662 2379 1708 2438 ad
1658 2489 1688 2598 eum
1640 2651 1703 2906 Periboea,

1599 1219 1647 1359 dolor
1576 1396 1641 1776 redintegratur.
1587 1848 1634 1958 Uno
1585 1997 1630 2125 enim
1565 2163 1625 2390 tempore
1578 2443 1620 2492 et
1561 2537 1617 2674 patre
1574 2712 1605 2765 se
1558 2803 1618 2904 pri—

1516 1215 1561 1379 vatum
1514 1418 1555 1466 et
1511 1502 1560 1700 effossis
1507 1737 1555 1892 oculis
1503 1940 1551 2253 obcaecatum
1485 2304 1531 2442 esse,
1480 2496 1527 2656 neque
1479 2705 1540 2903 habere,

1436 1214 1484 1351 cuius
1432 1367 1479 1547 auxilio
1410 1562 1475 1908 praesidioque
1423 1923 1471 2056 nisus
1420 2073 1470 2339 ulciscatur
1417 2362 1465 2495 cives
1400 2517 1462 2750 ingratos,
1396 2780 1442 2900 quo-

1356 1211 1389 1318 rum
1336 1358 1401 1611 impietate
1332 1638 1378 1727 pro
1343 1756 1390 1961 summis
1324 1988 1387 2203 acceptis
1335 2232 1386 2485 beneficiis
1316 2516 1379 2758 supplicio
1329 2786 1361 2897 cru-

1273 1211 1325 1464 delissimo
1267 1497 1318 1706 affectus
1253 1732 1312 1809 sit,
1264 1832 1311 1878 id
1261 1908 1293 2023 vero
1247 2050 1306 2304 miserum,
1242 2339 1301 2586 acerbum,
1250 2620 1300 2894 luctuosum

1194 1209 1229 1323 esse
1190 1353 1235 1579 testatur.
1182 1652 1234 1854 Talibus
1177 1892 1228 2115 lamentis
1176 2160 1224 2338 auditis
1161 2363 1223 2623 Periboea,
1170 2655 1218 2893 consolari

1007 1263 1063 1315 ²4)
1017 1348 1060 1512 Dubito
1014 1543 1042 1597 an
1012 1628 1053 1684 ad
1010 1714 1051 1802 hoc
993 1832 1046 2105 colloquium
1001 2137 1044 2418 referendum
1000 2450 1041 2508 sit
986 2536 1040 2702 fragm.
997 2735 1037 2816 inc.
996 2847 1037 2891 in

946 1342 989 1477 Rhet.
931 1508 972 1575 gr.
942 1607 981 1661 T.
940 1693 980 1782 vll.
925 1813 963 1855 p.
934 1886 977 1994 601:
932 2042 978 2098 ἵν’
917 2137 975 2522 ἅνταπολλύωμεν
927 2562 968 2614 οἵ
914 2646 951 2699 με
910 2739 971 2889 προῦ-

875 1341 918 1484 δοσαν
856 1516 912 1675 (vulgo
869 1707 913 1763 ἵν’
847 1794 909 2224 α’νταλλοὲσσωμεν),
846 2265 886 2352 quo
858 2384 899 2438 de
855 2468 899 2634 ultione
840 2666 895 2888 Oedipum

791 1342 846 1562 cogitasse
785 1590 842 1882 significatur.
