5010 3336
3788 2094 3845 2214 300

3637 1318 3702 1514 opibus,
3654 1566 3704 1813 nobilitate
3641 1848 3702 2044 generis
3651 2082 3683 2251 carens
3649 2286 3698 2464 virtute
3647 2497 3696 2719 iniuriam
3641 2757 3695 2983 fortunae

3558 1316 3621 1724 compensandam
3575 1759 3607 1871 esse
3560 1907 3614 2120 censeat,
3553 2153 3619 2433 videndum,
3568 2467 3600 2530 ne
3566 2562 3599 2684 vana
3562 2709 3613 2870 laudis
3563 2897 3595 2980 cu-

3481 1312 3543 1518 piditate
3494 1552 3542 1888 vehementius
3491 1920 3540 2181 incitetur:

3398 1435 3465 1635 πτηνὰς
3403 1670 3464 1888 διώκεις,
3413 1928 3470 1968 ὦ
3399 2003 3461 2203 τέκνον,
3399 2238 3461 2329 τὰς
3397 2363 3461 2590 ἐλπίδας,

3317 1440 3383 1534 οὐχ
3316 1568 3383 1603 ἦ
3317 1636 3383 1762 τύχη
3332 1799 3370 1883 σε·
3313 1917 3378 2009 τῆς
3313 2041 3379 2198 τύχης
3327 2233 3384 2281 δ’
3312 2313 3377 2408 οὐχ
3316 2444 3382 2516 εἷς
3310 2548 3375 2753 τρόπος.
3366 2800 3367 2803 ’

3253 1309 3305 1544 Ceterum
3253 1580 3299 1736 laetus
3236 1771 3301 2042 lubensque
3233 2076 3295 2291 optimae
3231 2334 3293 2442 spei
3244 2487 3292 2851 adolescentem
3245 2896 3277 2977 re-

3159 1306 3224 1429 cipit
3173 1464 3205 1613 senex
3157 1633 3220 1931 decrepitus,
3170 1968 3217 2107 cuius
3154 2143 3199 2293 regno
3154 2318 3213 2516 inimici,
3149 2552 3210 2680 quod
3148 2718 3212 2858 prole
3148 2891 3197 2976 ge-

3094 1305 3142 1451 nuina
3092 1484 3140 1772 destitutum
3092 1807 3139 1971 vident
3076 2017 3138 2148 (nam
3087 2196 3136 2376 Medus
3084 2411 3126 2566 matre
3068 2602 3131 2860 peregrina
3084 2892 3115 2976 na-

3014 1304 3058 1384 tus
2998 1414 3044 1502 pro
2996 1530 3060 1697 spurio
2998 1733 3060 1979 habetur),
3009 2007 3059 2188 dudum
3005 2220 3055 2525 insidientur.
3003 2595 3051 2829 Testatur
3004 2855 3052 2974 Plu-

2933 1301 2980 1503 tarchus
2932 1540 2963 1581 c.
2934 1619 2977 1675 3:
2916 1714 2982 1938 ἰσχυρῶς
2915 1984 2982 2085 γὰρ
2925 2134 2979 2379 ἐδεδοίκει
2914 2431 2980 2556 τοὺς
2913 2604 2973 2975 Παλλαντίδας

2838 1299 2908 1742 ἐπιβουλεύοντας
2835 1794 2900 1933 αὐτῷ
2850 1968 2900 2057 καὶ
2846 2108 2898 2194 διὰ
2828 2247 2895 2343 τὴν
2841 2389 2893 2641 άπαιδίαν
2826 2698 2874 2973 καταφρο-

2762 1298 2817 1554 νοῦντας·
2755 1603 2826 1737 ἦσαν
2769 1786 2821 1841 δὲ
2753 1875 2818 2198 πεντήκοντα
2752 2230 2813 2413 παῖδες
2760 2448 2812 2503 ἐκ
2750 2538 2810 2849 Πάλλαντος
2745 2881 2794 2971 γε-

2676 1298 2740 1527 γονότες,
2691 1575 2732 1623 et
2689 1658 2737 1978 confirmatur
2687 2012 2733 2174 verbis
2667 2210 2732 2488 Euripidis:

2596 1426 2656 1672 κρεῖσσον
2608 1707 2660 1762 δὲ
2607 1794 2658 2031 πλούτου
2606 2067 2656 2151 καὶ
2587 2188 2654 2547 βαθυσπόρου
2584 2580 2650 2779 χθονὸς

2515 1426 2580 1643 ἀνδρῶν
2526 1678 2578 1898 δικαίων
2510 1933 2577 2191 κάγαθῶν
2509 2226 2574 2421 ὁμιλίαι
2503 2444 2570 2508 *).
2515 2794 2520 2798 .

2447 1425 2496 1579 Chori
2435 1617 2479 1843 carmen,
2430 1891 2491 2020 quod
2444 2064 2491 2182 huic
2440 2219 2482 2323 erat
2424 2359 2487 2601 colloquio
2425 2636 2487 2962 subiunctum‚

2368 1291 2420 1469 iisdem
2367 1505 2414 1758 sententiis
2364 1794 2413 2173 immorabatur:

2271 1418 2345 1452 ἦ
2287 1485 2319 1592 που
2271 1627 2333 1873 κρεῖσσον
2269 1907 2332 1999 τῆς
2266 2032 2333 2269 εὐγενίας

2206 1418 2258 1479 τὸ
2195 1513 2254 1686 καλῶς
2189 1719 2254 1987 πράσσειν.

2138 1415 2147 1481 -.
2139 1614 2144 1678 --
2136 1812 2145 1878 »-
2130 2011 2146 2075 -.

2044 1414 2098 1559 ἔσται
2042 1594 2095 1681 καὶ
2042 1714 2092 1984 πταίσαντ’
2026 2020 2091 2211 άρετὰν

1951 1415 2015 1795 ἀποδείξασθαι
1944 1825 2010 2058 θανάτῳ.

1882 1424 1929 1597 Prodit
1869 1630 1930 1833 Medea,
1881 1883 1927 1944 de
1864 1992 1924 2191 recepto
1865 2238 1928 2436 hospite
1879 2468 1927 2786 vehementer
1878 2819 1926 2953 solii-

1801 1282 1849 1393 cita.
1787 1459 1850 1633 Neque
1801 1678 1848 1806 enim
1786 1852 1848 1980 sugit
1788 2026 1831 2163 eam,
1800 2210 1847 2314 sive
1799 2359 1846 2655 divinatione
1797 2692 1840 2955 consecuta

1721 1280 1764 1360 est
1722 1408 1768 1510 sive
1708 1561 1754 1650 per
1720 1694 1769 2050 clandestinum
1720 2087 1767 2308 nuntium
1707 2344 1767 2534 edocta,
1718 2570 1767 2819 Theseum
1717 2856 1765 2953 Ae-

1626 1276 1688 1355 gei
1642 1391 1689 1542 filium
1626 1590 1688 1822 esse)
1639 1892 1689 2057 Timet
1639 2110 1681 2159 et
1639 2205 1686 2296 sibi
1639 2342 1681 2392 et
1640 2440 1686 2570 filio:
1622 2618 1670 2769 regno
1638 2820 1687 2953 hunc
1602 3180 1661 3186 ἰ

1561 1277 1609 1554 certissime
1546 1590 1609 1829 privatum
1546 1866 1608 1951 iri,
1559 2002 1606 2044 si
1558 2080 1607 2308 Theseus
1544 2340 1601 2660 agnoscatur,
1541 2707 1606 2953 inteiligit,
1532 3182 1598 3186 i

1465 1274 1523 1422 atque
1481 1471 1529 1663 etiamsi
1480 1709 1513 1885 nomen
1462 1930 1510 2184 genusque
1479 2234 1525 2339 eius
1462 2388 1519 2631 perpetuo
1462 2676 1524 2950 ignoretur,

1384 1271 1449 1380 ipsa
1400 1417 1448 1775 consuetudine
1399 1819 1447 2043 iuvenem
1398 2090 1445 2350 virtutibus
1384 2395 1441 2727 praestantem
1395 2763 1438 2949 tantum

1320 1271 1367 1366 sibi
1304 1400 1367 1552 Aegei
1320 1587 1353 1801 amorem
1318 1834 1366 2206 conciliaturum
1308 2244 1350 2377 esse,
1318 2424 1361 2480 ut
1302 2516 1349 2668 paene
1316 2701 1363 2786 filii
1300 2820 1364 2947 legi-

1239 1270 1289 1376 timi
1241 1410 1287 1518 iura
1223 1553 1287 1908 caritatemque
1221 1943 1285 2259 adipiscatur,
1221 2295 1285 2577 praevidet:

1173 1399 1182 1463 —-
1159 1531 1211 1590 τὸ
1146 1624 1211 1823 θρέψαι
1157 1858 1208 1903 δ’
1156 1941 1210 1998 ἐν
1142 2032 1206 2272 βροτοῖσι
1147 2306 1207 2552 πολλάκις

1081 1398 1132 1555 πλείω
1065 1590 1128 1788 πορίζει
1059 1817 1127 2007 φίλτρα
1074 2042 1121 2138 τοῦ
1062 2175 1122 2344 φῦσαι
1074 2375 1129 2547 τέκνα.

986 1266 1049 1436 Itaque
984 1472 1047 1683 primum
980 1720 1043 1918 proprio
995 1948 1044 2113 Marte
979 2148 1043 2393 hospitem
997 2431 1044 2691 molestum
997 2718 1045 2864 domo
996 2890 1039 2943 et

902 1264 967 1523 penatibus
902 1558 966 1746 pellere
916 1782 959 1985 conatur
900 2020 962 2284 statimque
915 2317 963 2507 obviarn
916 2544 964 2819 venientem
902 2856 949 2939 ag-

747 1331 801 1373 *)
759 1407 802 1542 Orion
748 1572 788 1642 ap·
756 1677 803 1957 Schneidew.
755 1990 797 2101 coni.
754 2135 797 2244 crItt.
743 2274 781 2315 p.
757 2345 799 2414 48.
755 2473 799 2645 Welck.
743 2683 782 2725 p.
756 2758 799 2882 1598.

674 1305 729 1371 **)
688 1400 730 1666 Plutarchus
690 1698 715 1734 c·
688 1766 729 1842 12:
669 1876 727 2221 προαισθομένη
670 2250 728 2462 περὶτοῦ
671 2485 730 2666 Θησέως
671 2690 732 2823 αὕτη,
684 2854 729 2938 τοῦ

604 1404 660 1485 μὲν
606 1514 663 1679 Αἰγέως
604 1708 664 1995 ἀγνοοῦντος.
