5010 3336
1646 627 1652 629 Α
1684 618 1851 630 μ--ῄμ
1861 627 1895 631 .—
1909 628 1926 631 n

1287 672 1339 682 ’,ομ
1362 675 1409 682 -σῡ-
1421 666 1457 681 *x*
1486 677 1509 682 --
1539 678 1542 679 r
1557 677 1563 679 >
1588 678 1598 681 vr
1661 677 1665 680 ⁴

1239 674 1266 682 ..γ

1048 674 1063 681 a>
1075 674 1175 681 «00⁴.
1182 675 1227 685 -7--

3874 2025 3930 2151 468

3749 1375 3757 1440 —
3722 1507 3789 1609 ἐγὼ
3735 1647 3788 1703 δὲ
3725 1738 3794 1867 τοὺς
3723 1902 3784 2076 καλῶς
3717 2108 3784 2433 τεθνηκότας

3638 1379 3705 1476 ζῆν
3639 1513 3688 1652 φημι
3640 1687 3703 1891 μᾶλλον
3651 1927 3697 2025 τοῦ
3636 2063 3703 2270 βλέπειν
3640 2305 3706 2431 τοὺς
3634 2465 3703 2535 μὴ
3638 2571 3699 2758 καλῶς.

3562 1377 3623 1659 „Vivam
3574 1710 3605 1792 an
3560 1836 3618 2122 moriar,
3570 2170 3618 2362 nulla
3570 2411 3617 2478 in
3569 2525 3600 2619 me
3568 2668 3610 2767 est
3567 2814 3599 2945 me-

3489 2276 3530 2298 t
3490 2312 3520 2346 u
3490 2362 3520 2385 s
3473 2406 3538 2508 *).''

3415 1245 3464 1340 His
3414 1377 3464 1522 dictis
3415 1558 3463 1619 ad
3413 1655 3461 1837 milites
3394 1872 3459 1982 ipse
3410 2018 3443 2073 se
3397 2109 3458 2325 confert,
3391 2375 3455 2719 adhortando,
3404 2766 3453 2945 blande

3319 1245 3383 1577 alloquendo,
3317 1615 3381 1877 diligenter
3316 1913 3378 2171 obeundo,
3327 2214 3376 2430 fideliter
3323 2469 3372 2856 administrando
3324 2894 3366 2946 et

3253 1246 3300 1431 animos
3251 1468 3300 1847 confirmaturus
3250 1886 3293 1936 et
3249 1973 3293 2176 conatus
3246 2215 3295 2430 hostium
3229 2468 3284 2826 occupaturus:

3156 1382 3220 1517 μισῶ
3158 1556 3222 1622 δ’,
3169 1660 3222 1789 ὅταν
3159 1825 3202 1901 τις
3168 1935 3221 2025 καὶ
3154 2058 3219 2256 χθονὸς
3147 2294 3213 2650 στρατηλάτης

3073 1379 3141 1450 μὴ
3089 1486 3136 1613 πᾶσι
3088 1647 3139 1863 πάντων
3071 1898 3138 2172 προςφέρῃ
3068 2207 3133 2532 μειλίγματα.

3009 1380 3057 1547 Locus
3010 1584 3057 1642 fit
3010 1678 3055 1818 alteri
3010 1856 3056 1992 chori
2990 2029 3053 2261 carmini,
2987 2313 3034 2407 quo
3000 2454 3048 2758 desiderium
2985 2808 3050 2943 pacis

2912 1246 2977 1401 pulsis
2930 1436 2978 1666 hostibus
2930 1704 2961 1847 senes
2927 1886 2976 2165 declarant:

2847 1381 2899 1578 κείσθω
2834 1618 2899 1751 δόρυ
2833 1787 2880 1879 μοι
2832 1914 2897 2069 μίτον
2830 2106 2896 2450 ἀμφιπλέκειν

2751 1379 2818 1667 ἀράχναις,
2751 1704 2818 1832 μετὰ
2766 1869 2817 1917 δ’
2748 1951 2816 2173 ἡσυχίας
2744 2207 2811 2377 πολιῷ

2668 1377 2735 1518 γήρᾳ
2668 1552 2735 1893 συνοικοίην·

2589 1379 2654 1608 άείδοιμι
2603 1645 2654 1701 δὲ
2586 1738 2653 2022 στεφάνοις
2586 2056 2651 2195 κάρα

2521 1376 2572 1569 πολιὸν
2506 1605 2571 1965 στεφανώσας,

2423 1383 2490 1643 Θρηΐκιον
2439 1676 2491 1871 πέλταν
2425 1905 2489 2039 πρὸς
2427 2067 2495 2298 Ἀθανᾶς

2343 1380 2409 1677 περικίοσιν
2343 1712 2408 2048 άγκρεμάσας
2342 2082 2406 2363 θαλάμοις,

2277 1382 2329 1581 δέλτων
2277 1616 2325 1660 τ’
2258 1699 2328 2091 άναπτύσσοιμι
2258 2126 2322 2320 γῆρυν,

2195 1380 2246 1449 ἃν
2179 1484 2247 1649 σοφοὶ
2193 1682 2247 1924 κλέονται

2024 1379 2088 1624 Ἀσιάδος
2018 1658 2084 1888 κιθάρας
2016 1921 2082 2200 κρούματα
2018 2216 2081 2317 **).

1938 1379 2002 1636 Disposito
1954 1672 2001 1722 in
1952 1761 2000 2020 moenibus
1952 2056 1994 2107 et
1951 2152 1998 2212 ad
1938 2262 1997 2430 portas
1942 2477 2002 2724 exercitu,
1939 2778 1987 2943 quum,

1857 1245 1922 1534 priusquam
1856 1585 1905 1748 pugna
1858 1803 1923 2357 committeretur***),
1873 2414 1921 2610 victima
1862 2659 1904 2745 ea,
1859 2799 1906 2944 quam

1793 1246 1840 1466 iusserat
1781 1502 1840 1784 oraculum,
1792 1824 1840 2073 caedenda
1779 2109 1834 2269 esset,
1791 2307 1824 2396 rex
1793 2432 1841 2491 ad
1794 2530 1840 2679 aedes
1793 2714 1825 2946 reversus

1713 1248 1761 1400 filiam
1714 1460 1760 1549 sub
1713 1613 1760 1733 ficto
1696 1782 1759 1993 quodam
1694 2051 1753 2314 praetextu
1712 2376 1760 2588 arcessit
1713 2636 1757 2686 ct
1697 2741 1760 2946 reliqua,

1616 1251 1680 1429 quibus
1633 1465 1681 1527 ad
1633 1565 1665 1708 sacra
1631 1742 1680 1967 facienda
1615 2002 1663 2126 opus
1619 2162 1673 2266 est,
1614 2296 1678 2466 ignara
1615 2502 1679 2709 coniuge
1617 2744 1663 2835 per
1633 2870 1681 2945 sa-

1552 1248 1599 1410 mulos
1536 1448 1593 1669 apparat.
1551 1752 1598 1965 Miratur
1535 2001 1597 2138 virgo
1550 2192 1582 2247 se
1551 2292 1597 2341 in
1540 2386 1595 2575 castra,
1552 2628 1598 2675 in
1552 2723 1600 2943 medium

1472 1246 1519 1467 virorum
1471 1505 1513 1805 armatorum
1459 1844 1511 2054 coetum,
1470 2092 1518 2140 in
1470 2177 1517 2384 militum
1470 2423 1516 2614 turbam
1470 2649 1518 2945 inconditam

1376 1245 1439 1499 proficisci
1391 1535 1438 1710 iuberi.
1389 1796 1439 2077 Sciscitanti
1372 2113 1436 2339 ambigua
1374 2375 1436 2646 respondet
1373 2680 1431 2821 pater
1377 2857 1437 2944 sic,

1311 1247 1353 1304 ut
1311 1348 1343 1523 sensus
1294 1573 1358 1772 pietatis
1310 1819 1341 1929 cum
1294 1980 1357 2171 patriae
1308 2219 1341 2390 amore
1293 2436 1341 2657 pugnans
1309 2719 1357 2942 declare-

1230 1247 1274 1346 tur.
1214 1416 1279 1571 Virgo
1229 1607 1271 1769 autem
1213 1806 1261 2050 generoso
1213 2087 1276 2358 obsequio,
1213 2396 1276 2525 quod
1229 2563 1260 2677 vera
1214 2711 1270 2944 rectaque

1150 1250 1182 1364 esse
1135 1401 1182 1721 quaecunque
1131 1756 1190 1898 pater
1147 1940 1196 2108 iubeat
1148 2157 1195 2250 sibi
1131 2301 1196 2574 persuasit,
1148 2625 1195 2776 sacris
1148 2828 1191 2942 ante

1018 1306 1071 1356 Χ)
1030 1388 1072 1521 Ennii
1015 1548 1071 1715 fragm.
1029 1747 1070 1832 inc.
1028 1861 1072 1933 45.

947 1279 1003 1361 ὶιζῆί)
945 1393 999 1542 Etym.
959 1573 999 1636 M.
959 1656 984 1666 :
949 1713 1002 1916 Ἀσιάδος
943 1947 1002 2186 κρούματα
943 2223 997 2307 τῆς
942 2337 1003 2559 κιθάρας·
956 2593 983 2616 ο
957 2630 1004 2694 ὅτ
958 2708 984 2742 ω
951 2758 985 2778 ς
958 2809 1004 2847 'A
942 2863 984 2886 ρ
956 2904 983 2941 ι-

876 1392 932 1695 στοφάνης
873 1725 933 1875 εἶπε,
870 1924 926 2214 παρῳδῶν
884 2244 929 2306 τὸ
875 2341 929 2397 ἐξ
870 2431 930 2745 Ἐρεχθέως
872 2774 932 2943 Εὐρι-

817 1391 844 1426 π
816 1441 859 1531 ίδο
817 1546 843 1573 υ
835 1593 846 1603 ·
805 1635 862 1663 ἦ
802 1694 858 1932 τρίχορδος
801 1962 857 2140 κιθάρα
813 2171 862 2291 οὕτω
813 2322 853 2539 καλεῖται.

734 1252 790 1357 ἰὶςῆς“)*“’)
747 1390 788 1458 Cf.
733 1493 789 1692 Lycurgi
732 1722 786 1883 verba,
732 1924 772 2038 quae
731 2070 772 2206 supra
731 2236 785 2477 posuimus,
742 2507 781 2600 tum
730 2619 786 2942 Apollodorum

675 1391 714 1436 et
661 1463 717 1931 Pseudoplutarchum
671 1961 714 2073 locis
670 2101 713 2309 laudatis.
