5010 3336
1142 2146 1199 2261 285

1304 2850 1371 3021 pocula
1298 2517 1349 2818 ministrasse
1290 2282 1342 2482 Athenis
1288 2174 1345 2247 iis,
1299 2023 1348 2142 quos
1282 1737 1330 1987 saltatores
1272 1389 1339 1689 (ὀρχηστάς)

1383 2760 1448 3020 appellant.
1376 2445 1426 2691 saltabant
1375 2254 1417 2411 autem
1366 2168 1412 2219 hi
1366 2007 1410 2132 circa
1361 1814 1407 1975 fanum
1356 1545 1418 1779 Apollinis
1351 1383 1399 1511 Delii

1464 2783 1526 3018 primores
1455 2543 1507 2761 civitatis,
1449 2327 1511 2518 tragicis
1444 2097 1493 2310 vestibus
1440 1900 1488 2071 induti.
1437 1578 1483 1835 Enimvero
1429 1384 1494 1557 Apollo

1578 3331 1581 3333 -
1542 2937 1589 3017 hic
1548 2799 1595 2902 est,
1537 2706 1582 2752 iu
1534 2538 1580 2669 cuius
1530 2270 1576 2502 honorem
1520 1974 1583 2233 Thargelia
1516 1614 1571 1940 celebrantur,
1526 1474 1571 1566 qua
1507 1380 1555 1442 de

1619 3316 1648 3331 ἶ
1625 3263 1656 3294 st
1635 2958 1667 3014 re
1619 2866 1663 2912 in
1609 2458 1676 2831 Daphne-phorio
1603 2208 1652 2425 tribubus
1596 1796 1647 2163 Atheniensium
1593 1572 1638 1761 litterae
1600 1380 1633 1537 asser-

1701 3309 1730 3331 ‘2
1693 3264 1735 3284 ὅ)
1701 2844 1743 3012 vantur
1691 2576 1755 2811 publicae.
1685 2381 1732 2512 Idem
1680 2131 1745 2345 prodidit
1678 1789 1735 2113 Hieronymus
1669 1526 1723 1765 Rhodius,
1662 1375 1713 1491 Ari-

1781 3267 1813 3331 *ffi'ss*
1774 2824 1822 3011 stotelis
1767 2504 1833 2787 discipuluS,
1764 2425 1810 2471 in
1762 2250 1817 2391 libro,
1773 2073 1820 2214 quem
1752 1843 1815 2039 scripsit
1751 1749 1797 1811 de
1748 1434 1796 1714 ebrietate.”

1849 3264 1893 3329 fij
1854 3175 1859 3177 ’
1852 2722 1911 2881 Quum
1849 2473 1910 2673 propter
1840 2304 1887 2428 hanc
1840 2008 1901 2257 parentum
1832 1721 1878 1959 fortunam
1842 1580 1873 1674 non
1822 1370 1879 1545 minus,

1942 3266 1974 3325 Μ]
1946 2867 1993 3006 quam
1931 2632 1991 2831 propter
1938 2489 1970 2599 suas
1920 2222 1975 2454 virtutes,
1915 2111 1961 2171 ad
1910 1755 1974 2076 amplissimos
1906 1510 1952 1719 honores
1899 1367 1947 1475 adi-

2020 3266 2053 3334 -iiz-
2015 2930 2057 3007 tus
2011 2705 2071 2894 pateret
2000 2437 2062 2671 Euripidi,
1996 2252 2044 2400 uoluit
1994 2158 2040 2206 iu
1991 1919 2039 2111 civitate
1987 1633 2034 1877 turbarum
1997 1542 2027 1596 ac
1980 1366 2026 1509 timo-

2101 3265 2132 3318 ffi·
2089 2938 2135 3005 ris
2087 2763 2149 2903 plena
2079 2484 2130 2730 ambitioni
2077 2270 2124 2449 servire
2077 2175 2120 2224 et
2070 1904 2117 2129 fluctibus
2082 1813 2113 1866 se
2063 1548 2111 1765 civilibus
2072 1364 2104 1497 com-

2174 3270 2212 3336 ΜΝ
2166 2792 2214 3003 mittere.
2160 2458 2209 2723 Audiamus
2158 2283 2219 2439 ipsum
2152 2047 2213 2250 cogitata
2164 1944 2194 2028 sua
2141 1598 2192 1920 adolescentis
2135 1361 2201 1571 proden-

2264 3278 2291 3331 «Μ’-
2250 2904 2292 3002 tem
2243 2731 2290 2870 hisce
2239 2511 2286 2700 verbis:
2234 2374 2294 2463 „Si
2232 2280 2278 2339 ad
2230 1925 2294 2245 principatum
2224 1736 2270 1890 enitar
2225 1560 2279 1704 atque
2212 1358 2275 1527 aliquis

2343 3280 2370 3329 ’ἕω
2339 2889 2371 2999 6886
2320 2539 2375 2855 contendam,
2314 2379 2361 2491 odio
2311 2129 2358 2346 habebor
2323 2070 2353 2095 a
2302 1710 2353 2035 tenuioribus:
2294 1518 2344 1675 odiosi
2291 1356 2339 1484 enim

2406 2884 2449 2995 sunt
2398 2539 2463 2853 potentiores.
2393 2373 2453 2467 Qui
2395 2137 2445 2326 autem,
2399 1940 2446 2084 quum
2381 1797 2427 1893 sint
2378 1589 2424 1767 virtute
2378 1508 2420 1556 et
2386 1353 2433 1472 pru-

2484 3268 2528 3330 Μὶν-
2500 3170 2522 3176 ι·
2480 2832 2528 2994 dentia
2478 2740 2524 2799 ad
2492 2628 2522 2705 res
2472 2358 2537 2592 gerendas
2466 2088 2521 2325 instructi,
2462 1797 2523 2051 quiescunt
2470 1607 2517 1763 neque
2452 1513 2499 1572 ad
2464 1352 2497 1481 rem-

2579 3317 2606 3333 =‹:
2563 3268 2609 3292 al
2559 2757 2622 2993 publicam
2549 2294 2601 2719 administrandam
2544 2009 2599 2259 accedunt,
2540 1900 2585 1976 his
2535 1636 2583 1865 rid1culus
2546 1496 2579 1604 esse
2527 1348 2574 1468 stul-

2644 2815 2698 2990 tusque
2634 2556 2690 2782 videbor,
2629 2422 2691 2501 qui
2642 2285 2673 2377 nou
2624 2008 2685 2249 quiescam
2618 1925 2665 1972 in
2616 1699 2663 1891 civitate
2610 1527 2674 1666 plena
2608 1344 2654 1490 timo-

2716 2905 2764 2988 riS.
2714 2745 2761 2869 Tum
2712 2679 2758 2720 si
2710 2597 2756 2654 ad
2708 2290 2769 2570 dignitatem
2703 2050 2748 2258 virorum
2697 1747 2760 2016 principum
2696 1666 2737 1714 et
2685 1341 2749 1635 reipublicae

2790 2664 2859 2987 gubernacula
2787 2367 2835 2630 tenentium
2780 2060 2833 2332 ascendam,
2775 1874 2836 2023 magis
2768 1547 2818 1838 observabor
2766 1338 2812 1513 horum

2872 2762 2921 2986 iudiciis:
2869 2655 2915 2725 sic
2868 2492 2914 2620 enim
2879 2379 2910 2456 res
2864 2038 2921 2341 comparatae
2858 1877 2911 2004 sunt,
2854 1777 2908 1843 ut,
2848 1658 2911 1739 qui
2849 1467 2893 1631 tenent
2858 1339 2889 1439 ma-

2964 3279 2997 3315 *i-
2953 2757 3014 2984 gistratus
2953 2575 3007 2720 atque
2944 2288 2997 2529 honores,
2935 2032 2984 2233 aemulis
2933 1887 2979 1984 suis
2930 1739 2976 1835 sint
2921 1338 2972 1693 infestissimi.’'

3030 2874 3087 2981 His,
3042 2717 3090 2836 quae
3025 2519 3071 2682 Ionem
3024 2416 3080 2482 (v.
3017 2061 3073 2380 609—620.)
3012 1905 3058 2022 fecit
3010 1617 3063 1879 dicentem,
3002 1505 3049 1580 sui
2999 1334 3047 1479 animi

3122 2787 3157 2979 sensum
3102 2447 3167 2750 apertissime
3096 2113 3161 2413 expressisse
3092 1862 3147 2079 videtur3
3093 1767 3133 1815 et
3084 1543 3132 1733 omnino
3093 1332 3143 1508 perso-

3203 2869 3235 2978 nam
3184 2710 3230 2833 lonis
3182 2614 3227 2674 ad
3196 2466 3227 2579 suae
3180 2307 3225 2431 vitae
3171 1916 3221 2273 similitudinem
3164 1664 3214 1871 effinxit.
3161 1543 3207 1595 ln
3156 1329 3220 1511 templo

3265 2848 3313 2974 enim
3260 2564 3323 2811 Apollinis,
3258 2447 3319 2529 qui
3258 2368 3302 2413 in
3255 2126 3300 2333 Zostere
3246 1764 3312 2093 promontorio
3242 1466 3295 1730 colebatur,
3252 1328 3283 1435 mu-

3357 2855 3390 2972 nere
3338 2629 3400 2822 igniferi
3338 2505 3398 2610 ipse
3334 2176 3395 2481 fungebatur,
3330 2060 3390 2139 qui
3329 1876 3388 2035 ignem
3326 1627 3370 1846 servaret
3332 1417 3365 1606 sacrum
3311 1326 3372 1395 ²⁸).

3422 2916 3469 2970 ln
3418 2780 3465 2873 illis
3416 2619 3462 2734 locis
3430 2462 3460 2570 eum
3411 2176 3474 2425 praedium
3406 1910 3452 2140 habuisse
3401 1655 3462 1875 suspicor
3403 1572 3443 1621 et
3395 1324 3442 1537 delecta-

3506 2865 3547 2970 tum
3511 2722 3543 2831 esse
3493 2468 3548 2687 delubro,
3490 2306 3537 2433 unde
3491 1987 3550 2273 prospectus
3485 1758 3545 1952 pateret
3478 1677 3523 1726 in
3490 1499 3522 1647 mare.
3471 1320 3517 1463 Hunc

3578 2820 3641 2969 igitur
3575 2552 3621 2787 honorem
3567 2234 3629 2517 Anagyrasii
3565 2153 3611 2197 ei
3562 1884 3609 2116 detulisse
3558 1613 3605 1851 videntur.
3549 1320 3611 1531 Amplis-
3593 855 3614 860 ἶ

3656 2845 3703 2966 simo
3667 2696 3699 2809 vero
3652 2479 3697 2662 honore
3648 2120 3694 2443 Athenienses
3657 1974 3687 2084 eum
3636 1759 3700 1939 dignati
3638 1596 3690 1724 sunt,
3645 1413 3694 1559 quum
3627 1319 3674 1390 vi-
3665 855 3679 858 ‚

3738 2832 3781 2964 ctum
3732 2751 3778 2797 ei
3728 2388 3791 2717 quotidianum
3726 2304 3771 2352 in
3728 2040 3786 2270 prytaneo
3717 1813 3782 2005 publice
3715 1477 3777 1779 praeberent,
3710 1313 3754 1442 teste
3695 776 3763 859 l.'

3811 2748 3860 2962 Eusebio
3808 2682 3855 2712 l..
3808 2615 3865 2661 l.,
3807 2500 3868 2580 qui
3806 2222 3852 2464 mentione
3802 2062 3846 2188 facta
3795 1848 3844 2026 oraculi
3794 1756 3839 1813 ab
3790 1498 3854 1718 Apolline
3786 1314 3834 1463 editi:
3782 853 3843 857 J

3890 2684 3950 2959 „Nascetur
3886 2564 3933 2651 tibi
3885 2384 3942 2530 filius,
3878 1962 3935 2349 Mnesarchides,
3874 1717 3937 1927 optimus
3874 1632 3916 1682 et
3864 1316 3933 1605 gloriosus,’'
3874 852 3891 856 ·

3968 2818 4028 2961 „Qua
3980 2650 4023 2785 vero,
3964 2450 4025 2620 inquit,
3962 2236 4009 2413 virtute
3957 1902 4021 2201 Euripidem,
3969 1839 3999 1865 a
3947 1560 3998 1804 Socratica
3945 1310 4009 1526 philoso-

4045 2842 4108 2957 phia
4042 2470 4107 2810 improbatum,
4042 2370 4088 2435 dii
4037 2114 4088 2337 admirati
4036 1965 4091 2078 sint,
4032 1750 4088 1931 nescio,
4029 1625 4078 1717 nisi
4038 1390 4073 1591 coronas
4036 1309 4069 1365 ac
4002 768 4127 855 ,4³

4083 816 4136 855 ll'

3862 3270 3891 3309 ln

4208 2842 4261 2885 *)
4208 2718 4249 2815 Vita
4208 2644 4248 2689 in
4207 2522 4248 2616 cod.
4204 2312 4246 2491 Mediol.
4202 2179 4242 2279 coll.
4198 1925 4241 2149 Ambros.:
4193 1673 4251 1884 γενέσθαι
4191 1583 4234 1631 δὲ
4185 1411 4232 1551 αὐτὸν
4183 1307 4229 1382 καὶ

4256 3294 4290 3308 U'
4276 2580 4332 2817 πυρφόρον
4275 2466 4317 2550 τοῦ
4272 2181 4327 2437 Ζωστηρίου
4266 1872 4314 2153 Ἀπόλλωνος.
