5010 3336
3921 2152 3977 2269 114

3783 1362 3834 1570 παίδων
3768 1616 3836 1813 ἔγκυον
3768 1872 3836 2128 ἐποίησεν.
3782 2218 3838 2290 ‘H
3781 2335 3833 2391 δὲ
3780 2436 3832 2524 διὰ
3763 2571 3831 2669 τὴν
3778 2714 3824 2810 τοῦ
3762 2854 3825 3052 πατρὸς

3689 1363 3754 1688 προςδοκίαν
3693 1739 3759 1864 τοὺς
3686 1908 3752 2261 γεννηθέντας
3691 2310 3751 2381 εἰς
3685 2441 3750 2731 βούστασιν
3696 2783 3749 2942 ἔδωκε
3680 2986 3739 3051 τῇ

3606 1360 3667 1545 τροφῷ
3621 1606 3669 1782 θεῖναι
3621 1837 3672 1968 κατὰ
3604 2026 3671 2122 τὴν
3603 2183 3671 2400 ἐντολὴν
3618 2446 3662 2544 τοῦ
3602 2594 3666 3051 κατασπείραντος.

3541 1368 3597 1501 Ὑπὸ
3541 1541 3592 1597 δὲ
3524 1633 3593 1730 τὴν
3540 1765 3590 2007 κάθοδον
3539 2042 3585 2139 τοῦ
3537 2176 3588 2443 δυνάστου
3536 2479 3587 2542 τὰ
3520 2578 3587 2746 βρέφη
3525 2780 3586 2915 τινὲς
3534 2944 3583 3052 τῶν

3447 1360 3509 1670 βουκόλων,
3444 1724 3508 2093 φυλαττόμενα
3443 2139 3509 2234 μὲν
3456 2279 3507 2383 ὑπὸ
3454 2429 3500 2526 τοῦ
3438 2578 3503 2780 ταύρου
3439 2827 3502 3051 θηλαζό·

3366 1358 3410 1490 μενα
3378 1526 3429 1581 δὲ
3378 1616 3430 1721 ὑπὸ
3363 1757 3422 1876 μιας
3378 1911 3426 2017 τῶν
3363 2054 3426 2200 βοῶν
3365 2237 3426 2450 ἰδόντες,
3364 2490 3423 2559 ὡς
3356 2588 3422 2819 βουγενῆ
3357 2862 3422 3050 τέρατα

3282 1358 3341 1429 τῷ
3282 1466 3346 1671 βασιλεῖ
3282 1702 3346 2079 προςήνεγκον.
3296 2156 3352 2223 ‘O
3290 2259 3345 2341 δέ,
3278 2395 3336 2458 τῇ
3292 2505 3337 2601 τοῦ
3277 2637 3340 2835 πατρὸς
3276 2866 3346 3048 ’Ἐλλη-

3207 1358 3248 1452 νος
3200 1488 3265 1669 γνώμῃ
3207 1705 3265 1962 πεισθείς,
3214 2001 3265 2333 (ἳλοκαυτοῦν
3213 2367 3263 2428 τὰ
3195 2466 3261 2636 βρέφη
3197 2672 3259 2881 κρίνας,
3210 2938 3257 3048 Με-

3120 1356 3185 1585 λανίππῃ
3121 1622 3179 1685 τῇ
3121 1727 3187 1956 θυγατρὶ
3121 1991 3184 2300 προςὲταξεν
3117 2363 3184 2630 ἐνταφίοις
3128 2666 3179 2797 αὐτὰ
3112 2854 3175 3046 κοσμῆ-

3055 1356 3093 1455 σαι.
3056 1517 3111 1591 ‘H
3054 1634 3106 1689 ὑὲ
3053 1742 3105 1830 καὶ
3053 1878 3103 1972 τὸν
3038 2007 3101 2209 κόσμου
3041 2246 3099 2425 αὐτοῖς
3033 2461 3100 2681 ἐπέθηκε
3046 2717 3097 2803 καὶ
3047 2836 3097 2930 τὸν
3047 2964 3098 3047 λό-

2958 1353 3004 1452 γου
2965 1498 3024 1568 εἷς
2958 1621 3021 1937 παραίτησιν
2954 1986 3022 2195 ἐξέθηκε
2954 2232 3017 2526 φιλότιμον.
2966 2599 3014 2824 Latinum
2967 2859 3013 3050 fecerat

2893 1354 2940 1484 idem
2892 1514 2939 1680 drama
2880 1695 2939 1898 Ειιιιίιι8,
2881 1926 2938 2187 liberioris,
2873 2217 2928 2355 puto,
2871 2381 2934 2725 philosophiae
2870 2748 2933 3047 praeceptis,

2797 1355 2858 1529 quibus
2812 1568 2853 1671 erat
2796 1705 2858 1907 insigne,
2808 1944 2857 2184 invitatus.

2732 1486 2779 1794 Prooemium
2733 1832 2762 1857 a
2712 1892 2779 2174 Menalippa
2712 2209 2774 2313 ipsa
2727 2370 2775 2553 dictum
2726 2599 2758 2711 esse
2708 2771 2773 3046 Gregorius

2643 1352 2694 1590 testatur,
2637 1638 2698 1867 idemque
2649 1910 2698 2101 initium
2632 2150 2694 2513 transscripsit:
2646 2559 2697 2615 ἐν
2643 2663 2695 2719 δὲ
2628 2768 2688 2832 τῇ
2644 2872 2692 3044 Μελα-

2554 1353 2620 1517 νίππῃ
2556 1552 2621 1847 παρειςαγει
2553 1883 2618 2079 ταύτην
2550 2114 2618 2619 προοιμιαζομένηυ·

2480 1490 2539 1637 Ζεύς,
2481 1678 2541 1747 ὡς
2487 1783 2541 2011 λέλεκται
2468 2048 2532 2139 τῆς
2470 2176 2535 2425 ἀληθείας
2473 2464 2535 2580 ὕπο,

2395 1481 2463 1691 Ἕλλην’
2408 1730 2459 1904 ἔτικτε.

2311 1352 2376 1518 866118,
2314 1545 2375 1781 scriptum
2317 1820 2374 1991 fuisse,
2326 2030 2356 2138 cum
2324 2176 2372 2338 sabula
2307 2372 2369 2580 primum
2311 2619 2370 2909 doceretur,
2322 2945 2371 3045 Lu-

2247 1353 2294 1515 cianus
2249 1552 2295 1600 in
2249 1636 2296 1749 love
2231 1788 2289 1909 trag.
2247 1949 2275 1987 c.
2232 2025 2290 2138 41.‚
2244 2187 2291 2478 Plutarchus
2240 2526 2290 2585 Τ.
2244 2639 2289 2696 ll.
2226 2749 2272 2795 p.
2242 2842 2288 2950 756.
2243 2989 2290 3042 B.

2156 1353 2214 1438 C.‚
2153 1494 2216 1736 Athenag.
2151 1774 2197 1820 p.
2156 1856 2210 1966 253„
2165 2015 2213 2182 lustin.
2165 2230 2212 2302 M.
2147 2340 2193 2387 p.
2162 2424 2208 2502 41.
2162 2540 2209 2597 E.
2162 2636 2205 2892 testantur.
2162 2963 2209 3044 Sic

2087 1352 2134 1479 enim
2089 1517 2119 1570 se
2088 1605 2134 1750 verba
2071 1787 2132 2014 primitus
2084 2052 2132 2312 habuisse:

1996 1488 2057 1637 Ζεύς,
1996 1675 2057 1809 ὅςτις
2004 1844 2056 1872 ὁ
1995 1908 2053 2066 Ζεύς·
2004 2106 2053 2171 οὐ
1988 2206 2054 2307 γὰρ
1993 2345 2057 2485 οἶδα,
1985 2521 2052 2658 πλὴν
1985 2692 2051 2831 λόγῳ

1926 1480 1975 1659 κλύων
1938 1691 1944 1757 —

1833 1352 1893 1467 sed,
1845 1515 1892 1813 reclamante
1832 1868 1890 2092 theatro,
1827 2144 1890 2457 postmodum
1843 2505 1888 2563 ab
1841 2605 1884 2807 auctore
1839 2856 1882 3040 mutata

1765 1351 1797 1464 6886
1750 1500 1816 1594 (ὠς
1748 1630 1816 1961 ἐθορυβήθη,
1748 1997 1812 2179 ἤλλαξε
1762 2215 1811 2307 τὸν
1746 2343 1812 2549 στίχον,
1751 2603 1811 2673 ὠς
1758 2706 1805 2810 νῦν
1743 2854 1810 3039 γέγρα-

1671 1349 1733 1513 πται).
1670 1583 1733 1908 Opinionibus
1668 1954 1732 2229 fabulisque
1681 2265 1728 2351 niti
1665 2387 1711 2704 quaecunque
1679 2741 1726 2802 de
1678 2838 1725 3041 deorum

1604 1350 1646 1517 natura
1595 1552 1652 1834 tradantur,
1604 1871 1636 1966 non
1603 2005 1650 2160 solum
1601 2196 1647 2291 hoc
1585 2329 1647 2564 prooemii
1599 2602 1646 2739 initio
1582 2775 1646 3040 Euripides

1512 1350 1574 1621 significat,
1525 1657 1571 1747 sed
1524 1783 1571 1927 etiam
1508 1964 1569 2261 gravissimis
1506 2297 1567 2596 argumentis
1519 2634 1561 2684 et
1518 2720 1565 3038 subtilissima

1430 1350 1495 1682 disputatione
1427 1740 1493 2059 Menalippae
1441 2114 1488 2393 confirmari
1437 2454 1487 2621 voluit.
1439 2710 1486 2844 Idem
1424 2902 1485 3039 quasi

1366 1350 1398 1523 secure
1364 1558 1414 1823 referendo
1363 1859 1410 1984 Iovis
1346 2023 1404 2252 nepotem
1362 2288 1392 2398 esse
1347 2433 1408 2655 Aeolum,
1361 2712 1391 2739 a
1344 2775 1390 2869 quo
1358 2905 1389 3038 com-

1270 1348 1318 1571 pressam
1284 1609 1334 1793 Thetin
1283 1830 1330 1931 sive
1265 1966 1329 2248 Hipponem
1281 2285 1312 2396 esse
1281 2432 1323 2483 et
1266 2508 1321 2653 partu
1278 2679 1327 2894 edidisse
1276 2926 1325 3038 Me-

1192 1348 1254 1625 nalsppam,
1204 1676 1252 1802 hanc
1187 1851 1250 2059 denique
1202 2095 1232 2121 a
1185 2153 1249 2381 Neptuno
1185 2418 1243 2686 stupratam
1198 2724 1247 2786 de
1182 2820 1243 3037 gemino-

1128 1348 1158 1457 rum
1125 1493 1174 1757 liberorum
1110 1796 1165 1938 partu
1122 1972 1168 2066 iam
1121 2103 1167 2363 sollicitam
1109 2401 1152 2540 esse,
1118 2589 1167 2713 haec
1101 2747 1160 2892 atque
1105 2927 1164 3036 alia,

1033 1349 1095 1525 quibus
1046 1544 1094 1747 deorum
1028 1772 1076 1977 corpora
1025 2002 1082 2264 certaeque
1041 2290 1088 2481 formae
1040 2495 1071 2605 esse
1022 2628 1078 2887 ponuntur,
1036 2918 1084 3036 sim-

951 1347 1015 1546 pliciter
965 1580 1013 1803 docendo
963 1838 996 1934 non
960 1973 994 2139 secum
943 2161 1006 2268 ipse
944 2296 991 2527 pugnare,
958 2564 1005 2652 sed
957 2700 1005 2865 dedita
940 2887 988 3036 opera

870 1348 935 1755 philosophorum
880 1794 928 2059 sententias
862 2093 927 2322 vulgique
863 2356 927 2629 opiniones,
876 2663 925 2793 inter
875 2828 908 2882 se
876 2918 908 3035 con-

794 1349 854 1539 trarias,
804 1576 851 1861 consociare
800 1896 849 2107 videtur.
799 2176 848 2317 Talia
797 2352 844 2481 enim
780 2516 842 2771 prooemio
778 2811 843 3035 exposita

726 1350 775 1504 fuisse
725 1537 769 1586 et
707 1619 773 1895 fragmenta
721 1931 763 1982 et
704 2016 768 2201 Hygini
717 2234 765 2448 narratio
702 2472 763 2701 ostendit,
700 2757 747 2881 quae
715 2912 763 3035 haec
