5010 3336
2343 670 2408 678 ...¹-
2431 670 2573 681 -sa--r-vf
2600 671 2609 676 v
2639 664 2710 683 **›,
2769 673 2779 681 ι,

711 665 960 680 -,-..-ι-....-;...
970 671 1018 678 2„
1029 666 1078 684 ,ξς
1109 668 1146 678 ς..
1157 664 1389 681 ’-ῳ-..με-Ὶαψῑ
1405 664 1540 679 &zv-s*

336 627 341 630 .
437 622 471 633 ,1-
529 624 538 631 ε
568 630 572 631 ⁷
604 629 631 631 ⁷⁴

323 668 328 670 -
353 667 540 684 ‘Qu-“art
561 675 630 682 --..
643 667 688 680 ζ»,-

304 704 321 712 .ν,
393 702 399 713 1
414 702 430 707 ““
490 707 495 708 ⁷

4025 2122 4080 2245 480

3890 1465 3941 1715 Pronaum
3887 1752 3938 2009 Minervae
3884 2044 3935 2301 adversum
3879 2355 3929 2737 ascendentibus
3874 2774 3925 2933 fuisse
3872 2968 3906 3030 ex

3811 1331 3860 1520 Herod.
3800 1563 3859 1691 vlu,
3808 1731 3854 1807 37.
3805 1846 3853 1924 39.
3789 1962 3853 2279 intelligitur3
3802 2329 3851 2446 huic
3800 2483 3849 2690 alterum
3783 2728 3830 2963 pronaum
3792 3000 3823 3028 a

3731 1331 3779 1490 latere
3728 1526 3777 1744 iunctum
3727 1783 3775 1939 fuisse
3709 1974 3771 2210 suspicor.
3722 2280 3772 2491 Palladis
3720 2538 3763 2699 autem
3718 2739 3749 2877 sacra
3713 2915 3746 3026 cum

3634 1328 3699 1571 Apollinis
3648 1622 3695 1777 sacris
3629 1828 3678 1920 per
3644 1962 3688 2118 totum
3642 2155 3691 2322 drama
3639 2359 3687 2614 coniuncta
3622 2650 3677 3028 repraesentan-

3558 1328 3614 1426 tur,
3570 1461 3601 1553 nec
3566 1591 3615 1750 minus
3551 1784 3613 1943 illius,
3548 1981 3594 2124 quam
3548 2160 3609 2340 huiuS,
3559 2390 3606 2589 numine
3557 2631 3588 2711 res
3539 2748 3603 3026 diriguntur

3490 1330 3532 1381 et
3490 1416 3537 1475 ad
3487 1513 3537 1707 felicem
3484 1748 3531 1933 exitum
3467 1970 3530 2325 perducuntur.
3479 2396 3526 2472 Ad
3477 2507 3525 2638 illius
3461 2680 3524 2831 igitur
3459 2865 3519 3022 porti-

3409 1328 3440 1436 cum
3407 1476 3456 1662 Creusa
3405 1708 3437 1817 cnm
3390 1867 3449 2081 ancillis,
3385 2130 3432 2254 quae
3400 2302 3446 2438 chori
3396 2488 3428 2693 munere
3379 2730 3443 3019 funguntur,

3328 1325 3374 1533 accedit.
3323 1606 3374 1850 Porticum
3322 1890 3368 2017 enim
3321 2046 3353 2192 scena
3304 2216 3359 2581 repraesentat3
3299 2620 3361 2849 spatium,
3297 2889 3360 3018 quod

3247 1324 3290 1439 ante
3231 1475 3292 1717 porticum
3242 1754 3289 1982 relictum
3228 2032 3282 2166 erat,
3223 2215 3285 2529 proscenium
3223 2580 3282 2853 efficiebat3
3231 2905 3273 3019 ante

3166 1321 3214 1420 hoc
3167 1450 3213 1497 in
3164 1535 3212 1789 orchestra
3161 1828 3207 2058 consistit
3159 2086 3206 2265 chorus
3143 2301 3208 2368 *),
3140 2407 3204 2590 ibique,
3153 2628 3194 2793 motus
3135 2828 3198 3014 magni-

3086 1320 3134 1522 ficentia
3084 1558 3131 1787 vestibuli
3082 1824 3125 1873 et
3067 1907 3128 2236 pulcritudine
3060 2265 3125 2546 imaginum,
3059 2584 3118 2756 quibus
3056 2795 3119 3014 porticus

3005 1320 3046 1488 ornata
2996 1527 3047 1635 est,
2988 1688 3049 1927 parodum
2985 1964 3047 2079 agit.
2998 2150 3047 2383 Sciebant
2995 2416 3036 2578 autem
2979 2608 3040 2689 qui
2992 2718 3038 2864 deum
2990 2895 3022 3012 con-

2925 1319 2972 1495 sulturi
2908 1533 2973 1753 Delphos
2911 1791 2968 2078 veniebant„
2902 2124 2958 2386 antequam
2916 2424 2964 2597 hostiis
2913 2635 2959 2792 caesis
2909 2831 2957 3012 sacris-

2829 1318 2875 1414 que
2843 1450 2890 1545 rite
2843 1581 2890 1724 sactis
2842 1762 2888 1809 in
2823 1846 2885 2116 penetralia
2838 2152 2884 2528 admitterentur
2819 2564 2884 2676 >bk>7
2817 2726 2877 3008 spectandis

2763 1315 2810 1529 donariis
2762 1579 2809 1746 oculos
2744 1794 2791 2000 pascere
2745 2049 2808 2138 (cf.
2742 2191 2804 2364 Eurip.
2753 2413 2803 2645 Androm.
2752 2688 2797 2815 1036
2734 2859 2796 3005 seq.).

2682 1315 2730 1457 Haec
2667 1491 2729 1641 igitur
2678 1677 2723 1981 consuetudo
2660 2019 2723 2192 parodi
2676 2227 2723 2482 materiam
2659 2515 2720 2739 praebuit
2654 2767 2718 3007 Euripidi,

2602 1313 2645 1368 ut
2585 1404 2648 1677 porticum,
2583 1716 2629 1860 quam
2595 1899 2643 2029 circa
2594 2066 2642 2257 initium
2594 2294 2641 2410 belli
2575 2448 2642 2879 Peloponnesiaci,
2588 2918 2635 3006 de-

2464 1451 2504 1519 los
2464 1551 2501 1592 et
2451 1623 2508 1809 α’γυιεύς
2447 1840 2497 2142 nuncupatur,
2446 2182 2498 2308 quasi
2458 2349 2498 2433 viis
2443 2464 2497 2744 praepositus
2454 2782 2496 3008 urbanis.”

2393 1448 2434 1573 Adde
2392 1604 2432 1742 nostri
2388 1774 2431 1942 I’hoen.
2388 1974 2429 2071 (531.
2387 2097 2429 2249 01274.
2386 2286 2423 2328 ct
2387 2358 2426 2476 hunc
2372 2507 2425 2651 ipsum
2384 2678 2423 2826 locum
2371 2850 2428 3002 (ἄγυι-

2315 1447 2367 1605 οἱτιδες
2304 1635 2359 1931 θεραπεῖαι),
2304 1968 2343 2098 quem
2315 2130 2355 2333 Eustath.
2302 2367 2340 2411 p.
2304 2444 2355 2539 166,
2314 2572 2355 2641 23.
2301 2675 2354 2792 (126,
2299 2823 2354 2892 2.)
2312 2925 2338 3002 ex-

2237 1448 2291 1649 plicavit.
2235 1708 2289 1963 Apollinem
2245 2006 2286 2165 ]anum
2244 2197 2285 2472 Graecorum
2243 2514 2284 2652 fuisse
2242 2692 2268 2744 ex
2241 2775 2281 2864 hac
2228 2904 2281 3001 ipsa

2179 1446 2207 1493 re
2167 1526 2214 1729 apparet.

2096 1361 2149 1408 ⁹¹²)
2109 1441 2150 1731 Orchestram
2108 1763 2135 1895 scena
2106 1926 2145 2065 multo
2104 2102 2146 2359 inferiorem
2103 2402 2145 2539 fuisse
2088 2580 2141 2719 vulgo
2089 2760 2128 2999 perperam

2038 1444 2075 1641 statuunt
2025 1672 2080 1745 qui
2037 1776 2078 1902 illam
2033 1934 2075 2249 tabulamentis
2031 2281 2068 2549 constratam
2031 2579 2073 2717 fuisse
2032 2747 2057 2830 non
2018 2862 2056 2998 repu-

1967 1444 2005 1551 tant.
1966 1612 2007 1668 Et
1953 1698 2005 1839 spatio
1965 1872 2004 1995 illam
1963 2028 1990 2189 scenae
1961 2224 2002 2469 continuari
1961 2512 1997 2555 et
1948 2585 2000 2822 superficie
1946 2854 1985 2995 paene

1885 1445 1938 1628 aequari
1895 1659 1935 1838 solitam
1893 1877 1919 1972 esse
1892 2012 1933 2127 haec
1891 2159 1932 2324 Suidae
1890 2369 1930 2507 verba
1889 2552 1930 2806 declarant:
1875 2848 1930 2996 μετὰ

1813 1439 1870 1544 τὴν
1811 1576 1867 1801 σκηνὴν
1814 1833 1869 2014 εὐθὺς
1820 2044 1862 2119 καὶ
1820 2151 1862 2207 τοὶ
1804 2229 1861 2522 παρασκήνια
1804 2550 1865 2843 ἡόρχήστρα’
1803 2877 1862 2996 αὕτη

1753 1445 1798 1495 δὲ
1753 1528 1797 1650 ἔστιν
1753 1683 1797 1705 ὁ
1743 1738 1799 1882 τόπος
1750 1913 1794 1937 ὁ
1749 1973 1794 2029 ἐκ
1747 2062 1789 2323 σανίδων
1735 2356 1790 2502 ἔχων
1746 2533 1790 2595 τὸ
1734 2629 1789 2866 ἔδαφος,
1733 2911 1790 2994 (ἔφ’

1682 1438 1732 1496 οὗ
1668 1541 1722 1864 θεατρίζουσιν
1679 1910 1721 1953 οἱ
1666 1994 1716 2140 μῖμοι.
1676 2188 1720 2280 ἔστι
1663 2322 1719 2463 μετὰ
1663 2506 1719 2613 τὴν
1660 2657 1719 2992 ὀρχήστραν

1598 1436 1655 1589 βωμὸς
1610 1618 1651 1703 τοῦ
1596 1734 1654 1992 Διονύσου7
1599 2034 1653 2085 ὃς
1605 2118 1644 2320 καλεῖται
1592 2367 1649 2545 θυμέλη
1590 2587 1648 2715 παρὰ
1603 2753 1647 2803 τὸ
1602 2835 1650 2989 θύειν.
1627 3027 1636 3035 ’

1529 1435 1584 1550 μετὰ
1540 1568 1584 1615 δὲ
1527 1633 1582 1716 τὴν
1524 1732 1581 1985 θυμέληνή
1519 2015 1574 2249 κονίστραν,
1533 2276 1577 2486 τουτέστι
1533 2508 1577 2568 τὸ
1532 2594 1576 2747 κάτω
1522 2775 1576 2991 ἔδαφος

1469 1434 1511 1521 τοῦ
1454 1551 1514 1772 θεάτρου.
1464 1835 1508 2123 Orchestram
1464 2154 1491 2239 non
1452 2270 1505 2428 minus,
1451 2461 1490 2595 quam
1462 2626 1489 2805 scenam
1449 2828 1502 2988 ipsam,

1399 1432 1441 1680 actionibus
1395 1711 1437 1978 histrionum
1392 2005 1434 2268 destinatam
1392 2298 1433 2437 fuisse
1391 2466 1433 2648 fabulae
1377 2679 1431 2804 ipsae
1378 2830 1426 2987 poeta-

1330 1431 1356 1531 rum
1325 1563 1367 1809 ostendunt.
1324 1870 1365 1977 Post
1321 2015 1362 2292 orchestram
1310 2323 1361 2525 demum,
1320 2566 1346 2650 non
1320 2690 1361 2733 in
1307 2774 1360 2870 ipsa
1320 2912 1346 2985 or-

1242 1431 1299 1632 chesn-a,
1255 1675 1295 1827 locum
1253 1856 1295 1995 fuisse
1240 2026 1280 2157 arae,
1239 2189 1278 2302 quae
1237 2332 1294 2510 θυμέλη
1239 2543 1289 2812 vocabatur,
1247 2856 1289 2985 docet

1187 1430 1229 1606 Suidas.
1184 1667 1225 1752 Per
1182 1782 1221 1929 scalas
1168 1958 1223 2098 igitur
1181 2129 1222 2186 ad
1177 2218 1219 2494 orchestram
1179 2524 1206 2611 non
1168 2641 1220 2814 minus,
1165 2846 1205 2981 quam

1119 1429 1159 1487 ad
1103 1517 1145 1710 scenam,
1110 1744 1153 2101 adscendendum
1106 2131 1150 2229 fuit.

1036 1315 1091 1389 “i‘i)
1035 1422 1091 1669 στέμμασιν
1032 1708 1088 1928 ἐνδυτόν,
1027 1971 1085 2093 οὲμφὶ
1037 2137 1080 2187 δὲ
1022 2218 1081 2443 Γοργόνες
1038 2482 1078 2536 (16
1036 2574 1078 2789 umbilico
1035 2832 1075 2979 terrae

976 1425 1019 1591 dictum
970 1625 1014 1917 confirmatur
967 1958 1009 2110 verbis
965 2140 1007 2372 Strabonis
953 2410 992 2451 p.
956 2483 1009 2593 289,
966 2622 1009 2701 22:
962 2743 1006 2979 δείκνυται

906 1425 950 1474 δὲ
904 1505 947 1582 καὶ
889 1613 949 1823 ὀμφαλός
890 1852 924 1921 τις
897 1950 941 1998 ἐν
880 2030 937 2093 τῷ
878 2123 936 2220 ναῷ
881 2245 939 2608 τεταινιωμένος,
892 2641 937 2718 καὶ
892 2750 940 2818 ἐπ’
878 2850 936 2975 αὐτῷ

834 1426 878 1475 αὶ
830 1505 876 1593 δύο
819 1628 873 1802 εἰκόνες
826 1832 869 1917 τοῦ
813 1945 871 2117 μύθου.
