5010 3336
1043 2156 1098 2275 483

1203 2918 1251 3049 vitae
1199 2712 1263 2873 posita
1209 2553 1242 2665 esse
1191 2278 1239 2506 affirmat.
1186 2083 1234 2211 Tum
1184 1845 1248 2046 Agrauli
1183 1555 1243 1798 virgines,
1196 1377 1243 1499 quae

1283 2862 1330 3047 circum
1278 2661 1339 2826 longas
1288 2479 1335 2626 rupes
1271 2240 1316 2442 choreas
1270 2040 1329 2203 agant,
1270 1951 1311 2001 et
1263 1746 1309 1924 Panem
1263 1668 1307 1717 in
1262 1551 1307 1633 illo
1267 1376 1309 1517 antro

1359 2884 1408 3049 fistula
1359 2585 1403 2837 canentem
1366 2448 1415 2538 pro
1346 2175 1411 2411 Apollinis
1344 2023 1389 2121 lilio
1344 1921 1390 1987 ibi
1342 1660 1403 1885 exposito
1340 1378 1401 1623 implorat.

1440 2814 1487 3045 Ceterum
1438 2622 1495 2765 negat
1432 2499 1478 2577 vel
1429 2397 1476 2444 in
1423 2143 1487 2349 picturis
1422 2017 1469 2093 vel
1424 1920 1468 1967 in
1420 1577 1467 1868 carminibus
1420 1376 1465 1529 ullum

1518 2841 1564 3046 deorum
1512 2638 1559 2794 filium
1512 2445 1558 2590 rebus
1503 2173 1553 2397 secundis
1506 1908 1547 2125 utentem
1499 1651 1547 1859 ostendi.
1498 1370 1565 1572 ¹Quippe

1612 2949 1644 3046 non
1608 2854 1641 2913 ex
1592 2613 1638 2817 deorum
1586 2352 1650 2561 stupris,
1580 2227 1628 2315 sed
1596 2121 1627 2181 ex
1579 1880 1625 2084 victrice
1578 1588 1624 1835 hominum
1578 1370 1623 1551 virtute

1675 2879 1738 3045 stIrpis
1671 2649 1718 2840 divinae
1669 2390 1715 2627 honorem
1676 2171 1709 2365 manare
1657 1820 1705 2136 manifestum
1662 1693 1705 1783 est.
1656 1514 1703 1624 Hoc
1671 1370 1703 1477 car-

1769 2932 1801 3046 men
1758 2792 1799 2895 tum
1751 2610 1797 2757 rebus
1760 2431 1808 2575 grave
1748 2295 1789 2398 tum
1739 2095 1785 2257 verbis
1737 1860 1802 2057 egregie
1742 1600 1783 1824 ornatum
1740 1468 1781 1545 est
1744 1368 1782 1419 et

1834 2982 1880 3045 ad
1828 2604 1895 2946 explicandam
1838 2406 1873 2570 rerum
1819 2039 1867 2368 conditionem
1815 1536 1863 2001 commemoratione
1814 1370 1876 1501 peri-

1912 2920 1969 3043 culi,
1910 2812 1956 2860 in
1922 2667 1970 2761 quo
1900 2188 1954 2634 Erechtheidarum
1898 1985 1960 2137 stirps
1899 1680 1951 1937 versatur,
1893 1369 1956 1632 plurimum

1991 2832 2041 3042 confert.

2066 2763 2115 2913 Redit
2065 2682 2112 2730 in
2076 2435 2110 2632 scenam
2058 2301 2105 2400 Ion.
2055 2064 2103 2234 Paullo
2059 1914 2118 2028 post
2054 1675 2102 1871 Xuthus
2067 1568 2099 1629 ex
2066 1364 2115 1521 pene-

2148 2838 2197 3045 tralibus
2143 2542 2192 2802 revertitur
2144 2359 2199 2507 atque
2137 2188 2183 2324 illum
2135 1959 2181 2151 obvium
2150 1834 2196 1923 pro
2133 1694 2179 1796 filio
2132 1483 2179 1663 salutat
2130 1366 2177 1457 mi-

2233 2854 2277 3043 rantem
2230 2765 2271 2816 et
2222 2506 2270 2721 novitate
2218 2388 2265 2461 rei
2214 1926 2278 2338 obstupefactum.
2212 1685 2274 1855 Itaque
2211 1364 2257 1650 adolescens

2324 2900 2366 3040 eum,
2303 2715 2367 2852 quasi
2300 2402 2354 2679 furentem„
2313 2331 2342 2357 a
2310 2086 2358 2294 corpore
2297 1906 2339 2042 arcet
2298 1709 2354 1857 atque
2291 1530 2337 1675 etiam
2288 1362 2346 1493 telis,

2402 2941 2449 3039 quo
2385 2747 2432 2906 minus
2393 2528 2426 2699 manus
2376 2391 2423 2480 sibi
2375 2163 2421 2346 iniiciat
2377 2048 2419 2129 aut
2373 1918 2418 2013 vim
2372 1675 2427 1883 inferat,
2368 1360 2431 1627 prohibere

2469 2821 2513 3039 conatur.
2459 2619 2507 2749 Tum
2457 2522 2502 2584 de
2454 2278 2501 2474 oraculo
2454 2020 2499 2226 edoctus
2456 1932 2498 1982 et
2465 1624 2511 1897 congruere
2448 1468 2494 1590 illud
2446 1361 2493 1433 vi-

2544 2915 2592 3038 dens
2556 2754 2588 2864 cum
2545 2479 2599 2703 tempore
2538 2376 2579 2426 et
2532 2198 2589 2329 loce,
2546 2056 2591 2153 quo
2530 1814 2575 2009 Xuthus
2546 1659 2575 1767 cum
2525 1359 2589 1614 Delphicis

2621 2859 2688 3038 puellis
2618 2642 2666 2825 Bacchi
2616 2428 2662 2609 festum
2611 2137 2657 2391 celebrans
2645 2102 2668 2116 7
2608 1946 2654 2055 vino
2613 1848 2653 1897 et
2607 1569 2669 1815 voluptate
2606 1359 2662 1534 victus,

2716 2890 2749 3037 unam
2713 2686 2745 2852 earum
2691 2328 2755 2649 stupraverit,
2689 2147 2735 2274 lovis
2704 2055 2734 2108 se
2691 1774 2749 2007 nepotem
2701 1663 2733 1725 ex
2700 1478 2731 1617 servo
2684 1357 2731 1433 sa-

2785 2905 2828 3037 ctum
2792 2757 2824 2868 esse
2774 2512 2835 2723 gaudet,
2770 2373 2816 2462 sed
2772 2120 2814 2325 matrem
2766 1806 2813 2081 etiamnunc
2764 1547 2828 1762 ignorari
2763 1357 2812 1511 dolet.

2858 2878 2908 3039 Huius
2852 2485 2901 2813 inventionem
2846 2212 2909 2423 tempori
2845 1751 2892 2151 committendam
2858 1587 2890 1699 esse
2845 1354 2889 1524 censet

2937 2810 2993 3038 Xuthus3
2933 2678 2979 2775 iam
2930 2488 2977 2643 filium
2927 2211 2984 2454 hortatur,
2930 2120 2971 2175 ut
2925 1949 2988 2087 regni
2928 1864 2971 1913 et
2922 1553 2970 1831 divitiarum
2926 1354 2984 1518 pater-

3031 2864 3064 3035 narum
3014 2654 3060 2830 haeres
3008 2423 3054 2619 futurus
3005 2168 3053 2385 Athenas
3020 1963 3050 2130 secum
3002 1554 3064 1911 proficiscatur.
2998 1353 3046 1483 Tum

3097 2827 3157 3034 repente
3089 2678 3138 2782 Ioni
3084 2298 3133 2627 consideranti
3099 2093 3128 2254 rerum
3082 1716 3128 2046 conditionem
3079 1460 3141 1677 scrupuli
3079 1352 3126 1426 in-

3174 2787 3222 3033 iiciuntur.
3167 2499 3214 2718 Primum
3164 2331 3211 2460 enim
3177 2246 3208 2299 se
3161 1939 3223 2201 peregrino
3164 1755 3223 1894 patre
3158 1481 3221 1704 spurium
3174 1353 3205 1438 na-

3257 2898 3310 3031 tum,
3250 2805 3296 2847 si
3248 2708 3295 2770 ad
3244 2402 3309 2673 principale
3243 2322 3288 2367 in
3240 2035 3303 2284 republica
3238 1742 3302 1993 fastigium
3237 1463 3293 1705 enitatur,
3236 1352 3283 1427 in-

3331 2900 3379 3033 vidia
3328 2694 3375 2867 civium
3324 2290 3371 2658 ambitiosorum
3324 2057 3383 2255 praeter
3324 1819 3365 2011 ceteros
3320 1558 3363 1784 vexatum
3315 1460 3361 1521 iri
3315 1351 3362 1427 in-

3409 2840 3473 3032 telligit.
3404 2570 3453 2758 Deinde
3403 2476 3449 2525 in
3403 2283 3447 2429 domo
3400 2131 3461 2237 ipsa
3401 1881 3461 2085 paterna
3396 1634 3443 1835 insidias
3410 1349 3441 1590 novercae

3489 2890 3554 3031 prole
3485 2628 3535 2837 carentis
3488 2528 3529 2578 et
3481 2392 3527 2484 sibi
3484 2292 3526 2343 ct
3478 2116 3541 2245 patri
3476 1824 3523 2069 timendas
3491 1663 3522 1774 esse
3474 1350 3521 1628 arbitratur.

3567 2898 3616 3030 Tum
3582 2802 3613 2863 ne
3563 2463 3626 2768 tyrannidem
3559 2192 3622 2414 quidem,
3556 1835 3618 2140 splendidam
3554 1514 3611 1788 miseriam7
3554 1348 3599 1467 tanti

3647 2880 3703 3030 facit,
3650 2778 3693 2835 nt
3643 2699 3691 2745 ei
3642 2513 3688 2663 otium
3644 2416 3685 2465 et
3635 1970 3698 2369 tranquillitatem
3638 1870 3680 1920 et
3634 1608 3680 1823 iustitiae
3632 1348 3678 1565 studium

3729 2726 3789 3027 postponere
3722 2561 3768 2691 velit.
3718 2354 3764 2492 Ilaec
3719 2011 3777 2317 exponuntur
3713 1746 3760 1965 oratione
3717 1645 3759 1695 et
3712 1446 3758 1612 subtili
3715 1346 3757 1397 et

3804 2870 3867 3026 gravi,
3807 2733 3850 2835 tum
3799 2441 3848 2695 sententiis
3796 2223 3857 2403 argutis
3794 1958 3840 2187 distincta
3799 1766 3855 1911 atque
3792 1513 3838 1731 moribus
3789 1346 3836 1477 Ionis

3883 2831 3946 3020 optime
3879 2479 3928 2796 convenienti.
3876 2288 3923 2411 Nam
3890 2103 3935 2250 quum
3872 2004 3919 2066 sit
3872 1620 3935 1970 philosophus,
3870 1345 3916 1571 fortunae

3963 2894 4010 3021 bona
3959 2623 4007 2861 inferiora
3958 2456 4005 2587 ducit
3956 2244 4002 2423 virtute
3957 2156 3999 2208 et
3968 1880 4014 2114 spernere
3951 1652 3998 1845 divitias
3956 1470 4011 1616 atque
3948 1345 3994 1435 ho-

4053 2874 4086 3022 nores
4038 2643 4087 2827 didicit.
4038 2511 4084 2564 In
4035 2264 4083 2467 eandem
4032 2105 4079 2214 sere
4032 1768 4079 2055 sententiam
4030 1674 4076 1723 in
4025 1345 4074 1630 Phoenissis

4118 2825 4165 3019 Iocaste
4117 2649 4179 2792 plura
4116 2382 4178 2614 disputat,
4112 2206 4159 2343 cuius
4111 1915 4158 2181 orationem
4126 1776 4157 1885 cum
4108 1641 4167 1751 hac,
4106 1562 4152 1603 si
4120 1344 4167 1527 operae

4202 2923 4258 3018 est,
4211 2618 4259 2887 compares.
4194 2336 4250 2549 Xuthus,
4192 2223 4239 2302 his
4190 1982 4250 2188 auditiS,
4207 1884 4238 1946 ne
4189 1630 4238 1849 doiorem
4184 1452 4233 1595 uxori
4182 1343 4230 1418 as-

4270 1725 4313 1777 :31
4265 1674 4293 1700 *
