5010 3336
3824 2063 3883 2187 354

3665 1415 3730 1850 „Contempta
3683 1900 3733 2070 hanc
3674 2104 3734 2352 sedem,
3686 2399 3733 2464 in
3669 2510 3719 2635 qua
3669 2672 3717 2791 ego
3683 2841 3715 2966 no-

3603 2110 3634 2247 vem
3594 2282 3652 2561 lzieme3‚
3605 2606 3637 2772 saxo

3509 1416 3567 1723 Stratus,
3504 1766 3570 2029 pertuli
3535 2158 3544 2223 »-
3537 2356 3546 2423 ——
3528 2556 3545 2632 —.

3424 1413 3488 1596 Quod
3440 1633 3488 1908 obsecro
3428 1955 3483 2039 te,
3441 2077 3473 2155 ne
3443 2191 3489 2412 istaec
3427 2464 3492 2970 aspernabilem

3342 1418 3407 1914 Incultasaxit
3361 1951 3410 2308 tetritudo
3363 2343 3394 2433 me
3361 2472 3404 2662 mea.’'

3261 1415 3326 1705 Opportuno
3263 1742 3320 1966 tempore
3265 1992 3327 2205 Ulysses
3281 2243 3312 2296 se
3267 2332 3330 2617 interponit.
3283 2691 3330 2759 Et
3282 2795 3331 2970 callido

3194 1283 3236 1427 utens
3198 1464 3246 1697 orationis
3191 1734 3246 1967 exordio,
3184 2020 3246 2300 quieturum
3201 2338 3232 2391 se
3203 2440 3249 2597 fuisse
3192 2635 3250 2779 dicit,
3202 2830 3249 2871 si
3202 2907 3249 2970 de

3098 1282 3163 1472 privata
3118 1521 3165 1707 ultione
3103 1742 3161 1990 ageretur.
3121 2060 3168 2159 Sed
3106 2209 3152 2357 quum
3122 2407 3168 2468 ad
3122 2505 3168 2716 universi
3121 2753 3168 2969 Graeco-

3035 1283 3067 1390 rum
3037 1424 3085 1672 exercitus
3040 1708 3086 1961 interitum
3026 1999 3084 2192 spectet
3030 2240 3072 2349 res,
3027 2401 3082 2546 turpe
3040 2591 3089 2681 sibi
3040 2730 3072 2842 esse
3042 2892 3085 2966 ta-

2955 1284 2987 1398 cere
2958 1432 2999 1483 et
2950 1519 3005 1763 barbariS,
2961 1800 3003 1853 ut
2961 1889 3006 2036 verba
2950 2072 3009 2282 saciant,
2962 2321 3009 2621 concedere:

2864 1409 2928 1539 ὑπὲρ
2863 1575 2909 1631 γε
2866 1667 2930 1847 μέντοι
2871 1882 2934 2081 παντὸς
2864 2105 2937 2377 Ἑλλήνων
2867 2411 2926 2640 στρατοῦ

2780 1414 2846 1630 αἰσχρὸν
2788 1665 2843 1887 σιωπᾶν,
2784 1925 2850 2233 βαρβάρους
2799 2270 2849 2314 δ’
2800 2352 2853 2444 ἐᾶν
2784 2479 2849 2664 λέγειν.

2715 1283 2763 1503 Eandem
2708 1552 2746 1719 suam,
2702 1773 2748 1916 quam
2707 1956 2765 2277 Philoctetae,
2719 2328 2766 2656 conditionem
2709 2695 2752 2829 esse,
2721 2881 2770 2968 Sed

2621 1282 2665 1528 nunquam
2636 1566 2666 1619 se
2621 1643 2683 1840 quidem
2627 1871 2684 2262 commissurum,
2637 2298 2681 2354 ut
2624 2382 2685 2595 privatas
2640 2625 2686 2821 iniurias
2640 2858 2671 2968 cum

2538 1282 2602 1470 patriae
2538 1508 2602 1728 pernicie
2556 1764 2603 1917 ultum
2556 1956 2597 2049 eat.
2557 2136 2605 2288 Cuius
2558 2338 2604 2556 oratione
2558 2593 2604 2716 adeo
2560 2753 2591 2969 commo-

2474 1282 2515 1424 vetur
2464 1461 2521 1792 Philoctetes,
2476 1830 2516 1885 ut
2460 1919 2523 2188 repudiatis
2476 2225 2523 2454 Troianis
2462 2492 2525 2659 Ulyssi
2479 2709 2509 2762 se
2479 2798 2525 2845 in
2462 2884 2509 2970 pa-

2393 1281 2440 1422 triam
2394 1472 2442 1806 reducendum
2396 1856 2442 2050 tradere
2393 2087 2442 2369 constituat.
2397 2455 2445 2582 Tum
2388 2620 2445 2788 PariS‚
2382 2839 2444 2971 quod

2312 1281 2358 1350 ira
2314 1397 2344 1491 non
2298 1539 2361 1758 potuerit
2298 1804 2362 2085 cupidinem
2315 2136 2362 2424 effecturam
2316 2476 2347 2586 esse
2300 2635 2348 2870 sperans,
2316 2919 2359 2971 et

2217 1283 2278 1418 regni
2233 1453 2274 1501 et
2223 1536 2280 1841 divitiarum,
2219 1880 2265 2004 quae
2235 2041 2281 2139 sint
2235 2174 2282 2403 Troianis
2221 2440 2283 2803 amplissimae,
2219 2857 2267 2968 par-

2151 1280 2194 1377 tem
2154 1417 2200 1666 dimidiam
2143 1695 2201 2013 Philoctetae,
2155 2052 2201 2093 si
2154 2131 2202 2389 victoriam
2156 2415 2203 2492 his
2140 2529 2202 2825 peperisset,
2138 2861 2203 2969 pol-

2062 1282 2122 1548 licetur*):

1981 1411 2044 1513 ’ὅρα
1994 1549 2046 1605 δέ
1979 1639 2042 1706 γ’,
1986 1744 2045 1814 ὡς
1995 1848 2046 1950 κοέν
1995 1984 2041 2158 θεοῖσι
1982 2192 2047 2490 κερδαίνειν
1983 2523 2046 2704 καλόν,

1898 1411 1964 1734 θαυμάζεται
1915 1771 1965 1817 δ’
1915 1855 1964 1884 ὁ
1914 1919 1962 2161 πλεῖστον
1916 2197 1966 2253 ἐν
1900 2290 1966 2473 δόμοις
1900 2509 1967 2641 ἔχων

1817 1411 1883 1639 χρυσόν·
1834 1672 1884 1722 τί
1817 1756 1884 1888 δῆτα
1833 1922 1885 2009 καὶ
1834 2045 1885 2099 σὲ
1834 2135 1884 2323 κωλύει
1820 2358 1885 2542 λαβεῖν

1737 1411 1802 1622 κέρδος,
1739 1659 1802 1834 παρόν
1738 1870 1785 1955 γε,
1739 1994 1803 2415 κιέξομοιοῦσθαι
1744 2450 1801 2623 θεοῖς;

1671 1282 1718 1419 Haec
1656 1465 1703 1660 quoque
1658 1707 1719 1948 promissa
1671 1994 1720 2296 Philoctetes
1672 2342 1714 2541 auctore
1659 2589 1721 2771 Ulysse
1658 2818 1705 2966 repu-

1589 1281 1636 1385 diat
1591 1431 1632 1480 et
1576 1514 1637 1714 insuper
1593 1758 1639 1924 Paridi
1575 1974 1637 2267 exprobrat,
1577 2331 1638 2460 quod
1576 2506 1640 2881 intemperantia
1593 2917 1637 2969 et

1510 1282 1557 1482 libidine
1511 1519 1559 1787 communis
1502 1822 1558 2089 malorum,
1495 2142 1558 2314 quibus
1511 2353 1553 2402 et
1494 2447 1557 2556 ipse
1512 2593 1551 2641 et
1497 2686 1559 2861 reliqui
1513 2896 1559 2966 la-

1421 1280 1475 1535 borarent,
1431 1574 1474 1746 auctor
1430 1783 1479 1943 sactus
1430 1977 1476 2067 sit:

1336 1411 1398 1603 „Tibi
1351 1646 1398 1704 si
1332 1751 1398 2190 imperasse&
1334 2244 1382 2358 ego
1350 2393 1383 2561 nunc
1350 2596 1382 2721 ‘non
1352 2758 1383 2966 essem

1267 2106 1318 2358 miserss’

1176 1413 1237 1577 ltaque
1175 1613 1222 1701 spe
1190 1737 1222 1823 sua
1173 1859 1235 2050 depulsi
1188 2086 1236 2270 infecta
1189 2304 1220 2359 re
1191 2385 1240 2586 Troiani
1191 2612 1237 2808 abeunt.
1179 2856 1240 2966 Quo

1111 1281 1158 1412 facto
1112 1443 1159 1624 chorus
1110 1656 1157 1841 meritis
1107 1873 1155 2095 laudibus
1107 2122 1154 2247 hanc
1109 2283 1158 2425 animi
1094 2460 1157 2842 generositatem
1112 2879 1143 2964 ex—

1031 1283 1078 1408 tollit
1019 1424 1081 1517 **).
1031 1588 1080 1738 Tales
1014 1776 1075 2099 cogitationes
1012 2139 1061 2410 congruere
1030 2440 1077 2556 dicit
1030 2592 1062 2702 cum
1022 2739 1079 2879 loco,
1031 2915 1078 2964 in

936 1280 983 1376 quo
951 1412 999 1715 Philoctetes
946 1753 988 2110 commoretur:

819 1344 873 1394 λζ)
832 1424 873 1530 Dio:
819 1564 873 1674 φησὶ
815 1705 869 1946 πρεσβείαν
814 1975 870 2148 μέλλειν
813 2178 873 2303 παρὰ
830 2333 871 2424 τῶν
818 2457 875 2629 Τρώων
819 2662 875 2963 (ἐφικνεῖσθαι

746 1418 803 1535 πρὸς
760 1563 803 1643 τὸν
748 1676 798 1747 Φ.,
742 1793 799 2072 δεησομένην
755 2113 801 2257 αὐτὸν
758 2295 800 2373 καὶ
759 2403 806 2460 τὰ
759 2491 806 2609 ὅπλα
752 2651 802 2839 ἐκείνοις
760 2869 786 2963 πα-

676 1418 729 1600 ρασχεῖν
690 1639 733 1732 ἐπὶ
674 1768 729 1832 τῇ
673 1873 727 1975 τῆς
672 2008 727 2231 Τροίας
672 2268 729 2572 βασιλείᾳ.

612 1309 662 1385 Ἠ)
621 1416 662 1498 Dio
621 1528 660 1559 l.
619 1591 660 1644 1.:
616 1688 660 1766 καὶ
616 1805 660 1862 τά
614 1904 642 1953 τε
601 1994 656 2181 ἰαμβεῖα
603 2221 658 2382 σαφῶς
614 2422 660 2501 καὶ
615 2542 661 2661 κατὰ
604 2703 663 2844 φύσιν
617 2886 661 2963 καὶ
