5010 3336
3950 2097 4008 2179 52

3799 1288 3842 1367 tur
3802 1402 3835 1514 esse
3805 1547 3856 1777 Phaedra
3791 1810 3858 2101 putabatur7
3795 2152 3845 2314 neque
3802 2365 3855 2502 erat,
3797 2554 3860 2686 quod
3794 2722 3857 2984 repudiata

3718 1287 3764 1499 mortem
3723 1535 3771 1628 sibi
3727 1664 3775 2010 conscisceret.
3712 2079 3777 2381 Hippolytus
3730 2418 3774 2584 autem
3730 2619 3763 2717 non
3714 2754 3775 2986 agrestis,

3640 1287 3682 1514 austerus
3632 1568 3694 2002 truculentnsque,
3648 2059 3694 2147 sed
3639 2195 3699 2417 κωτίλος
3633 2463 3699 2631 οἷνήρ,
3632 2682 3700 2986 γύνανδρος

3558 1286 3611 1375 καὶ
3546 1421 3612 1590 λέγειν
3547 1635 3615 1875 ἠσκηκώς
3552 1924 3616 2216 appellatur.
3569 2298 3616 2433 Idem
3568 2483 3601 2576 non
3568 2630 3616 2766 solus
3567 2835 3599 2985 curru

3471 1286 3527 1492 vehens,
3481 1530 3529 1620 sed
3484 1653 3531 1701 in
3485 1739 3518 1968 curruum
3488 2005 3534 2275 certamine
3472 2321 3534 2527 peribat.
3472 2599 3535 2744 Apud
3473 2782 3535 2982 Euripi—

3398 1287 3444 1403 dem
3399 1438 3448 1664 Phaedra
3404 1698 3435 1750 se
3395 1787 3458 1984 stasim,
3394 2021 3449 2283 postquam
3407 2320 3453 2378 ab
3392 2414 3455 2690 Hippolyto
3391 2725 3453 2982 repudiata

3307 1288 3361 1384 est,
3303 1420 3368 1680 impatiens
3316 1718 3373 1932 doloris,
3318 1971 3377 2246 interfecit3
3312 2296 3374 2427 apud
3312 2463 3375 2762 Sophoclem
3326 2800 3373 2848 in
3327 2886 3373 2984 fine

3235 1285 3282 1486 demum
3233 1523 3290 1773 dramatis,
3231 1814 3293 2008 cognito
3232 2045 3296 2310 Hippolyti
3247 2344 3294 2544 interitu
3231 2579 3294 2857 fraudeque
3245 2896 3292 2982 de-

3148 1287 3199 1436 tecta,
3160 1470 3207 1616 vitam
3149 1654 3210 1829 laqueo
3151 1866 3214 2078 abrupit.

3078 1418 3126 1633 Tantum
3072 1672 3131 1847 abfuit,
3086 1883 3126 1936 ut
3071 1972 3132 2105 prior
3071 2141 3135 2442 Hippolytus
3070 2479 3133 2757 posteriore
3085 2782 3133 2983 tollere-

2986 1287 3038 1391 tur,
2998 1441 3041 1497 ut
3000 1539 3032 1601 ne
3003 1650 3049 2003 obscuraretur
2990 2039 3053 2237 quidem
2989 2286 3037 2602 magnopere.
3004 2672 3054 2985 Testimonio

2913 1287 2956 1405 sunt
2918 1440 2966 1659 Senecae
2910 1714 2971 1971 Ovidiique
2925 2007 2973 2303 imitationes
2925 2342 2966 2390 et
2908 2425 2972 2723 scriptorum
2908 2747 2972 2985 frequen-

2835 1286 2883 1511 tissimae
2834 1548 2891 2062 commemorationes,
2845 2100 2892 2235 velut
2828 2270 2892 2523 Propertii
2844 2560 2891 2589 l.
2831 2629 2891 2678 1.,
2843 2720 2891 2788 Μ.
2843 2824 2890 2983 Anto—

2755 1287 2803 1390 nini
2749 1426 2804 1488 X,
2753 1524 2804 1637 21„
2762 1677 2810 1929 Plutarchi
2764 1966 2811 2086 locis
2748 2123 2811 2364 pluribus,
2762 2402 2810 2642 Athenaei
2760 2680 2812 2761 Vl.
2747 2797 2793 2843 p.
2759 2868 2807 2983 270,

2674 1288 2722 1344 C.
2675 1371 2725 1495 Xlll.
2662 1517 2708 1564 p.
2678 1590 2726 1702 561.
2670 1739 2728 1816 Λ.,
2684 1856 2730 2127 Clementis
2682 2165 2730 2306 Alex.
2668 2346 2731 2545 (fragm.
2684 2584 2727 2629 7.
2683 2662 2729 2739 12.
2682 2770 2724 2821 et
2668 2857 2730 2983 18),

2586 1285 2643 1498 Libanii‚
2599 1527 2649 1794 Themistii
2591 1821 2651 1909 (cs.
2587 1944 2651 2191 Matth.p.
2589 2214 2652 2369 407),
2604 2402 2650 2573 lustini
2603 2604 2651 2750 Mart.
2585 2782 2649 2983 (fragm.

2504 1289 2560 1393 14.)
2517 1444 2548 1555 cum
2503 1600 2569 1962 grammaticis,
2523 2002 2570 2282 sclioliastis
2522 2333 2563 2384 et
2506 2432 2570 2810 lexicographis.
2520 2881 2568 2982 Re-

2417 1287 2480 1557 spexerunt
2439 1590 2485 1651 ad
2440 1688 2486 1819 idem
2442 1859 2489 2024 drama
2426 2061 2489 2259 saepius
2431 2295 2488 2486 comici,
2442 2522 2489 2659 velut
2424 2691 2488 2982 Aristopha-

2354 1287 2386 1377 nes
2355 1412 2403 1535 Rau.
2360 1572 2404 1716 1043.
2361 1756 2405 1884 1052
2347 1920 2393 2055 seqq.
2362 2092 2410 2297 Thesm.
2362 2335 2407 2445 547.
2348 2487 2409 2575 Eq.
2349 2613 2407 2786 1290,
2358 2845 2407 2982 Anti-

2257 1288 2321 1478 phanes
2262 1514 2308 1592 ap.
2279 1629 2327 1807 Athen.
2282 1845 2327 1877 l.
2266 1918 2311 1963 p.
2280 2001 2325 2078 28.
2281 2115 2328 2199 F.:

2194 1424 2246 1482 ἐν
2182 1515 2243 1797 πλησμονῇ
2183 1834 2249 1934 γὰρ
2185 1973 2249 2213 Κύπρις,
2199 2252 2252 2308 ἐν
2200 2344 2252 2401 δὲ
2191 2435 2247 2546 τοῖς
2190 2581 2250 2753 κακῶς

2099 1424 2165 1758 πράσσουσιν
2115 1794 2166 1893 οὐκ
2117 1927 2171 2127 ἔνεστιν
2102 2152 2173 2440 Ἀφροδίτη
2103 2476 2167 2701 βροτοῖς.

1760 2087 1829 2191 ΙΙ.

1714 1297 1717 1300 ’
1631 1349 1699 1476 De
1608 1535 1702 1816 prima
1609 1875 1704 2349 Euripidis
1630 2398 1705 2916 didascalia.

1370 1425 1436 1735 Olympiadis
1370 1782 1434 1971 primae
1387 2018 1430 2067 et
1372 2128 1436 2459 octogesimae
1390 2521 1422 2645 anno
1373 2704 1437 2862 primo
1372 2916 1437 2983 (a.

1303 1292 1353 1476 Chr.n.
1291 1506 1356 1673 455.>‚
1307 1711 1355 1866 Callia
1292 1901 1349 2149 praetore,
1290 2184 1354 2391 primam
1309 2428 1358 2745 didascaliam
1307 2783 1356 2843 ab
1308 2880 1356 2985 Eu-

1208 1290 1273 1450 ripide
1226 1484 1273 1533 in
1227 1570 1258 1766 scenam
1226 1804 1275 2013 delatam
1226 2050 1258 2163 esse
1211 2198 1274 2435 scriptum
1230 2471 1271 2547 est
1228 2581 1275 2629 in
1216 2685 1275 2809 vita,
1211 2859 1259 2984 quae

1143 1291 1192 1423 inest
1145 1459 1193 1617 codici
1146 1647 1194 2008 Mediolanensi
1129 2042 1193 2234 collegii
1133 2259 1196 2585 Ambrosiani,
1147 2625 1194 2762 hisce
1146 2791 1195 2983 verbis:

1047 1290 1114 1485 ἤρξατο
1063 1523 1115 1580 δὲ
1064 1616 1115 1884 διδάσκειν
1065 1929 1119 2011 ἐπὶ
1063 2048 1114 2289 Καλλίου
1051 2324 1113 2581 ἄρχοντος
1064 2614 1117 2747 κατὰ
1051 2783 1114 2983 Ὀλυμ-

981 1290 1033 1453 πιοέδα
965 1501 1035 1868 ὀγδοηκοστὴν
966 1912 1034 2128 πρώτην
982 2173 1036 2271 ἔτει
968 2314 1035 2520 πρώτῳ.
983 2620 1032 2855 Additum
986 2905 1029 2985 est

885 1291 949 1584 Euripidem
901 1632 933 1691 eo
901 1739 950 2010 certamine
900 2057 948 2262 tertium
903 2308 950 2578 iudicatum
893 2627 936 2770 esse,
890 2829 938 2983 quum

821 1292 869 1498 doceret
821 1547 869 1800 Peliadas:
806 1852 870 2066 πρῶτον
818 2102 870 2158 δὲ
809 2191 872 2391 ἐδίδαξε
812 2424 873 2517 τὰς
812 2554 874 2849 Πελιάδας,
824 2899 878 2986 ὅτε

740 1291 792 1381 καὶ
725 1414 791 1589 τρίτος
725 1622 793 1845 ἐγένετο.
737 1914 788 2067 Plena
722 2112 788 2371 tetralogia
740 2416 783 2500 aut
726 2550 790 2743 trilogia
727 2790 789 2982 poetam,

1719 3179 1733 3183 ι,
1744 3172 1855 3179 .-v.0->—--
1873 3174 1890 3176 --
1910 3174 1936 3179 2-
