5010 3336
3828 2031 3883 2150 222

3695 1251 3744 1520 riculorum
3680 1556 3743 1775 quisnam
3677 1812 3739 2010 credat,
3672 2064 3719 2214 quum
3670 2250 3738 2561 VoluptatiS‚
3664 2596 3732 2933 mulierculae,

3616 1249 3663 1326 vel
3599 1364 3663 1579 speciem
3611 1607 3663 1896 horrueris}
3608 1962 3656 2038 An
3593 2059 3655 2313 quisquam
3604 2332 3655 2614 futurorum
3601 2645 3649 2789 nimis
3584 2819 3631 2934 pro-

3535 1247 3582 1389 vidus
3514 1425 3576 1694 cautusque
3516 1731 3580 1950 pericula
3527 1986 3570 2185 strenue
3527 2221 3575 2408 subiit2
3507 2473 3572 2669 Quippe
3519 2696 3553 2791 non
3504 2819 3551 2933 pro-

3455 1247 3503 1455 videndo
3439 1491 3486 1650 neque
3450 1685 3499 1877 vitando
3449 1926 3495 2051 mala
3431 2097 3489 2417 superantur,
3444 2474 3491 2563 sed
3440 2615 3488 2798 viribus
3439 2845 3487 2933 fir-

3374 1245 3421 1435 mandis
3374 1485 3415 1536 et
3374 1583 3421 1652 sic
3368 1689 3418 2043 conformando
3367 2080 3414 2226 animi
3350 2263 3411 2587 corporisque
3346 2621 3410 2823 habitu>⁷
3359 2878 3402 2933 ut

3294 1245 3341 1305 ad
3279 1343 3342 1562 quemvis
3292 1603 3324 1768 casum
3275 1810 3338 2083 serendum,
3272 2120 3332 2338 quemvis
3283 2371 3324 2595 eventum
3280 2626 3328 2932 tolerandum

3195 1245 3259 1346 apti
3213 1381 3260 1548 simus,
3212 1618 3260 1797 Noster
3194 1830 3257 1978 igitur
3206 2014 3254 2258 Hercules
3205 2296 3247 2391 tam
3202 2430 3234 2633 securus
3200 2672 3242 2748 est
3199 2793 3248 2930 futu-

3122 1240 3164 1436 rorum,
3133 1490 3176 1544 ut
3133 1588 3179 1648 ad
3130 1699 3170 1916 monstra.
3112 1966 3159 2204 equorum
3109 2257 3170 2525 subigenda
3105 2564 3167 2928 proficiscatur,

3051 1240 3100 1362 nihil
3053 1412 3096 1553 antea
3037 1589 3083 1749 neque
3050 1786 3096 1848 de
3047 1882 3096 2058 horum
3045 2094 3087 2263 natura
3028 2299 3075 2460 neque
3042 2497 3089 2558 de
3041 2596 3087 2780 domini
3039 2814 3086 2926 for-

2971 1238 3020 1450 titudine
2963 1486 3019 1783 sciscitatus„
2954 1821 3011 1983 atque,
2965 2022 3013 2228 edoctus
2963 2268 3013 2398 forte
2962 2435 3010 2496 de
2959 2531 3007 2927 adversariorum

2880 1238 2938 1556 immanitate,
2893 1591 2940 1648 ad
2877 1688 2938 1856 epulas
2889 1894 2929 1941 et
2886 1966 2935 2198 laetitiam
2867 2226 2923 2571 convertatur3
2879 2610 2920 2707 tam
2863 2734 2921 2925 tempe-

2811 1237 2842 1349 rans
2812 1385 2841 1412 a
2796 1461 2858 1734 praesentis
2794 1780 2857 2044 voluptatis
2790 2093 2852 2346 cupidine,
2800 2395 2840 2452 ut
2800 2504 2830 2529 a
2797 2574 2844 2926 comissatione

2731 1238 2777 1467 continuo
2732 1503 2778 1563 ad
2730 1600 2772 1847 certamen
2728 1886 2759 1997 cnm
2727 2036 2775 2167 Orco
2722 2204 2771 2466 ineundum
2706 2498 2763 2789 contendat3
2716 2826 2759 2924 tam

2651 1238 2698 1424 alienus
2652 1463 2698 1521 ab
2648 1559 2698 1882 admiratione
2635 1917 2678 2099 rerum„
2630 2137 2675 2263 quae
2628 2300 2687 2521 patravit,
2639 2559 2680 2611 nt
2638 2646 2685 2825 omissa
2638 2848 2684 2924 vi-

2571 1236 2619 1473 tulatIOne
2570 1509 2611 1556 et
2555 1593 2616 1815 neglecta
2566 1851 2614 2230 laetissimorum
2549 2268 2610 2537 festorum,
2545 2576 2591 2702 quae
2557 2738 2604 2921 Adme-

2489 1234 2530 1315 tus
2473 1351 2531 1508 parat,
2476 1545 2536 1893 celebratione,
2486 1931 2533 2069 finito
2485 2104 2532 2272 labore
2480 2309 2528 2473 statim
2480 2511 2526 2571 ad
2478 2606 2525 2815 alterum
2477 2849 2525 2922 la-

2409 1232 2455 1400 borem
2409 1438 2455 1700 ineundum
2393 1739 2453 2099 proficiscatur.
2403 2170 2452 2307 Haec
2401 2344 2449 2498 altera
2397 2533 2446 2778 inducitur
2381 2807 2428 2921 per-

2316 1232 2360 1369 sona7
2314 1406 2360 1529 qnae
2312 1564 2358 1653 pro
2327 1690 2374 1848 amico
2311 1878 2371 2061 optimo
2325 2091 2365 2138 et
2308 2165 2369 2515 benignissimo
2315 2546 2359 2754 mortem
2315 2783 2363 2921 adire

2248 1231 2279 1326 non
2245 1363 2295 1567 dubitet.
2238 1636 2294 1790 idem,
2246 1830 2293 1870 si
2228 1907 2290 2214 propositum
2227 2253 2289 2450 fnisset,
2238 2488 2279 2540 ut
2237 2574 2285 2755 lentam
2235 2786 2267 2918 mor-

2167 1230 2209 1331 tem
2167 1366 2213 1487 citra
2166 1524 2208 1774 certamen
2148 1810 2211 2182 periculumque
2160 2215 2207 2374 obiret
2158 2395 2204 2567 morbo
2144 2587 2187 2916 marcescens,

2071 1231 2133 1346 quin
2069 1381 2131 1571 cognati
2086 1619 2131 1825 alicuius
2084 1873 2130 1948 vel
2082 2000 2130 2163 affinis
2081 2200 2126 2276 vel
2065 2327 2125 2499 amici,
2075 2550 2122 2598 in
2074 2645 2122 2783 cuius
2073 2820 2120 2918 vita

2007 1229 2052 1387 minus
1991 1425 2037 1565 quam
2007 1604 2052 1648 in
2006 1689 2036 1776 sua
2003 1814 2049 2049 momenti
1991 2088 2041 2236 esset,
1999 2272 2039 2430 morte
1995 2467 2043 2649 vicaria
1995 2694 2026 2748 se
1993 2784 2040 2917 redi-

1927 1228 1973 1295 mi
1910 1344 1957 1580 passurns
1916 1626 1972 1835 suisset,
1924 1889 1970 1986 noli
1918 2023 1969 2267 dubitare.
1918 2339 1965 2483 Aliud
1914 2520 1962 2647 euim
1914 2692 1956 2770 est
1912 2807 1944 2915 cer-

1846 1226 1887 1389 tamen
1832 1423 1893 1702 ineuntem,
1828 1740 1889 1993 proposito
1841 2029 1888 2224 virtutis
1823 2263 1884 2513 praemio7
1834 2570 1876 2779 mortem
1831 2816 1865 2912 non

1749 1226 1797 1424 pavere,
1765 1463 1812 1591 aliud
1749 1629 1810 1848 quietum
1761 1888 1808 2143 tabescere
1742 2179 1799 2327 atque
1739 2364 1803 2637 exstingui,
1752 2674 1800 2756 ubi
1752 2792 1799 2913 nihil

1684 1226 1732 1452 utilitatis
1684 1529 1714 1586 ex
1683 1645 1729 1729 tali
1666 1799 1727 2033 patientia
1679 2090 1727 2154 sit
1662 2215 1709 2373 neque
1675 2433 1722 2483 in
1672 2554 1715 2749 nostros
1671 2827 1703 2913 ne-

1589 1225 1636 1320 que
1603 1368 1649 1414 in
1602 1463 1650 1647 alienos
1600 1713 1649 2117 redundaturum.
1597 2216 1644 2341 1111111
1595 2394 1636 2469 est
1578 2530 1639 2912 praevalentium

1522 1219 1568 1405 viribus
1522 1469 1568 1719 hominum
1519 1781 1560 1832 et
1518 1892 1566 2122 invictam
1517 2178 1563 2225 in
1515 2290 1546 2345 se
1513 2395 1560 2623 virtutem
1511 2680 1542 2792 esse
1509 2839 1557 2910 in-

1425 1221 1489 1574 telligentium3
1439 1623 1480 1831 mortem
1423 1883 1469 1973 pro
1437 2020 1483 2124 aliis
1435 2176 1482 2342 subire
1434 2393 1476 2469 est
1432 2519 1479 2681 minus
1428 2726 1477 2909 viribus

1362 1222 1408 1323 suis
1359 1360 1408 1615 fidentium
1360 1654 1400 1702 et
1342 1737 1405 1847 plus
1358 1885 1404 1934 in
1356 1970 1395 2130 morte
1340 2184 1386 2325 quam
1353 2373 1399 2423 in
1353 2471 1399 2568 vita
1351 2605 1383 2690 sua
1349 2739 1396 2907 amicis

1264 1218 1327 1449 praesidii
1279 1486 1309 1599 esse
1276 1635 1323 1916 videntium.
1276 1988 1324 2096 Hac
1274 2132 1320 2322 ratione
1272 2360 1321 2568 Orestes
1255 2596 1319 2908 Pyladesque

1201 1218 1247 1281 de
1199 1319 1241 1477 morte
1197 1505 1244 1731 obeunda
1196 1767 1243 1893 inter
1195 1930 1226 1985 se
1193 2013 1241 2345 contendunt:
1178 2384 1224 2591 quorum
1191 2623 1239 2735 huic
1188 2760 1237 2908 facile

1105 1219 1167 1573 persuadetur,
1115 1627 1158 1681 ut
1098 1728 1156 1980 superstes
1113 2033 1145 2144 esse
1100 2178 1160 2324 velit,
1112 2362 1161 2545 Oreste
1111 2582 1142 2719 suam
1107 2756 1155 2906 vitam

1041 1219 1087 1337 nulli
1039 1385 1086 1555 amicis
1035 1608 1083 1805 utilitati
1034 1853 1065 1964 esse
1029 2013 1081 2240 docente.
1032 2312 1080 2491 Contra
1029 2543 1078 2756 Admeto
1027 2793 1060 2903 cum

959 1220 993 1370 uxore
958 1400 1005 1463 de
957 1500 1003 1672 eadem
955 1710 985 1765 re
952 1801 1000 2100 contendere
935 2135 993 2280 turpe
951 2315 999 2521 fuisset:
950 2559 982 2670 nam

868 1352 934 1423 εἷς
860 1457 929 1592 ἀνὴρ
861 1628 924 1887 κρείσσων
854 1920 919 2196 γυναικῶν
855 2231 920 2439 μυρίων
855 2475 920 2609 ὁρᾶν
853 2644 921 2798 φάος.

796 1221 849 1506 Sentiebant
795 1541 843 1637 hoc
778 1674 842 1884 Graeci,
789 1934 831 1988 ut
790 2036 837 2158 nihil
773 2195 821 2317 opus
788 2354 836 2581 habuerit
772 2635 836 2901 Euripides

714 1221 767 1468 theatrum
714 1507 762 1569 de
714 1606 745 1663 ea
712 1700 745 1754 re
696 1789 759 1998 docere,
708 2037 751 2086 et
707 2122 756 2359 sentirent
707 2392 755 2547 nostri
692 2583 740 2805 quoque,
707 2859 754 2900 si
