5010 3336
3978 2082 4034 2201 240

3833 1303 3894 1478 modo,
3843 1524 3892 1614 sed
3841 1648 3889 1938 remotiores
3824 1974 3874 2191 quoque,
3834 2243 3887 2432 Siculos
3817 2469 3877 2615 atque
3813 2652 3879 2882 Caunios,
3820 2919 3853 2974 ea

3752 1303 3813 1611 potissimum
3750 1642 3805 1818 aetate,
3745 1858 3792 1950 qua
3759 1985 3807 2034 in
3743 2069 3807 2318 fastigium
3750 2355 3802 2640 eruditionis
3741 2671 3797 2973 Graecorum

3673 1300 3729 1472 gentes
3669 1500 3731 1800 ascendisse,
3681 1836 3729 1897 iis
3663 1925 3725 2244 temporibus,
3661 2282 3722 2454 quibus
3652 2478 3719 2805 philosophia,
3661 2835 3712 2974 litte—

3598 1299 3657 1384 ris,
3602 1419 3655 1719 humanitate
3600 1753 3648 1901 vitam
3583 1937 3646 2370 perpolitissimam
3579 2405 3641 2586 fuisse,
3574 2631 3634 2804 quibus
3582 2841 3617 2972 sum-

3528 1295 3561 1423 mam
3522 1460 3571 1675 omnium
3520 1709 3568 1885 artium
3503 1921 3566 2277 perfectionem
3514 2314 3556 2364 et
3507 2398 3561 2782 sincerissimum
3503 2816 3552 2971 homi-

3448 1295 3480 1409 num
3443 1444 3494 1675 iudicium
3440 1712 3490 1866 fuisse
3425 1902 3481 2124 constat,
3437 2161 3467 2219 eo
3419 2255 3482 2401 igitur
3419 2436 3477 2658 saeculo,
3411 2697 3458 2792 quo
3408 2827 3456 2970 prae-

3363 1294 3415 1701 stantissimarum
3360 1738 3407 1915 artium
3357 1953 3405 2113 studia
3339 2160 3403 2412 vigebant,
3337 2464 3383 2558 quo
3349 2605 3397 2689 illa
3329 2738 3393 2844 ipsa
3342 2894 3391 2970 in-

3288 1293 3330 1433 venta
3272 1470 3327 1609 sunt,
3268 1657 3314 1780 quae
3279 1826 3327 1975 hodie
3276 2028 3309 2197 omnes
3258 2244 3321 2567 admiramur,
3254 2615 3300 2710 quo
3266 2756 3313 2815 ad
3247 2853 3294 2967 per-

3206 1288 3257 1556 fectionem
3201 1604 3250 1814 adducta
3199 1859 3241 1973 sunt
3180 2008 3229 2326 quaecunque
3194 2361 3239 2410 in
3191 2447 3237 2539 vita
3185 2574 3237 2783 humana
3167 2820 3214 2965 prae-

3128 1289 3175 1421 clara
3110 1454 3175 1720 habentur,
3121 1769 3152 1827 eo
3118 1872 3164 2068 saeculo
3114 2108 3165 2327 Graecos
3110 2365 3158 2616 universos
3090 2656 3154 2963 depravatos,

3031 1287 3088 1561 corruptos,
3028 1591 3089 1923 turpissimos,
3038 1953 3086 2084 vitiis
3033 2122 3080 2340 omnibus
3016 2370 3078 2785 inquinatissimos
3020 2804 3071 2964 fuisse

2965 1283 3016 1625 affirmandum
2960 1662 3009 1773 erit.
2959 1843 3007 2111 Audiamus
2941 2158 2987 2280 quae
2949 2328 3001 2620 Plutarchus
2947 2657 2994 2705 in
2943 2741 2991 2841 vita
2942 2872 2990 2961 Ni-

2888 1284 2935 1387 ciae
2884 1423 2918 1465 c.
2884 1503 2932 1580 29.
2881 1616 2929 1878 memoriae
2863 1913 2926 2146 prodidit,
2862 2184 2921 2355 quibus
2871 2392 2905 2486 non
2868 2523 2915 2667 modo
2862 2699 2911 2959 confirma-

2806 1281 2849 1362 tur
2791 1397 2852 1528 quod
2786 1563 2852 1915 Aristophanes
2784 1951 2842 2191 testatur,
2790 2241 2842 2569 Athenienses
2787 2615 2835 2696 illo
2767 2732 2828 2958 tempore

2710 1278 2757 1398 prae
2708 1433 2772 1634 reliquis
2720 1672 2771 1878 Graecis
2716 1916 2766 2205 eruditionis
2713 2230 2761 2372 laude
2699 2400 2759 2642 floruisse,
2690 2679 2754 2828 idque
2703 2857 2751 2958 Eu-

2630 1276 2694 1448 ripidis
2628 1486 2690 1795 potissimum
2622 1832 2672 1982 opera
2619 2019 2684 2359 beneficioque
2626 2387 2679 2780 doctissimarum
2622 2818 2672 2956 fabu-

2564 1274 2613 1430 larum
2562 1468 2610 1698 effectum
2547 1734 2607 1904 fuisse,
2557 1943 2604 2029 sed
2554 2066 2601 2207 etiam
2536 2245 2599 2474 quicquid
2547 2500 2588 2633 esset
2544 2663 2594 2839 Graeci
2542 2866 2574 2951 no-

2484 1272 2532 1415 minis
2482 1451 2529 1673 eiusdem
2478 1712 2526 2000 eruditionis
2458 2037 2521 2401 eorundemque
2466 2450 2514 2716 carminum
2460 2753 2510 2952 audien-

2403 1272 2453 1445 dorum
2387 1491 2449 1864 cupidissimum
2395 1918 2445 2072 fuisse
2391 2132 2438 2419 ostenditur.
2385 2504 2436 2760 Euarratis
2380 2822 2429 2950 enim

2323 1270 2371 1413 variis
2308 1447 2370 1837 Atheniensium,
2302 1874 2363 1957 qui
2299 1993 2361 2294 expeditioni
2308 2332 2359 2569 Siciliensi
2289 2604 2353 2949 interfuerunt,

2230 1266 2294 1408 satis,
2230 1459 2289 1613 „Non
2224 1659 2286 1865 pauci‚'⁷
2222 1912 2283 2095 inquit,
2225 2136 2279 2250 „vel
2230 2287 2278 2453 furtim
2229 2492 2259 2550 ex
2224 2586 2273 2795 latomiis
2222 2832 2269 2947 sub-

2163 1265 2210 1410 tracti
2162 1440 2209 1516 vel
2147 1553 2208 1632 qui
2161 1666 2207 1792 inter
2157 1821 2190 1987 servos
2152 2028 2202 2340 delituissent
2147 2376 2197 2609 divenditi
2142 2648 2187 2777 sunt.
2141 2827 2191 2945 Ve-

2084 1264 2116 1397 rum
2083 1433 2130 1527 his
2079 1565 2126 1959 verecundia
2076 1998 2116 2059 et
2072 2094 2106 2326 morum
2066 2361 2117 2669 honestas
2062 2698 2109 2941 auxilio

2001 1261 2054 1407 fuit.
2002 1476 2049 1576 Aut
2002 1612 2048 1741 enim
1999 1779 2046 1913 brevi
1993 1950 2041 2234 manumissi
1978 2270 2032 2397 sunt,
1988 2434 2031 2516 aut
1987 2550 2034 2596 in
1983 2633 2033 2820 honore
1982 2851 2030 2938 ha-

1925 1259 1973 1351 biti
1907 1386 1969 1516 apud
1920 1574 1968 1797 dominos
1910 1834 1955 2189 remanserunt.
1909 2258 1959 2513 Nonnullis
1906 2551 1953 2699 etiam
1885 2733 1952 2936 Euripi-

1844 1258 1892 1348 des
1842 1385 1891 1594 salutem
1838 1629 1887 1805 attulit.
1836 1876 1884 1997 Nam
1819 2035 1875 2233 praeter
1831 2263 1872 2455 ceteros
1825 2481 1874 2742 interiores
1822 2775 1872 2938 Grae-

1765 1257 1797 1342 cos
1763 1380 1812 1532 Siculi
1759 1565 1808 1709 huius
1743 1746 1796 1923 poetae
1753 1960 1801 2168 studiosi
1750 2215 1800 2371 fuisse
1733 2418 1796 2673 videntur,
1743 2728 1786 2777 et
1741 2826 1774 2935 cum

1667 1255 1730 1430 exigua
1679 1474 1728 1681 subinde
1675 1726 1724 1856 illius
1673 1905 1720 2169 carminum
1655 2208 1717 2475 specimina
1667 2511 1709 2559 et
1651 2594 1711 2729 quasi
1647 2761 1705 2935 gustus

1604 1253 1652 1315 ad
1602 1351 1635 1437 eos
1583 1472 1648 1846 perferrentur,
1590 1892 1641 2179 ediscebant
1574 2212 1638 2425 laetique
1586 2459 1635 2588 inter
1584 2623 1617 2677 se
1581 2713 1615 2931 commu-

1522 1252 1572 1494 nicabant.
1519 1564 1568 1638 Eo
1500 1673 1565 1821 igitur
1497 1856 1557 2081 tempore
1510 2117 1558 2281 ferunt
1493 2315 1554 2585 permultos
1490 2613 1536 2810 eorum,
1487 2847 1550 2930 qui

1427 1252 1489 1464 sospites
1438 1502 1487 1701 domum
1421 1738 1481 2073 revertissent,
1415 2111 1480 2398 Euripidem
1425 2423 1474 2622 honoris
1423 2652 1456 2822 caussa
1422 2848 1455 2927 sa-

1363 1250 1413 1435 lutasse
1360 1469 1393 1526 ac
1344 1561 1405 1877 praedicasse
1353 1912 1402 2032 alios
1352 2087 1384 2141 se
1348 2173 1398 2451 libertatem
1346 2488 1378 2547 ex
1343 2583 1391 2817 servitute
1342 2847 1374 2925 re-

1268 1248 1331 1460 cepisse,
1266 1496 1325 1627 quod
1262 1664 1308 1787 quae
1273 1820 1319 2058 memoria
1269 2093 1314 2316 tenerent
1267 2349 1316 2478 illius
1264 2516 1311 2730 carmina
1262 2767 1311 2923 domi-

1205 1243 1237 1333 nos
1187 1371 1250 1621 docerent,
1196 1658 1243 1776 alios
1181 1813 1226 1893 se,
1179 1932 1224 2081 quum
1175 2134 1232 2248 post
1174 2282 1220 2490 pugnam
1168 2527 1227 2754 vagantes
1182 2790 1229 2921 victu

1113 1243 1165 1485 carerent,
1120 1524 1168 1632 cibo
1100 1667 1157 1885 potuque
1110 1919 1159 2111 adiutos
1096 2148 1141 2275 esse,
1109 2312 1140 2421 cum
1105 2457 1137 2626 versus
1104 2648 1153 2777 illius
1101 2806 1135 2919 can-

1043 1241 1089 1418 tarent.
1028 1489 1090 1596 Quo
1035 1631 1083 1792 minus
1031 1830 1080 2101 mirandum
1016 2139 1071 2246 est,
1014 2292 1075 2420 quod
1025 2459 1074 2664 Caunios
1010 2701 1065 2917 narrant,

964 1242 998 1355 cum
945 1401 1009 1641 navigium
942 1693 1001 1937 quoddam
933 1998 999 2413 (Atheniensium)
943 2467 993 2737 latronibus
941 2786 989 2915 inse-

872 1239 931 1504 quentibus
879 1539 925 1600 ad
862 1635 915 1831 portum
870 1869 904 2039 eorum
851 2076 917 2396 confugisset,
865 2432 913 2568 initio
849 2598 910 2791 quidem
861 2818 894 2913 non

786 1238 850 1491 recepisse
796 1540 844 1626 sed
780 1677 841 1989 prohibuisse
778 2036 837 2191 aditu,
786 2263 832 2365 tum
784 2402 818 2518 vero
764 2569 831 2909 interrogasse,
