5010 3336
1530 3263 1547 3307 ...r

2794 3263 2821 3330 *ww

1032 2141 1092 2259 185

1194 2837 1244 3027 Cressis
1188 2445 1254 2800 explicaverat,
1196 2244 1244 2395 aeque
1175 1905 1242 2211 philosophis
1178 1726 1235 1870 atque
1168 1551 1234 1693 vulgo
1166 1378 1214 1518 satis·

1275 2811 1329 3027 fecerat,
1276 2617 1331 2761 atque
1268 2423 1315 2571 Atreo
1259 2246 1308 2377 docti
1256 1886 1316 2199 eiusdemque
1250 1645 1315 1841 auguris
1248 1374 1296 1611 tribuerat

1367 2806 1401 3024 munera.
1347 2596 1395 2739 Nulla
1345 2523 1390 2571 in
1343 2425 1389 2502 his
1338 2187 1386 2401 cernitur
1339 1977 1398 2155 poetae
1330 1609 1379 1941 inconstantia.
1325 1371 1374 1541 Ambi-

1433 2867 1494 3024 guitas
1428 2690 1475 2816 enim
1424 2497 1471 2643 rebus
1419 2334 1481 2451 ipsis
1420 2239 1463 2287 et
1413 2045 1461 2193 menti
1413 1776 1459 2011 hnmanae
1410 1578 1465 1731 inest,
1419 1369 1466 1528 neque

1510 2796 1571 3020 cuiquam
1503 2473 1557 2762 mortalium,
1495 2273 1544 2438 multis
1494 2189 1540 2239 in
1493 2063 1539 2157 hac
1507 1975 1538 2030 re
1488 1558 1541 1941 elaborantibus,
1482 1367 1531 1522 conti-

1590 2923 1652 3020 git,
1592 2810 1633 2863 ut
1582 2483 1643 2761 religionem
1572 1975 1639 2430 philosophiamque
1568 1808 1615 1924 satis
1578 1527 1629 1762 prospero
1576 1364 1607 1475 cum

1670 2840 1714 3015 eventu
1659 2500 1710 2791 conciliaret.
1655 2271 1715 2431 Quare
1650 1961 1712 2223 Euripides
1647 1833 1693 1926 hoc
1645 1708 1693 1799 sibi
1638 1361 1691 1673 efficiendum

1762 2903 1794 3015 esse
1742 2675 1806 2869 putavit,
1742 2573 1795 2641 ut,
1751 2407 1783 2539 suam
1737 2170 1793 2372 utraque
1732 1944 1775 2137 tenente
1724 1591 1789 1913 provinciam,
1722 1359 1766 1543 rectam

1822 2772 1873 3013 sentiendi
1815 2475 1881 2738 agendique
1814 2316 1859 2441 viam
1809 2063 1857 2283 homines
1806 1646 1867 2027 ingrederentur.

1902 2706 1949 2882 Atreus
1895 2500 1958 2671 igitur,
1907 2339 1939 2448 cum
1904 2148 1936 2291 saeva
1883 1850 1934 2115 ulciscendi
1881 1642 1944 1817 cupido
1877 1476 1926 1608 nullo
1873 1355 1921 1441 de-

1997 2872 2030 3009 orum
1980 2665 2027 2838 timore
1974 2293 2026 2630 coerceretur,
1965 2009 2014 2245 effrenata
1962 1770 2010 1965 licentia
1958 1551 2008 1725 ultioni
1951 1351 2002 1507 indul-

2061 2929 2107 3008 sit.
2053 2640 2105 2860 Accessit
2049 2381 2114 2606 superbia
2047 2062 2104 2345 dominatus,
2046 1976 2089 2026 et
2058 1821 2104 1941 quae
2038 1641 2087 1786 animi
2033 1349 2099 1608 perturba-

2139 2851 2186 3006 tiones
2150 2706 2182 2815 cum
2130 2442 2178 2672 iniustitia
2125 2135 2175 2410 necessario
2123 1820 2171 2101 coniunctae
2123 1652 2177 1786 sunt,
2118 1456 2162 1616 metus
2114 1348 2157 1421 at-

2232 2909 2281 3005 que
2212 2646 2276 2874 suspicio.
2208 2366 2266 2577 Etenim,
2210 2274 2252 2329 ut
2204 2172 2250 2241 ait
2202 1951 2261 2139 Cicero,
2199 1832 2261 1913 qui
2214 1743 2245 1797 se
2195 1559 2244 1710 metui
2190 1344 2246 1528 volunt,

2313 2975 2344 3003 a
2294 2769 2357 2941 quibus
2293 2438 2345 2734 metuentur,
2285 2204 2332 2401 eosdem
2285 1954 2329 2170 metuant
2280 1827 2342 1919 ipsi
2291 1591 2324 1790 necesse
2275 1473 2319 1567 est.
2269 1344 2316 1438 Su-

2374 2847 2437 3000 spicio
2376 2622 2427 2812 autem,
2383 2478 2413 2585 cum
2366 2292 2427 2443 ipsam
2361 2146 2408 2248 veri
2357 1716 2415 2103 similitudinem,
2360 1436 2413 1663 tanquam
2347 1339 2395 1402 ad

2449 2691 2500 2999 occultandas
2447 2489 2510 2656 plagas
2442 2229 2489 2444 consulto
2444 1956 2503 2181 paretur,
2437 1712 2491 1909 timeat,
2447 1569 2479 1665 non
2427 1337 2476 1523 tollitur

2531 2885 2580 2998 ullis
2526 2635 2577 2851 veritatis
2522 2281 2579 2600 documentis,
2521 2158 2567 2244 sed
2519 1902 2565 2124 nutritur.
2514 1667 2574 1835 Itaque
2508 1505 2572 1633 quod
2506 1335 2567 1480 Thy-

2613 2862 2657 2994 estes
2604 2559 2653 2826 invitationi
2604 2181 2662 2514 obtemperat,
2598 2043 2644 2137 hoc
2596 1892 2657 1999 ipso
2590 1614 2639 1845 delatoris
2586 1333 2635 1563 crimina-

2689 2841 2735 2995 tiones
2684 2524 2741 2806 confirmat,
2680 2249 2743 2475 quodque
2678 2008 2739 2203 Aerope
2672 1685 2735 1973 supplicium
2668 1546 2715 1649 eius
2667 1332 2727 1510 depre-

2769 2823 2823 2992 catur,
2764 2675 2811 2771 hoc
2761 2534 2824 2642 ipso
2756 2090 2821 2498 conspirationem
2752 1834 2802 2055 confiteri
2750 1594 2797 1801 videtur.
2744 1330 2806 1525 Aerope

2848 2829 2892 2992 autem
2841 2607 2888 2794 formae
2842 2316 2886 2573 venustate
2835 2047 2882 2284 Helenam
2847 1857 2896 2013 paene
2842 1558 2890 1823 aequasse,
2824 1328 2872 1524 levitate

2924 2843 2971 2988 etiam
2935 2549 2984 2807 superasse
2918 2309 2970 2516 videtur,
2930 2072 2977 2270 quarum
2913 1958 2959 2037 illa
2908 1593 2964 1923 efficiebatur,
2907 1505 2950 1559 ut
2902 1325 2949 1472 etiam

3000 2693 3065 2988 gravissimis
2997 2466 3045 2657 delictis
2996 2247 3043 2435 veniam
2994 1914 3055 2213 impetraret,
2990 1771 3048 1880 hac,
2991 1679 3034 1737 ut
2983 1523 3030 1646 fides
2981 1443 3029 1488 ei
2981 1324 3028 1411 de-

3084 2704 3140 2985 rogaretur,
3075 2469 3125 2658 etiamsi
3091 2315 3122 2426 vera
3072 2097 3119 2264 dicere
3071 1795 3118 2055 videretur.
3062 1446 3114 1725 Venustatis
3060 1323 3107 1411 do-

3163 2706 3207 2982 cumentum
3161 2569 3215 2670 est,
3155 2376 3216 2532 quod,
3152 2079 3199 2339 commisso
3150 1840 3207 2042 scelere,
3163 1710 3196 1804 non
3147 1600 3191 1674 est
3143 1510 3189 1567 ab
3140 1322 3187 1473 Atreo

3237 2708 3299 2981 repudiata.
3234 2419 3293 2638 Aeropes
3231 2250 3277 2375 ullas
3230 2051 3277 2203 fuisse
3231 1961 3276 2009 in
3231 1826 3276 1917 hac
3226 1531 3290 1780 tragoedia
3227 1320 3286 1485 partes

3319 2781 3380 2979 praeter
3312 2441 3373 2747 colloquium,
3310 2278 3371 2403 quod
3310 1904 3371 2241 exposui1n11S,
3322 1774 3353 1868 non
3313 1661 3353 1738 est
3304 1528 3351 1629 veri
3300 1316 3358 1493 simile,

3407 2687 3457 2975 quamquam
3393 2608 3437 2657 et
3388 2284 3450 2574 epigramma
3387 2020 3448 2259 quoddam
3386 1802 3433 1993 Anthol.
3384 1683 3430 1783 Pal.
3383 1574 3431 1654 Vl.
3375 1317 3439 1554 n.316.*)

3479 2924 3521 2975 et
3486 2734 3518 2901 versus
3468 2371 3529 2707 Aristophanis
3466 2226 3514 2342 Rau.
3463 1995 3525 2195 849.=³²=³²)
3464 1846 3511 1960 huic
3464 1505 3510 1811 coniecturae
3459 1312 3505 1479 favere

3552 2732 3599 2973 videntur.
3548 2601 3594 2665 At
3546 2454 3592 2579 enim
3550 2287 3591 2417 errat
3544 1969 3591 2254 scholiastes
3540 1567 3604 1934 Aristophanis,
3538 1473 3584 1531 ad
3536 1311 3583 1437 hanc

3628 2676 3693 2971 tragoediam
3626 2562 3671 2643 illa
3624 2350 3671 2528 referri
3629 2102 3686 2302 putans:
3638 1899 3683 2058 neque
3622 1737 3669 1863 enim
3618 1544 3683 1703 γάμοι
3613 1308 3667 1511 ἀνόσιοι

3709 2881 3757 2966 ulli
3708 2790 3755 2835 ei
3707 2558 3751 2744 inerant
3719 2361 3765 2517 neque
3702 2106 3750 2312 Creticis
3701 1824 3749 2059 monodiis
3696 1488 3761 1766 colligendis
3696 1309 3743 1443 locus

3790 2833 3845 2963 erat;
3785 2442 3848 2788 epigrammate
3786 2218 3841 2407 autem,
3780 2042 3843 2169 quod
3780 1768 3838 2007 diximus,
3778 1438 3841 1722 Euripidem
3790 1308 3823 1392 re-

3979 2848 4030 2897 *)
3974 2617 4030 2818 Ἀερόπης
3973 2395 4029 2591 δάκρυον
3974 2212 4029 2365 διερῆς
3974 2113 4015 2189 καὶ
3973 1900 4026 2091 λείψανα
3971 1682 4014 1872 δείπνων

4042 2514 4096 2714 δύςνομα
4043 2417 4085 2492 καὶ
4042 2229 4096 2394 ποινὴν
4043 2017 4098 2207 ἔγραφεν
4038 1759 4096 1991 Ὠφελίων.

4114 2833 4167 2912 W)
4106 2747 4154 2805 Ὠ
4110 2495 4167 2721 Κρητικὰς
4111 2391 4167 2471 μὲν
4112 2151 4165 2367 συλλέγων
4113 1887 4168 2125 μονῳδίας,

4180 2646 4236 2817 γάμους
4177 2588 4226 2627 δ’
4178 2356 4231 2568 α’·νοσίους
4180 2123 4238 2338 εἰςφέρων
4183 2034 4232 2095 εἰς
4181 1927 4238 2012 τὴν
4180 1728 4236 1900 τέχνην.
