5010 3336
3922 2094 3980 2214 502

3777 1309 3833 1452 vent,
3772 1504 3822 1647 quain
3787 1684 3835 1923 imitando
3769 1969 3829 2347 repraesentati.
3763 2415 3828 2591 Neque
3777 2626 3826 2750 haec
3771 2785 3823 2995 imitatio

3695 1308 3758 1567 quominus
3707 1615 3755 1814 veritati
3690 1860 3753 2186 respondeat,
3703 2234 3749 2275 si
3700 2311 3749 2459 modo
3684 2508 3745 2581 is,
3682 2628 3744 2711 qui
3682 2759 3743 2995 imitatur,

3613 1309 3661 1517 corpore
3613 1550 3676 1845 ingenioque
3627 1872 3674 1931 ad
3622 1956 3673 2242 imitandum
3620 2282 3669 2459 idoneo
3606 2492 3666 2573 sit,
3601 2610 3665 2870 quicquam
3612 2908 3660 2995 ob-

3549 1308 3592 1419 stat.
3547 1492 3598 1897 Perturbationes
3534 1934 3591 2092 enim,
3540 2140 3589 2348 affectus
3539 2387 3580 2437 et
3536 2472 3586 2669 dolores
3519 2706 3581 2995 corporibus

3453 1305 3517 1578 animisque
3459 1615 3500 1803 eorum,
3452 1842 3514 1923 qui
3448 1958 3510 2207 patiuntur
3460 2236 3507 2310 vel
3444 2338 3506 2436 pati
3444 2464 3505 2705 videntur,
3453 2742 3501 2994 continen-

3381 1305 3433 1413 tur,
3373 1461 3421 1623 neque
3388 1660 3419 1719 ex
3386 1754 3435 1972 locorum
3367 2010 3429 2179 spatiis
3381 2224 3427 2302 vel
3362 2335 3421 2614 temporum
3359 2651 3421 2994 opportunita-

3309 1304 3358 1439 tibus
3308 1474 3355 1551 vel
3308 1587 3356 1840 hominum
3287 1877 3349 2337 congregationibus
3298 2361 3345 2438 vel
3296 2472 3328 2639 rerum
3293 2674 3342 2993 facultatibus

3213 1302 3278 1417 ipsi,
3228 1455 3275 1544 sed
3227 1580 3272 1769 tantum
3225 1808 3259 2011 caussae
3220 2047 3254 2216 eorum
3204 2252 3265 2483 pendent,
3201 2524 3247 2648 quae
3200 2683 3262 2881 quidem
3213 2920 3261 2993 sa-

3149 1305 3198 1400 cile
3133 1437 3196 1795 commodeque
3130 1830 3185 2038 possunt
3124 2086 3189 2338 colloquiis
3120 2388 3184 2788 orationibusque
3117 2835 3180 2994 expli-

3068 1303 3117 1418 cari.
3068 1491 3116 1557 Et
3051 1594 3114 1829 quicquid
3065 1853 3113 1983 inter
3046 2003 3108 2305 tragoediam
3042 2334 3102 2484 atque
3039 2522 3101 2811 epopoeiam
3052 2838 3100 2992 inter-

2988 1302 3036 1435 cedit
2974 1485 3035 1812 discriminis,
2986 1861 3018 1921 ex
2982 1972 3031 2177 actionis
2979 2227 3022 2278 et
2976 2326 3023 2612 narrationis
2973 2660 3022 2854 diversa
2973 2902 3005 2991 na-

2909 1299 2952 1411 tura
2893 1445 2955 1658 pendet3
2905 1697 2954 1957 consilium
2902 1991 2945 2154 autem
2901 2186 2942 2235 et
2899 2268 2947 2379 finis
2881 2424 2942 2621 utrique
2878 2653 2941 2824 generi
2893 2858 2941 2992 idem

2813 1298 2875 1581 propositus
2824 1627 2869 1729 est:
2809 1781 2867 2044 utrumque
2820 2091 2868 2217 enim
2817 2271 2867 2521 hominum
2815 2568 2862 2746 viribus
2814 2782 2862 2992 virtute-

2735 1298 2781 1395 que
2732 1429 2793 1788 praestantium
2744 1839 2775 1949 cum
2740 2010 2790 2238 fortunae
2723 2296 2787 2551 iniquitate
2734 2602 2782 2990 conflictantium

2668 1297 2717 1431 sacta
2666 1467 2714 1571 vult
2649 1606 2696 1849 casusque
2648 1885 2709 2164 exprimere
2659 2200 2705 2278 vel
2658 2312 2689 2476 rerum
2657 2516 2704 2838 humanarum
2655 2874 2687 2992 con-

2587 1297 2637 1534 ditionem
2584 1570 2633 1842 illustribus
2568 1891 2628 2130 exemplis
2580 2181 2626 2242 ob
2578 2291 2624 2462 oculos
2561 2499 2623 2675 positis
2575 2712 2624 2992 ostendere.

2507 1294 2558 1482 Rerum
2489 1533 2552 1683 igitur
2489 1731 2550 2100 amplitudinem
2501 2150 2541 2198 et
2483 2247 2529 2570 personarum
2479 2617 2544 2903 dignitatem
2496 2942 2538 2995 et

2426 1297 2474 1614 consiliorum
2424 1652 2472 1904 audaciam
2424 1954 2463 2003 et
2419 2050 2469 2295 sactorum
2402 2331 2464 2712 magnitudinem
2414 2764 2457 2817 et
2415 2870 2464 2992 affe-

2348 1296 2391 1464 ctuum
2346 1502 2394 1599 vim
2345 1638 2387 1686 et
2344 1720 2392 1952 fortunae
2338 1986 2390 2295 insolentiam
2337 2323 2384 2529 eandem
2321 2560 2385 2812 tragoedia
2321 2846 2378 2994 atque

2252 1296 2314 1541 epopoeia
2249 1560 2310 1802 sequitur,
2261 1831 2310 2101 mediocria
2248 2120 2301 2306 autem,
2241 2336 2305 2574 vulgaria,
2244 2609 2304 2830 humilia,
2256 2866 2303 2993 levia

2171 1295 2228 1601 aspernatur.
2184 1675 2232 1774 Sed
2184 1811 2231 1860 in
2182 1895 2229 2087 ratione
2178 2123 2225 2365 tractandi
2177 2392 2224 2599 multum
2176 2633 2222 2760 inter
2176 2797 2208 2851 se
2176 2887 2222 2991 dis-

2091 1294 2147 1516 crepant.
2106 1588 2153 1713 Nam
2090 1749 2152 1965 primum
2089 2001 2135 2149 quum
2085 2177 2131 2301 quae
2098 2330 2139 2586 narrantur
2096 2602 2145 2831 absoluta
2087 2856 2129 2988 esse,

2013 1293 2059 1419 quae
2011 1466 2068 1676 aguntur
2025 1727 2073 1838 fieri
2021 1886 2070 2214 cummaxime
2000 2263 2066 2544 fingantur,
2001 2609 2048 2859 quumque
2016 2906 2063 2987 illa

1933 1292 1996 1489 pridem
1946 1527 1993 1589 ad
1946 1625 1993 1775 finem
1929 1802 1992 2120 quietemque
1926 2147 1985 2450 pervenisse,
1937 2487 1985 2611 haec
1927 2647 1983 2849 moveri,
1935 2885 1984 2987 fer-

1867 1291 1902 1410 vere
1866 1447 1908 1496 et
1851 1533 1913 1671 quasi
1851 1708 1911 1918 quodam
1863 1955 1911 2157 flumine
1859 2193 1908 2387 devolvi
1857 2423 1905 2711 videantur:
1855 2748 1902 2990 narratori

1787 1292 1833 1393 sive
1769 1444 1833 1693 rhapsodo
1785 1747 1833 1904 libero
1783 1954 1830 2115 animo
1781 2151 1813 2231 res
1763 2267 1826 2548 propositas
1760 2587 1823 2836 explicare
1774 2872 1823 2990 licet

1708 1292 1751 1342 et
1691 1377 1748 1608 tanquam
1690 1656 1752 1973 quiescentes
1703 2010 1732 2037 a
1684 2074 1733 2366 quacunque
1698 2418 1746 2554 lubet
1680 2590 1738 2731 parte
1695 2767 1743 2904 adire
1694 2939 1737 2989 et

1627 1290 1674 1438 modo
1624 1485 1672 1693 incitare
1607 1739 1654 1942 gressus
1621 1990 1668 2138 modo
1606 2184 1666 2468 retardare,
1617 2518 1660 2569 et
1615 2616 1646 2878 recurrere
1613 2923 1661 2986 ad

1532 1289 1593 1454 priora
1545 1504 1587 1553 et
1526 1600 1591 1832 supplere
1542 1880 1589 2058 omissa
1540 2107 1583 2158 et
1523 2204 1586 2413 pleniori
1536 2463 1569 2628 rerum
1519 2676 1582 2986 explicationi

1465 1288 1514 1542 immorari
1448 1592 1513 1660 *).
1462 1743 1510 1934 Deinde
1460 1985 1511 2162 ἀοιδοὶ
1460 2209 1506 2279 illi
1442 2338 1504 2649 epulantibus
1442 2710 1500 2985 narrabant,

1372 1289 1433 1374 qui
1384 1408 1416 1504 non
1383 1540 1430 1600 ad
1383 1637 1430 1732 hoc
1366 1782 1429 1944 ipsum
1367 1981 1426 2353 convenissent,
1377 2406 1420 2460 ut
1375 2495 1422 2707 carmina
1362 2740 1422 2983 audirent,

1306 1290 1350 1343 et
1288 1378 1335 1554 parvos
1302 1593 1349 1805 circulos
1300 1841 1348 2095 hominum
1296 2132 1345 2404 otiosorum
1297 2439 1344 2487 in
1280 2515 1327 2684 regum
1295 2713 1342 2835 aulis
1294 2866 1326 2983 con-

1209 1287 1264 1520 gregatos
1206 1557 1268 1710 magis
1220 1741 1269 1994 delectare
1204 2028 1250 2173 quam
1216 2202 1249 2512 commovere
1214 2536 1262 2816 studebant.
1215 2853 1263 2983 Con-

1145 1288 1188 1365 tra
1143 1401 1185 1597 actores
1142 1634 1189 1711 vel
1141 1748 1188 1885 mimi
1125 1934 1171 2081 quum
1137 2132 1169 2213 res
1120 2250 1180 2478 tanquam
1120 2515 1177 2803 praesentes
1120 2837 1178 2983 agant

1066 1290 1108 1340 et
1049 1375 1095 1499 quae
1062 1534 1109 1785 imitantur
1044 1819 1107 1918 ipsi
1043 1955 1106 2057 pati
1047 2088 1106 2364 videantur,
1056 2401 1088 2497 non
1041 2522 1097 2731 possunt
1040 2752 1097 2980 tanquam

984 1288 1031 1434 otiosi
965 1468 1027 1631 vagari
966 1664 1012 1825 neque
963 1861 1025 2167 exponendis
975 2202 1021 2351 rebus
977 2386 1024 2447 ad
975 2480 1022 2751 animorum
975 2779 1007 2979 suorum

902 1289 936 1434 sensa
902 1471 949 1591 nihil
884 1626 947 1987 pertinentibus
881 2025 930 2229 operam
895 2266 942 2398 dare.
879 2466 944 2689 Denique
893 2736 943 2980 narrando

731 1345 784 1397 *)
742 1433 783 1501 Cf.
738 1535 782 1751 Schilleri
737 1782 776 1825 et
735 1855 779 2037 Goethii
723 2068 778 2195 epist.
735 2227 763 2267 n.
737 2299 779 2396 395.
736 2431 773 2475 et
736 2502 778 2600 396.
