5010 3336
3345 3244 3357 3309 ιιιιι

979 2166 1033 2240 21

1124 2754 1188 2899 Apud
1124 2473 1173 2708 'l'roianos
1122 2280 1185 2427 igitur
1121 2044 1183 2225 reliqua
1138 1883 1185 1996 pars
1123 1604 1171 1831 dramatis
1123 1380 1187 1553 agitur,

1218 2871 1265 3030 neque
1203 2732 1250 2823 alia
1204 2503 1250 2686 ratione
1200 2271 1265 2461 gravius
1200 1944 1261 2223 magnitudo
1201 1675 1249 1902 victoriae
1202 1579 1249 1640 ob
1202 1379 1249 1544 oculos

1282 2916 1345 3030 poni
1282 2691 1344 2875 potuit,
1296 2503 1342 2643 quam
1280 2247 1327 2457 hostium
1279 1865 1326 2201 fortitudinem
1286 1766 1326 1815 et
1280 1377 1328 1718 confidentiam

1360 2980 1407 3031 in
1364 2754 1423 2945 turpem
1365 2518 1421 2725 stragem
1358 2231 1406 2489 deductam
1357 1774 1421 2203 repraesentando.
1359 1562 1422 1730 Longe
1366 1378 1408 1539 autem

1440 2839 1487 3030 diversa
1443 2691 1486 2802 sunt
1453 2535 1498 2657 quae
1437 2375 1500 2503 apud
1436 2106 1484 2339 Troianos
1438 1997 1500 2070 agi
1436 1744 1484 1963 videmus
1440 1646 1485 1704 ab
1439 1534 1498 1612 iis,
1454 1376 1500 1498 quae

1535 3003 1565 3031 a
1517 2765 1565 2969 Graecis
1520 2623 1563 2729 acta
1532 2477 1563 2586 esse
1532 2379 1562 2438 ex
1516 2158 1579 2347 prologi
1516 1837 1577 2124 quibusdam
1516 1584 1580 1802 vestigiis
1517 1378 1580 1535 suspi-

1599 2935 1644 3031 cati
1612 2724 1645 2905 sumus,
1594 2607 1641 2673 Et
1596 2367 1657 2574 primum
1595 2079 1641 2333 insolentia
1594 1816 1642 2046 Hectoris
1595 1520 1659 1781 conspicua
1594 1377 1643 1489 red-

1676 2871 1735 3030 ditur,
1689 2700 1736 2821 quae
1688 2558 1735 2651 quo
1675 2363 1736 2512 magis
1673 2041 1734 2313 elucescat,
1673 1788 1721 1992 militum
1673 1463 1721 1740 sollicitudo
1674 1375 1720 1418 ei

1755 2749 1818 3029 opponitur.
1753 2483 1801 2678 Summa
1754 2321 1801 2448 enim
1769 2176 1800 2283 cum
1754 1818 1816 2142 trepidatione
1758 1724 1800 1771 et
1753 1518 1815 1690 insigni
1767 1375 1799 1482 cum

1834 2820 1881 3029 tumultu
1833 2621 1895 2785 vigiles
1832 2323 1880 2592 Hectorem
1832 2155 1879 2289 humi
1835 1867 1881 2120 cubantem
1833 1658 1880 1839 adeunt
1829 1567 1894 1635 *)‚
1847 1373 1894 1529 eoque

1928 2970 1959 3031 ex
1927 2768 1959 2935 somno
1912 2522 1959 2731 excitato
1912 2409 1959 2477 nil
1927 2273 1959 2369 non
1927 2074 1958 2238 rerum
1912 1978 1959 2038 ad
1911 1757 1974 1944 proelia
1909 1372 1958 1721 committenda

1990 2629 2051 3032 necessariarum,
1992 2457 2053 2592 quasi
1991 2329 2037 2423 iam
1990 2070 2039 2292 hostibus
1995 1878 2038 2033 castra
1990 1492 2049 1845 invadentibus,
2003 1376 2036 1456 ex·

2071 2848 2134 3032 templo
2071 2651 2133 2813 parari
2075 2472 2132 2615 atque
2069 2219 2133 2437 expediri
2070 2004 2118 2185 iubent.
2070 1777 2133 1950 Neque
2069 1611 2116 1742 solus
2069 1374 2127 1576 Hector,

2150 2944 2197 3030 sed
2150 2614 2212 2909 reliquorum
2166 2386 2211 2577 quoque
2151 2173 2197 2349 ducum
2150 1832 2211 2137 militumque
2150 1657 2196 1781 bona
2164 1498 2211 1611 pars
2147 1372 2194 1464 ho-

2246 2923 2279 3030 rum
2229 2692 2291 2899 strepitu
2246 2638 2276 2665 e
2245 2444 2277 2612 somno
2229 2179 2276 2416 excitatur
2228 2066 2291 2156 (cf.
2246 1998 2276 2039 v.
2232 1900 2275 1978 19.
2231 1792 2276 1868 89.
2233 1724 2275 1771 et
2226 1544 2289 1697 139),
2230 1370 2288 1517 atque

2323 2909 2354 3030 unus
2307 2685 2354 2861 ducum
2308 2477 2354 2639 statim
2309 2370 2354 2429 ad
2309 2062 2370 2319 strepitum
2307 1790 2354 2013 accurrit.
2306 1612 2352 1720 Hoc
2322 1520 2352 1578 eo
2320 1371 2353 1485 con-

2385 2922 2432 3028 silio
2386 2731 2433 2873 finxit
2386 2396 2449 2689 Euripides,
2392 2292 2432 2344 ut
2384 2184 2431 2245 dc
2386 1899 2433 2149 Diomedis
2385 1570 2447 1865 Ulyssisque
2384 1372 2431 1526 salute

2466 2695 2514 3029 vehementius
2465 2358 2513 2659 timeremus.
2464 2162 2526 2305 Apud
2464 1914 2511 2130 Graecos
2465 1682 2526 1888 pavebat.
2464 1372 2526 1653 imperator,

2543 2782 2605 3028 tranquilli
2548 2353 2605 2730 constantesque
2548 2173 2589 2309 erant
2543 1967 2604 2139 reliqui
2544 1755 2601 1932 duces,
2542 1579 2589 1707 unde
2541 1370 2600 1536 fiebat,

2627 2979 2670 3031 ut
2638 2886 2669 2944 ex
2622 2724 2668 2851 illius
2638 2510 2684 2690 pavore
2622 2261 2667 2472 omnium
2627 1929 2668 2212 nasceretur
2621 1703 2668 1882 fiducia
2626 1513 2682 1660 atque
2620 1371 2667 1469 ala-

2701 2867 2748 3031 critas,
2702 2657 2764 2800 Apud
2700 2371 2748 2610 Troianos
2701 2104 2762 2323 superbit
2701 1771 2763 2061 imperator,
2700 1525 2747 1717 solliciti
2702 1368 2748 1480 sunt

2781 2824 2841 3031 milites,
2796 2616 2841 2774 neque
2780 2410 2827 2584 horum
2779 2043 2826 2370 sollicitudine
2780 1877 2827 2005 illius
2780 1617 2843 1840 superbia
2784 1372 2826 1580 sanatur.

2860 2852 2908 3028 Audito
2860 2668 2922 2817 igitur
2860 2466 2907 2635 nuntio
2858 2210 2915 2427 Hector,
2859 2044 2920 2158 suga
2860 1788 2907 1997 Achivos
2875 1685 2905 1738 se
2858 1366 2906 1640 subducere

2940 2868 2987 3029 conari
2954 2732 3002 2821 pro
2944 2559 2985 2693 certo
2943 2369 3000 2513 atque
2938 2069 3001 2317 explorato
2939 1800 2996 2017 habens,
2939 1573 2997 1734 dolet,
2938 1369 2999 1515 quod,

3020 2775 3082 3028 quominus
3034 2635 3080 2725 per
3022 2397 3065 2591 noctem
3019 2115 3080 2353 proelium
3019 1775 3065 2076 continuaret
3023 1691 3065 1740 et
3017 1514 3064 1659 rebus
3022 1369 3064 1479 ute-

3103 2892 3144 3029 retur
3097 2612 3154 2857 secundis,
3103 2417 3144 2576 vatum
3098 2173 3143 2385 consiliis
3098 1867 3160 2142 prohibitus
3099 1762 3147 1837 sit.
3098 1614 3144 1713 Iam
3096 1368 3144 1587 funditus

3175 2833 3223 3026 delendi
3178 2540 3220 2783 exercitus
3175 2314 3221 2493 Graeci
3176 1854 3237 2265 opportunitatem
3191 1709 3223 1807 nou
3177 1367 3234 1651 emissurus,

3259 2876 3301 3027 totum
3253 2685 3299 2844 statim
3254 2394 3298 2657 exercitum
3270 2338 3298 2364 e
3269 2143 3299 2310 somno
3255 1919 3301 2115 excitari
3256 1626 3317 1885 vocarique
3255 1526 3301 1586 ad
3269 1365 3301 1497 arma

3333 2874 3390 3027 iubet,
3331 2600 3387 2836 Graecos,
3331 2450 3377 2564 duni
3346 2270 3376 2415 naves
3332 1890 3391 2228 conscendant,
3335 1679 3394 1855 partim
3333 1364 3378 1644 interficere

3411 2848 3475 3024 partim
3425 2636 3473 2812 capere
3408 2419 3455 2600 volens.
3410 2309 3455 2348 A
3423 2178 3469 2272 quo
3411 1887 3455 2142 temerario
3416 1674 3457 1849 conatu
3426 1490 3471 1637 quum
3410 1367 3456 1457 ho—

3490 2826 3549 3024 minem,
3488 2517 3535 2800 decertandi
3487 2205 3535 2492 fortitudine
3488 2020 3534 2180 omnia
3490 1806 3552 2006 transigi
3504 1640 3551 1787 posse
3492 1366 3552 1617 putantem

3567 2796 3632 3022 (ἁπλοῦς
3564 2684 3616 2760 ἐπ’
3564 2438 3632 2646 ἐχθροῖς
3570 2232 3631 2404 μῦθος
3566 1975 3627 2197 ὁπλίζειν
3564 1765 3631 1941 χέρα),
3570 1580 3616 1713 chori
3571 1366 3616 1532 aucto-

3651 2905 3697 3022 ritas
3653 2661 3713 2870 nequeat
3648 2358 3708 2625 deducere,
3649 2033 3711 2323 tempestive
3649 1710 3707 1999 intervenit,
3647 1468 3711 1675 strepitu
3647 1366 3693 1435 vi-

3729 2875 3791 3022 gilum
3729 2574 3785 2839 excitatuS,
3727 2312 3786 2528 Aeneas,
3728 2192 3790 2273 qui
3731 2109 3774 2157 et
3728 1700 3790 2076 prudentissima
3732 1615 3774 1665 et
3726 1365 3773 1581 luculen-

3808 2833 3855 3019 tissima
3813 2736 3855 2786 et
3806 2407 3869 2687 gravissima
3807 2128 3854 2345 oratione
3808 1762 3855 2073 temerarium
3806 1476 3853 1699 cohibeat
3811 1363 3852 1415 et

3886 2868 3934 3019 misso
3885 2511 3949 2820 speculatore
3887 2257 3933 2459 consilia
3886 1969 3945 2208 hostium,
3892 1663 3951 1917 antequam
3890 1364 3934 1614 moveatur

3965 2741 4023 3016 exercitus,
3965 2412 4028 2705 exploranda
3981 2267 4013 2376 esse
3965 2042 4013 2231 doceat.

4076 2910 4130 2953 *)
4077 2595 4119 2879 orchestram
4078 2397 4133 2567 pulpito
4091 2283 4119 2367 non
4078 2119 4118 2257 multo
4076 1837 4122 2091 inferiorem
4077 1673 4121 1809 fuisse
4088 1468 4118 1644 necesse
4080 1365 4119 1442 est-

4145 2757 4189 2880 Idem
4146 2684 4189 2730 in
4148 2403 4190 2655 Troadibus
4148 2246 4203 2374 inque
4146 1983 4203 2218 Iphigenia
4146 1733 4191 1954 Aulidensi
4146 1430 4201 1705 intelligitur.
