5010 3336
2020 3265 2063 3314 ,n-

2101 3316 2126 3333 '.¹‹
2098 3264 2133 3302 <²12

2180 3274 2211 3319 ne-

2249 3281 2292 3330 'rin

1053 2132 1111 2255 519

1221 2865 1266 3029 autem
1214 2576 1262 2832 nautarum
1205 2325 1253 2543 ferorum
1200 2094 1247 2287 turbam
1212 2031 1242 2059 a
1204 1797 1255 2003 corpore
1184 1561 1251 1763 virginis
1180 1352 1230 1525 castis-

1299 2874 1345 3026 simae
1290 2658 1347 2841 arceri3
1286 2463 1334 2614 mittit
1282 2155 1330 2427 ministram
1275 1866 1337 2107 quandam
1269 1667 1315 1817 fidam
1265 1560 1311 1620 ad
1275 1352 1325 1524 aquam

1374 2789 1424 3025 marinam
1364 2377 1432 2760 apportandam3
1361 2111 1407 2341 hortatur
1352 1850 1416 2080 captivas,
1354 1756 1405 1825 ut,
1346 1688 1391 1728 si
1343 1546 1406 1661 quid
1338 1349 1388 1516 mundi

1471 2963 1503 3024 ex
1450 2688 1517 2930 prioribus
1445 2458 1494 2639 divitiis
1442 2178 1488 2421 servatum
1435 2046 1488 2138 sit,
1429 1932 1476 1991 ad
1425 1688 1474 1888 inferias
1422 1350 1469 1651 conferatur.

1533 2905 1581 3024 Inde
1526 2591 1579 2871 necessario
1524 2494 1570 2555 ad
1515 2097 1568 2460 meditationem
1510 1904 1565 2060 redit,
1504 1549 1565 1862 fragilitatem
1513 1345 1547 1513 rerum

1614 2703 1661 3023 humanarum
1610 2416 1668 2667 reputans,
1598 2140 1658 2383 negatque
1591 1874 1637 2105 fortunae
1598 1628 1646 1836 unquam
1579 1344 1627 1595 confiden-

1691 2907 1738 3022 dum
1704 2730 1748 2871 esse,
1685 2603 1734 2693 sed
1682 2451 1730 2568 satis
1672 2137 1725 2417 habendum
1708 2102 1731 2116 .‚
1669 2010 1716 2051 si
1666 1897 1713 1975 cui
1665 1813 1711 1861 in
1664 1650 1710 1778 diem
1657 1490 1707 1614 nihil
1654 1343 1703 1457 mali

1768 2769 1819 3022 acciderit.

1847 2795 1895 2889 His
1845 2689 1892 2761 sic
1838 2447 1906 2654 peractis
1834 2213 1889 2410 chorus,
1830 2118 1877 2177 ad
1828 1909 1875 2093 fontem
1822 1644 1871 1883 malorum
1829 1341 1874 1621 recurrens,

1945 2955 1978 3016 ex
1924 2717 1974 2909 Paridis
1919 2350 1978 2669 Helenaeque
1909 2060 1960 2307 dementia
1912 1962 1953 2013 et
1903 1733 1952 1914 Troiae
1897 1438 1947 1687 interitum
1897 1338 1939 1390 et

2007 2809 2056 3014 Graecis
2003 2575 2049 2757 luctum
2002 2358 2045 2524 natum
2008 2200 2040 2311 esse
1985 1922 2037 2153 ostendit.
1982 1715 2030 1853 Haec
1981 1557 2026 1669 sunt
1976 1337 2022 1525 decan-

2093 2916 2135 3015 tata
2085 2814 2132 2894 illa
2087 2742 2129 2794 et
2079 2528 2140 2708 ubique
2076 2339 2123 2494 obvia.
2072 2207 2120 2268 At
2070 2048 2117 2177 enim
2067 1967 2112 2013 iu
2062 1755 2111 1933 talibus
2074 1625 2107 1719 non
2054 1335 2103 1598 studebant

2164 2811 2214 3015 novitati
2166 2583 2208 2776 veteres
2161 2355 2220 2548 poetae,
2166 2160 2213 2319 neque
2149 1933 2195 2125 theatra
2142 1737 2190 1910 eadem
2136 1513 2186 1699 centies
2148 1334 2195 1478 repe-

2247 2926 2293 3015 tita
2239 2618 2295 2881 inculcari,
2235 2306 2283 2570 dummodo
2246 2143 2277 2258 vera
2235 1945 2288 2092 atque
2221 1762 2270 1899 utilia
2221 1533 2274 1726 essent,
2226 1332 2275 1483 aegre

2324 2775 2370 3015 serebant.
2317 2466 2366 2708 Debuisse
2319 2254 2360 2419 autem
2310 2000 2355 2202 chorum
2305 1903 2350 1951 in
2303 1762 2349 1856 hac
2294 1461 2361 1715 tragoedia
2306 1329 2337 1425 nou

2408 2858 2450 3012 totum
2414 2765 2446 2820 se
2397 2668 2443 2730 ad
2394 2378 2443 2633 Hecubam
2390 2066 2455 2341 applicare.⁹
2386 1931 2433 2019 sed
2392 1573 2430 1883 communem
2385 1329 2435 1527 quoque

2484 2825 2529 3010 sortem
2475 2474 2540 2789 spectandam
2486 2146 2536 2439 proponere,
2466 1982 2513 2110 infra
2461 1643 2511 1948 docebimus.

2557 2753 2605 2877 Fida
2555 2507 2612 2719 famula,
2554 2403 2600 2461 ad
2567 2228 2597 2363 mare
2549 2017 2605 2193 missa,
2544 1848 2591 1979 unde
2552 1636 2601 1813 aquam
2530 1326 2580 1601 abluendae

2638 2726 2701 3009 Polyxenae
2634 2466 2690 2690 afferret,
2633 2380 2676 2429 in
2631 2180 2676 2344 littore
2628 1931 2675 2143 eiectum
2634 1712 2683 1892 corpus
2610 1441 2676 1675 Polydori
2624 1326 2655 1407 re-

2718 2870 2782 3003 perit
2714 2518 2778 2835 agnitumque
2708 2316 2756 2482 statim
2710 2217 2753 2278 ad
2712 1974 2750 2181 matrem
2696 1545 2746 1937 infelicissimam
2688 1323 2745 1512 retulit,

2813 2874 2860 3000 quae
2794 2562 2855 2840 Polyxenae
2803 2340 2850 2518 corpus
2784 2126 2831 2293 afferri
2786 1904 2843 2079 putans
2778 1635 2824 1855 detracta
2774 1450 2817 1589 veste
2782 1323 2814 1405 re-

2880 2855 2939 3003 pente
2872 2666 2919 2821 filium
2868 2355 2915 2626 crudeliter
2865 2100 2912 2329 laniatum
2861 1729 2916 2071 abiectumque
2848 1432 2916 1701 cognoscit.
2845 1319 2892 1396 Ab

2954 2806 3017 3004 hospite
2949 2555 2998 2771 Thracio
2948 2425 2994 2519 boc
2952 2290 2993 2391 tam
2942 1993 2990 2254 scelestum
2976 1955 2998 1968 ,
2934 1630 2987 1921 inauditum,
2929 1432 2976 1592 dirum
2924 1318 2971 1396 sa-

3036 2864 3082 3002 cinus
3033 2712 3094 2827 quin
3032 2430 3092 2679 patratum
3026 2298 3083 2393 sit,
3021 1949 3069 2249 somniorum
3016 1811 3063 1912 visa
3012 1548 3059 1775 dubitare
3022 1417 3054 1514 non
3003 1316 3051 1380 si-

3118 2854 3168 2999 nunt,
3124 2629 3171 2817 neque5
3121 2467 3168 2592 quae
3108 2324 3151 2430 erat
3102 2098 3147 2292 illorum
3096 1810 3144 2064 homiuum
3090 1578 3154 1773 opinio,
3087 1445 3133 1541 alio
3085 1313 3130 1408 fir-

3194 2752 3240 2997 mamento
3201 2593 3250 2715 opus
3189 2435 3230 2555 erat.
3180 2200 3227 2366 Potuit
3176 1904 3238 2168 Euripides
3172 1636 3219 1857 nuntium
3184 1558 3214 1586 e
3162 1312 3211 1524 Thracia

3272 2718 3319 2997 venientem
3264 2429 3314 2693 adhibere,
3261 2316 3308 2403 sed
3258 2033 3306 2287 efficacius
3255 1952 3301 2013 ad
3250 1558 3299 1925 miserationem
3244 1312 3304 1533 indigna-

3352 2710 3409 2997 tionemque
3344 2387 3391 2677 movendam
3344 2235 3387 2342 erat
3335 1947 3385 2199 cadaveris
3332 1752 3395 1907 ipsius
3322 1312 3390 1714 repraesentatiO.

3430 2893 3478 2994 Sed
3428 2700 3492 2843 plane
3423 2416 3486 2651 singulari
3427 2262 3467 2367 arte
3416 1962 3479 2226 Euripides
3428 1831 3460 1913 res
3404 1396 3472 1779 spatiosissimas
3404 1307 3447 1359 et

3504 2561 3573 2989 longinquissimas
3502 2469 3548 2527 ad
3498 2046 3547 2437 communionem
3494 1789 3549 2024 locorum,
3495 1489 3550 1765 temporum
3481 1308 3528 1461 actio·

3603 2776 3650 2992 numque
3585 2672 3632 2741 sic
3583 2540 3630 2635 scit
3596 2246 3637 2495 revocare,
3582 2152 3624 2207 ut
3581 2064 3622 2113 et
3574 1970 3620 2030 ad
3566 1535 3632 1927 cognoscendum
3576 1310 3626 1492 oppor-

3667 2698 3719 2990 tunissimae
3664 2555 3710 2652 sint
3660 2358 3707 2507 etad
3657 2020 3705 2312 movendum
3650 1671 3715 1973 aptissimae.
3645 1509 3690 1575 lui
3654 1308 3703 1455 quum

3749 2772 3812 2989 migrare
3742 2556 3791 2737 theatri
3741 2377 3801 2511 leges
3755 2213 3784 2329 sane
3738 1938 3797 2165 angustas
3736 1812 3777 1895 aut
3727 1538 3775 1779 recedere
3740 1476 3769 1503 a
3734 1303 3767 1440 more

3830 2780 3889 2985 recepto
3839 2637 3870 2733 uon
3823 2417 3868 2591 liceret
3818 2126 3878 2368 simulque
3815 1950 3859 2074 intra
3812 1808 3857 1913 illos
3809 1646 3854 1769 lines
3799 1306 3865 1611 tragoediam

3907 2708 3954 2981 consistere
3919 2579 3950 2673 nou
3916 2375 3965 2542 posse,
3897 2249 3945 2335 sed
3896 1967 3942 2213 actionum
3891 1789 3953 1927 copia
3892 1702 3934 1752 et
3884 1428 3931 1667 varietate
3894 1301 3924 1391 au·-

3986 2776 4049 2981 gendam
4000 2627 4031 2739 esse
3994 2290 4046 2579 persuasum
3980 2077 4033 2237 esset,
3974 1934 4019 2030 hoc
3974 1752 4017 1888 certe
3964 1529 4027 1706 ingenii
3960 1300 4006 1482 virtute

4064 2735 4129 2976 perfecit,
4067 2643 4111 2699 ut
4078 2514 4109 2609 non
4076 2338 4107 2479 unam
4071 2102 4118 2299 semper
4053 1832 4099 2068 actionem
4047 1715 4094 1791 vel
4037 1300 4102 1680 catastropham,

4144 2887 4192 2975 sed
4142 2728 4189 2849 duas
4147 2608 4189 2692 aut
4142 2392 4204 2576 plures,
4151 2151 4200 2355 quarum
4133 2022 4180 2116 alia
4146 1928 4177 1988 ex
4129 1800 4175 1893 alia
4125 1480 4173 1766 nasceretur
4154 1447 4176 1459 ‚
4116 1298 4162 1410 dra-

4223 2763 4274 2976 matibus
4221 2390 4270 2721 concluderet.
4217 2271 4265 2320 lu
4214 2056 4278 2235 quibus
4210 1894 4274 2022 quod
4205 1531 4258 1859 recentiorum
4196 1298 4261 1493 quidam
