5010 3336
3800 2116 3858 2240 454

3658 1475 3706 1659 Rerum
3646 1699 3703 1897 statum,
3644 1936 3706 2017 qni
3658 2051 3707 2209 fuisse
3641 2245 3707 2519 fingebatur
3657 2552 3707 2750 ineunte
3642 2787 3705 3020 dramate,

3575 1338 3623 1417 his
3577 1462 3624 1624 verbis
3562 1672 3625 1867 exponit
3562 1902 3625 2141 Hyginus,
3567 2211 3625 2481 „Athamas
3564 2531 3627 2695 (Aeoli
3562 2738 3625 2924 filius),
3576 2971 3623 3022 in

3496 1341 3544 1600 Thessalia
3486 1636 3529 1736 rex,
3498 1774 3528 1880 cum
3497 1919 3544 2114 Inonem
3498 2153 3529 2353 uxorem
3482 2393 3548 2586 (Cadmi
3483 2620 3545 2801 filiam,
3495 2840 3544 3022 Bacchi

3403 1338 3463 1620 nutricem),
3417 1658 3447 1717 ex
3402 1754 3447 1845 qua
3417 1881 3463 2005 dnos
3417 2042 3465 2169 filios
3401 2209 3465 2547 [susceperat],
3402 2586 3463 2774 perisse
3400 2809 3458 3023 putaret,

3337 1340 3384 1479 duxit
3320 1512 3385 1758 nymphae
3322 1795 3384 1869 (et
3321 1907 3385 2149 Hypsaei)
3337 2200 3384 2348 filiam
3337 2387 3385 2762 Themistonem
3325 2800 3367 3025 uxorem,

3256 1343 3289 1404 ex
3240 1441 3287 1534 qua
3239 1569 3302 1787 geminos
3257 1823 3304 1951 filios
3239 1988 3302 2275 procreavit.
3257 2344 3305 2525 Postea
3256 2554 3303 2725 resciit
3255 2744 3302 2939 Inonem
3254 2976 3302 3026 in

3176 1339 3225 1585 Parnasso
3175 1623 3207 1734 esse
3160 1786 3223 2219 bacchationisque
3176 2254 3208 2422 caussa
3177 2461 3208 2518 eo
3161 2559 3221 2858 pervenisse.
3174 2928 3223 3027 Mi-

3096 1340 3143 1405 sit
3081 1442 3142 1525 qui
3095 1561 3126 1669 eam
3084 1705 3143 2030 adducerent3
3081 2069 3127 2212 quam
3095 2249 3143 2509 adductam
3094 2546 3144 2772 celavit.”

2999 1475 3063 1735 Prologum
3017 1769 3063 1827 ab
3016 1859 3063 2006 lnone
3017 2032 3058 2191 actum
3015 2238 3047 2349 esse
3015 2386 3062 2604 coniicio.
3014 2674 3063 2871 Pridem
3014 2901 3062 3028 enim

2935 1342 2968 1402 ex
2936 1438 2983 1686 montibus
2937 1722 2967 1777 ac
2926 1814 2984 2106 solitudine,
2936 2144 2982 2191 in
2921 2227 2967 2319 qua
2935 2355 2982 2536 multos
2925 2573 2967 2754 annos,
2918 2793 2982 3027 spelunca

2839 1340 2887 1431 pro
2856 1471 2898 1602 tecto
2845 1640 2898 1814 utens,
2857 1850 2898 2059 aetatem
2841 2101 2904 2332 degerat,
2856 2383 2903 2586 reducta
2855 2637 2897 2686 et
2855 2732 2901 2780 in
2853 2829 2902 3028 domum

2775 1342 2823 1652 Athamantis
2776 1674 2824 1901 restituta
2762 1923 2818 2042 erat,
2777 2070 2823 2157 sed
2778 2181 2824 2484 dissimulato
2776 2511 2807 2625 vero
2762 2646 2822 2858 nomine,
2757 2891 2820 3030 igno-

2695 1341 2737 1390 ta
2683 1424 2742 1683 omnibus,
2697 1721 2744 2034 matrimonio
2698 2072 2743 2131 ab
2698 2174 2743 2331 aliena
2697 2364 2744 2545 semina
2678 2586 2735 2843 occupate,
2678 2879 2725 3029 quum

2600 1342 2662 1450 ipsa
2616 1487 2662 1780 famulorum
2616 1820 2648 2022 numero
2606 2049 2664 2331 haberetur,
2602 2368 2663 2626 penatibus
2600 2663 2661 2857 quidem
2613 2895 2644 3029 com-

2535 1342 2582 1569 munibus
2535 1608 2566 1717 cum
2536 1756 2582 1929 marito
2525 1956 2584 2203 utebatur,
2537 2243 2578 2461 ceterum
2521 2499 2567 2656 neque
2535 2692 2581 2787 tori
2517 2823 2580 3031 genialis

2455 1342 2503 1448 iure
2444 1486 2503 1759 fruebatur,
2455 1796 2502 1855 ad
2439 1892 2503 2084 pellicis
2456 2123 2504 2281 locum
2457 2321 2486 2348 a
2455 2383 2498 2633 matronae
2439 2670 2503 2903 dignitate
2452 2939 2500 3033 de-

2362 1342 2414 1503 trusa,
2358 1553 2405 1712 neque
2375 1748 2422 2015 liberorum
2375 2068 2407 2268 suorum
2376 2317 2407 2532 amorem
2359 2571 2406 2836 curamque
2358 2872 2420 3031 palam

2294 1344 2341 1610 ostendere
2294 1647 2341 1691 ei
2283 1730 2342 1941 licebat,
2294 1980 2335 2027 et
2294 2064 2341 2250 servire
2295 2285 2342 2506 aemulae
2280 2543 2341 2838 cogebatur,
2278 2888 2325 3032 quam

2214 1342 2262 1519 intimo
2198 1558 2255 1759 pectore
2214 1814 2260 1984 oderat
2214 2034 2246 2088 ac
2199 2136 2262 2345 perdere
2215 2394 2263 2524 haud
2214 2572 2261 2746 iniuria
2197 2782 2261 3030 cupiebat.

2134 1343 2182 1441 Ilic
2132 1479 2181 1620 dolor
2116 1654 2179 2032 praeteritorum
2134 2070 2180 2307 malorum
2134 2345 2181 2686 recordatione
2117 2732 2179 3030 augebatur:

2053 1345 2100 1556 sanitate
2053 1594 2098 1719 enim
2053 1755 2099 1932 mentis
2055 1969 2100 2027 ab
2055 2076 2102 2258 Iunone
2038 2304 2101 2491 privata
2040 2540 2095 2828 retentaque
2054 2863 2101 3033 fuerat

1975 1342 2021 1392 in
1974 1430 2021 1551 locis
1974 1589 2020 1784 incultis
1960 1823 2021 2153 horridisque,
1975 2189 2022 2346 seram
1975 2384 2021 2532 vitam
1974 2571 2021 2700 inter
1975 2734 2022 2869 feras
1974 2904 2022 3032 tole-

1882 1342 1937 1564 raverat,
1878 1610 1936 1957 tempestatum
1894 1994 1941 2179 iniuriis
1878 2217 1941 2472 exposita,
1894 2521 1926 2693 carens
1894 2728 1937 2835 tum
1894 2870 1942 3032 homi—

1814 1344 1846 1458 num
1813 1496 1859 1739 consortio
1813 1777 1854 1879 tum
1813 1917 1860 2055 bonis
1802 2093 1861 2337 omnibus,
1799 2373 1846 2496 quae
1814 2528 1862 2803 hominibus
1815 2841 1862 2899 ab
1814 2936 1861 3034 ho-

1733 1345 1781 1559 minibus
1717 1596 1775 1841 parantur.
1733 1911 1780 2049 Haec
1733 2084 1775 2329 tantorum
1734 2367 1782 2606 malorum
1716 2634 1780 2889 perpessio
1716 2925 1781 3033 ipsa

1636 1345 1700 1516 specie
1652 1551 1701 1711 Inonis
1651 1748 1700 2120 declarabatur:
1636 2156 1701 2336 pallida
1654 2372 1701 2501 enim
1637 2538 1701 2951 conspiciebatur,

1555 1478 1620 1777 „Refugere
1571 1814 1618 1951 oculi
1561 1963 1599 1983 ;
1554 2022 1603 2205 corpus
1572 2240 1619 2407 macie
1560 2444 1620 2698 extabuit,

1490 1476 1541 1753 Lacrimae
1472 1784 1539 2043 peredere
1490 2078 1538 2291 humore
1474 2328 1525 2618 exsangues
1474 2651 1543 2869 genas.”

1410 1344 1459 1583 Testatur
1394 1620 1456 1976 Aristophanes
1410 2026 1453 2075 et
1410 2120 1457 2169 in
1408 2204 1458 2415 Acharn.
1412 2453 1443 2497 v.
1409 2533 1457 2646 434.
1395 2693 1469 2883 μεταξὺ
1411 2926 1461 3034 τῶν

1319 1339 1384 1511 Ἰνοῦς
1314 1546 1380 1729 ῥακῶν
1330 1766 1372 1815 et
1329 1850 1376 1899 in
1314 1934 1379 2116 Vespis
1328 2153 1362 2197 v.
1331 2234 1376 2391 1413:
1316 2440 1380 2691 ,,γυναικὶ
1312 2737 1381 3032 θαψίνῃ,

1246 1340 1303 1472 Ἰνοῖ
1231 1503 1299 1800 κρεμαμένῃ
1232 1836 1297 1967 πρὸς
1248 1991 1299 2176 ποδῶν
1234 2201 1300 2559 Εὐριπίδου.”
1247 2627 1296 2704 Ad
1232 2740 1280 2864 quae
1249 2892 1298 3033 scho-

1166 1346 1214 1519 liastae
1166 1553 1213 1677 haec
1165 1713 1209 2100 annotaverunt:
1150 2148 1217 2373 θαψίνῃ,
1151 2410 1220 2575 ὠχρᾷ·
1154 2611 1217 2828 τοιαύτη
1154 2862 1221 2963 γὰρ
1153 2999 1220 3035 ἦ

1075 1343 1136 1555 θάψος,
1072 1608 1136 1733 ὅπερ
1072 1767 1135 1892 παρ’
1070 1926 1137 2053 ἡμῖν
1069 2087 1136 2412 χρυσόξυλον
1071 2444 1140 2659 λέγεται.
1099 2693 1107 2759 —
1072 2793 1139 2940 παρὰ
1088 2976 1138 3034 δὲ

988 1346 1055 1615 Εὐριπίδῃ
990 1664 1055 1949 γέγραπται
989 1996 1055 2031 ἦ
1003 2070 1060 2184 Ἰνὼ
989 2235 1056 2531 κρεμαμένη
1004 2576 1056 2666 καὶ
989 2712 1058 2853 ὠχρὰ
1006 2904 1058 3032 ὑπὸ

906 1345 970 1467 τῆς
914 1520 974 2010 κακοπαθείας
936 2069 943 2132 —-
906 2195 974 2428 εἰςήγαγε
924 2479 977 2534 δὲ
910 2580 975 2876 Εὐριπίδης
910 2936 978 3034 τὴν

841 1339 897 1456 Ἰνὼ
826 1492 895 1667 ῶχρὰν
843 1702 894 1829 ὑπὸ
826 1866 890 1979 τῆς
834 2015 894 2504 κακοπαθείας.
844 2555 892 2693 Male
828 2721 893 3033 interpretati

762 1349 805 1464 sunt
761 1497 808 1645 verba
745 1680 813 1976 κρεμαμένῃ
747 2011 811 2144 πρὸς
759 2160 810 2343 ποδῶν
749 2366 814 2685 Εὐριπίδου,
749 2723 811 2895 quibus
764 2922 813 3032 Ari-

666 1348 728 1615 stophanes
682 1651 730 1800 fidem
681 1836 727 1908 rei
680 1942 728 2095 totius
680 2121 727 2181 ab
665 2211 729 2460 Euripidis
682 2497 730 2791 auctoritate
667 2814 733 3033 pendere

586 1346 649 1534 (neque
599 1585 648 1713 enim
584 1763 648 1982 priorum
582 2030 642 2288 poetarum
584 2326 647 2579 quisquam
601 2624 649 2741 talia
602 2785 650 2848 de
602 2883 652 3034 Inone
