<?xml version="1.0" encoding="UTF-8"?>
<!DOCTYPE html PUBLIC "-//W3C//DTD XHTML 1.0 Transitional//EN"
    "http://www.w3.org/TR/xhtml1/DTD/xhtml1-transitional.dtd">
<html xmlns="http://www.w3.org/1999/xhtml" xml:lang="en" lang="en">
 <head>
  <title>
</title>
<meta http-equiv="Content-Type" content="text/html;charset=utf-8" />
  <meta name='ocr-system' content='tesseract 3.04.00' />
  <meta name='ocr-capabilities' content='ocr_page ocr_carea ocr_par ocr_line ocrx_word'/>
</head>
<body>
  <div class='ocr_page' id='page_1' title='image "./euripidesrestitu00hartuoft_raw_0189.png"; bbox 0 0 5010 3336; ppageno 0'>
   <div class='ocr_carea' id='block_1_1' title="bbox 1160 3332 3889 3336">
    <p class='ocr_par' dir='ltr' id='par_1_1' title="bbox 1160 3332 3889 3336">
     <span class='ocr_line' id='line_1_1' title="bbox 1160 3332 3889 3336; textangle 90"><span class='ocrx_word' id='word_1_1' title='bbox 1160 3332 3889 3336; x_wconf 95' lang='lat' dir='ltr'><strong> </strong></span> 
     </span>
    </p>
   </div>
   <div class='ocr_carea' id='block_1_2' title="bbox 1578 3332 3889 3336">
    <p class='ocr_par' dir='ltr' id='par_1_2' title="bbox 1578 3332 3889 3336">
     <span class='ocr_line' id='line_1_2' title="bbox 1578 3332 3889 3336; textangle 90"><span class='ocrx_word' id='word_1_2' title='bbox 1578 3332 3889 3336; x_wconf 95' lang='lat' dir='ltr'><strong> </strong></span> 
     </span>
    </p>
   </div>
   <div class='ocr_carea' id='block_1_3' title="bbox 3118 3279 3144 3296">
    <p class='ocr_par' dir='ltr' id='par_1_3' title="bbox 3118 3279 3144 3296">
     <span class='ocr_line' id='line_1_3' title="bbox 3118 3279 3144 3296; textangle 90"><span class='ocrx_word' id='word_1_3' title='bbox 3118 3279 3144 3296; x_wconf 78' lang='lat' dir='ltr'><strong>ll</strong></span> 
     </span>
    </p>
   </div>
   <div class='ocr_carea' id='block_1_4' title="bbox 4 3336 3336 3336">
    <p class='ocr_par' dir='ltr' id='par_1_4' title="bbox 4 3336 3336 3336">
     <span class='ocr_line' id='line_1_4' title="bbox 4 3336 1103 3336; textangle 90"><span class='ocrx_word' id='word_1_4' title='bbox 4 3336 533 3336; x_wconf 95' lang='lat' dir='ltr'><strong> </strong></span> <span class='ocrx_word' id='word_1_5' title='bbox 4 3336 1103 3336; x_wconf 95' lang='lat' dir='ltr'><strong> </strong></span> 
     </span>
     <span class='ocr_line' id='line_1_5' title="bbox 4 3336 3336 3336; textangle 90"><span class='ocrx_word' id='word_1_6' title='bbox 4 3336 3336 3336; x_wconf 95' lang='lat' dir='ltr'><strong>                                               </strong></span> 
     </span>
    </p>
   </div>
   <div class='ocr_carea' id='block_1_5' title="bbox 1046 2119 1100 2233">
    <p class='ocr_par' dir='ltr' id='par_1_5' title="bbox 1046 2119 1100 2233">
     <span class='ocr_line' id='line_1_6' title="bbox 1046 2119 1100 2233; textangle 90"><span class='ocrx_word' id='word_1_7' title='bbox 1046 2119 1100 2233; x_wconf 73' lang='lat'><strong>171</strong></span> 
     </span>
    </p>
   </div>
   <div class='ocr_carea' id='block_1_6' title="bbox 1183 706 4242 3004">
    <p class='ocr_par' dir='ltr' id='par_1_6' title="bbox 1183 706 4242 3004">
     <span class='ocr_line' id='line_1_7' title="bbox 1183 1338 1248 3004; textangle 90"><span class='ocrx_word' id='word_1_8' title='bbox 1200 2865 1248 3004; x_wconf 92' lang='lat' dir='ltr'><strong>cione</strong></span> <span class='ocrx_word' id='word_1_9' title='bbox 1203 2764 1247 2815; x_wconf 87' lang='lat' dir='ltr'><strong>et</strong></span> <span class='ocrx_word' id='word_1_10' title='bbox 1195 2580 1245 2717; x_wconf 87' lang='lat' dir='ltr'><strong>falsis</strong></span> <span class='ocrx_word' id='word_1_11' title='bbox 1191 2130 1243 2542; x_wconf 82' lang='lat' dir='ltr'><strong>criminationibus</strong></span> <span class='ocrx_word' id='word_1_12' title='bbox 1190 1897 1236 2095; x_wconf 90' lang='lat' dir='ltr'><strong>ductum</strong></span> <span class='ocrx_word' id='word_1_13' title='bbox 1187 1662 1235 1863; x_wconf 83' lang='lat' dir='ltr'><strong>Atreum</strong></span> <span class='ocrx_word' id='word_1_14' title='bbox 1183 1516 1232 1627; x_wconf 91' lang='lat' dir='ltr'><strong>dolo</strong></span> <span class='ocrx_word' id='word_1_15' title='bbox 1185 1338 1243 1480; x_wconf 84' lang='lat' dir='ltr'><strong>atque</strong></span> 
     </span>
     <span class='ocr_line' id='line_1_8' title="bbox 1260 1338 1336 3002; textangle 90"><span class='ocrx_word' id='word_1_16' title='bbox 1280 2801 1327 3002; x_wconf 84' lang='lat' dir='ltr'><strong>saevitia</strong></span> <span class='ocrx_word' id='word_1_17' title='bbox 1279 2707 1324 2756; x_wconf 91' lang='lat' dir='ltr'><strong>in</strong></span> <span class='ocrx_word' id='word_1_18' title='bbox 1276 2456 1324 2660; x_wconf 83' lang='lat' dir='ltr'><strong>fratrem</strong></span> <span class='ocrx_word' id='word_1_19' title='bbox 1275 2138 1336 2408; x_wconf 80' lang='lat' dir='ltr'><strong>grassatum</strong></span> <span class='ocrx_word' id='word_1_20' title='bbox 1283 1980 1315 2090; x_wconf 89' lang='lat' dir='ltr'><strong>esse</strong></span> <span class='ocrx_word' id='word_1_21' title='bbox 1265 1888 1327 1953; x_wconf 72' lang='lat'><strong>²¹³.)</strong></span> <span class='ocrx_word' id='word_1_22' title='bbox 1266 1663 1313 1818; x_wconf 88' lang='lat' dir='ltr'><strong>Recte</strong></span> <span class='ocrx_word' id='word_1_23' title='bbox 1268 1469 1312 1629; x_wconf 85' lang='lat' dir='ltr'><strong>autem</strong></span> <span class='ocrx_word' id='word_1_24' title='bbox 1260 1338 1306 1435; x_wconf 88' lang='lat' dir='ltr'><strong>iam</strong></span> 
     </span>
     <span class='ocr_line' id='line_1_9' title="bbox 1340 1333 1414 3003; textangle 90"><span class='ocrx_word' id='word_1_25' title='bbox 1359 2751 1407 3003; x_wconf 84' lang='lat' dir='ltr'><strong>Fabricius</strong></span> <span class='ocrx_word' id='word_1_26' title='bbox 1358 2498 1405 2715; x_wconf 79' lang='lat' dir='ltr'><strong>Senecae</strong></span> <span class='ocrx_word' id='word_1_27' title='bbox 1351 2137 1414 2462; x_wconf 78' lang='lat' dir='ltr'><strong>tragoediam,</strong></span> <span class='ocrx_word' id='word_1_28' title='bbox 1362 1962 1409 2086; x_wconf 85' lang='lat' dir='ltr'><strong>quae</strong></span> <span class='ocrx_word' id='word_1_29' title='bbox 1344 1667 1405 1915; x_wconf 68' lang='lat' dir='ltr'><strong>Thyestes</strong></span> <span class='ocrx_word' id='word_1_30' title='bbox 1340 1333 1397 1633; x_wconf 78' lang='lat' dir='ltr'><strong>inscribitur,</strong></span> 
     </span>
     <span class='ocr_line' id='line_1_10' title="bbox 1419 1332 1487 2999; textangle 90"><span class='ocrx_word' id='word_1_31' title='bbox 1439 2729 1487 2999; x_wconf 82' lang='lat' dir='ltr'><strong>imitatione</strong></span> <span class='ocrx_word' id='word_1_32' title='bbox 1437 2406 1483 2691; x_wconf 83' lang='lat' dir='ltr'><strong>Cressarum</strong></span> <span class='ocrx_word' id='word_1_33' title='bbox 1434 2211 1476 2371; x_wconf 89' lang='lat' dir='ltr'><strong>natam</strong></span> <span class='ocrx_word' id='word_1_34' title='bbox 1443 2063 1475 2173; x_wconf 82' lang='lat' dir='ltr'><strong>esse</strong></span> <span class='ocrx_word' id='word_1_35' title='bbox 1424 1753 1472 2011; x_wconf 80' lang='lat' dir='ltr'><strong>intellexit.</strong></span> <span class='ocrx_word' id='word_1_36' title='bbox 1424 1536 1469 1683; x_wconf 85' lang='lat' dir='ltr'><strong>Certe</strong></span> <span class='ocrx_word' id='word_1_37' title='bbox 1419 1332 1484 1491; x_wconf 89' lang='lat' dir='ltr'><strong>plera-</strong></span> 
     </span>
     <span class='ocr_line' id='line_1_11' title="bbox 1501 1332 1581 2997; textangle 90"><span class='ocrx_word' id='word_1_38' title='bbox 1536 2903 1581 2997; x_wconf 91' lang='lat' dir='ltr'><strong>que</strong></span> <span class='ocrx_word' id='word_1_39' title='bbox 1518 2808 1564 2868; x_wconf 91' lang='lat' dir='ltr'><strong>de</strong></span> <span class='ocrx_word' id='word_1_40' title='bbox 1514 2535 1577 2771; x_wconf 81' lang='lat' dir='ltr'><strong>Euripide</strong></span> <span class='ocrx_word' id='word_1_41' title='bbox 1510 2259 1572 2499; x_wconf 79' lang='lat' dir='ltr'><strong>expressit</strong></span> <span class='ocrx_word' id='word_1_42' title='bbox 1506 2023 1565 2225; x_wconf 77' lang='lat' dir='ltr'><strong>Seneca,</strong></span> <span class='ocrx_word' id='word_1_43' title='bbox 1504 1900 1551 1987; x_wconf 86' lang='lat' dir='ltr'><strong>sed</strong></span> <span class='ocrx_word' id='word_1_44' title='bbox 1502 1639 1550 1863; x_wconf 87' lang='lat' dir='ltr'><strong>nonnulla</strong></span> <span class='ocrx_word' id='word_1_45' title='bbox 1501 1468 1548 1612; x_wconf 87' lang='lat' dir='ltr'><strong>etiam</strong></span> <span class='ocrx_word' id='word_1_46' title='bbox 1515 1332 1545 1438; x_wconf 58' lang='lat' dir='ltr'><strong>mua</strong></span> 
     </span>
     <span class='ocr_line' id='line_1_12' title="bbox 1578 1330 1653 2995; textangle 90"><span class='ocrx_word' id='word_1_47' title='bbox 1598 2846 1645 2995; x_wconf 80' lang='lat' dir='ltr'><strong>tavit:</strong></span> <span class='ocrx_word' id='word_1_48' title='bbox 1596 2666 1643 2809; x_wconf 79' lang='lat' dir='ltr'><strong>eiecit</strong></span> <span class='ocrx_word' id='word_1_49' title='bbox 1594 2505 1639 2631; x_wconf 89' lang='lat' dir='ltr'><strong>enim</strong></span> <span class='ocrx_word' id='word_1_50' title='bbox 1604 2211 1653 2469; x_wconf 81' lang='lat' dir='ltr'><strong>personam</strong></span> <span class='ocrx_word' id='word_1_51' title='bbox 1588 1959 1647 2184; x_wconf 88' lang='lat' dir='ltr'><strong>Aeropae</strong></span> <span class='ocrx_word' id='word_1_52' title='bbox 1588 1876 1630 1925; x_wconf 92' lang='lat' dir='ltr'><strong>et</strong></span> <span class='ocrx_word' id='word_1_53' title='bbox 1580 1596 1628 1853; x_wconf 75' lang='lat' dir='ltr'><strong>inculcavit</strong></span> <span class='ocrx_word' id='word_1_54' title='bbox 1578 1330 1641 1561; x_wconf 83' lang='lat' dir='ltr'><strong>quaedam</strong></span> 
     </span>
     <span class='ocr_line' id='line_1_13' title="bbox 1657 1326 1738 2992; textangle 90"><span class='ocrx_word' id='word_1_55' title='bbox 1694 2934 1724 2992; x_wconf 87' lang='lat' dir='ltr'><strong>ex</strong></span> <span class='ocrx_word' id='word_1_56' title='bbox 1674 2661 1738 2907; x_wconf 82' lang='lat' dir='ltr'><strong>Sophocle</strong></span> <span class='ocrx_word' id='word_1_57' title='bbox 1673 2364 1733 2631; x_wconf 78' lang='lat' dir='ltr'><strong>depromta.</strong></span> <span class='ocrx_word' id='word_1_58' title='bbox 1668 2240 1714 2313; x_wconf 78' lang='lat' dir='ltr'><strong>Ex</strong></span> <span class='ocrx_word' id='word_1_59' title='bbox 1664 1866 1727 2212; x_wconf 80' lang='lat' dir='ltr'><strong>antiquioribus</strong></span> <span class='ocrx_word' id='word_1_60' title='bbox 1661 1511 1708 1840; x_wconf 83' lang='lat' dir='ltr'><strong>Romanorum</strong></span> <span class='ocrx_word' id='word_1_61' title='bbox 1657 1326 1719 1484; x_wconf 87' lang='lat' dir='ltr'><strong>poetis</strong></span> 
     </span>
     <span class='ocr_line' id='line_1_14' title="bbox 1738 1324 1811 2993; textangle 90"><span class='ocrx_word' id='word_1_62' title='bbox 1772 2899 1803 2993; x_wconf 89' lang='lat' dir='ltr'><strong>non</strong></span> <span class='ocrx_word' id='word_1_63' title='bbox 1753 2678 1802 2863; x_wconf 86' lang='lat' dir='ltr'><strong>Ennius</strong></span> <span class='ocrx_word' id='word_1_64' title='bbox 1757 2442 1798 2626; x_wconf 83' lang='lat' dir='ltr'><strong>tantum</strong></span> <span class='ocrx_word' id='word_1_65' title='bbox 1747 2250 1811 2402; x_wconf 87' lang='lat' dir='ltr'><strong>(quod</strong></span> <span class='ocrx_word' id='word_1_66' title='bbox 1746 2023 1809 2215; x_wconf 85' lang='lat' dir='ltr'><strong>pridem</strong></span> <span class='ocrx_word' id='word_1_67' title='bbox 1760 1961 1791 1988; x_wconf 88' lang='lat' dir='ltr'><strong>a</strong></span> <span class='ocrx_word' id='word_1_68' title='bbox 1740 1606 1791 1927; x_wconf 86' lang='lat' dir='ltr'><strong>Valckenario</strong></span> <span class='ocrx_word' id='word_1_69' title='bbox 1738 1324 1799 1568; x_wconf 79' lang='lat' dir='ltr'><strong>cognitum</strong></span> 
     </span>
     <span class='ocr_line' id='line_1_15' title="bbox 1814 1319 1896 2990; textangle 90"><span class='ocrx_word' id='word_1_70' title='bbox 1833 2873 1896 2990; x_wconf 88' lang='lat' dir='ltr'><strong>est),</strong></span> <span class='ocrx_word' id='word_1_71' title='bbox 1834 2749 1881 2835; x_wconf 89' lang='lat' dir='ltr'><strong>sed</strong></span> <span class='ocrx_word' id='word_1_72' title='bbox 1832 2550 1879 2713; x_wconf 85' lang='lat' dir='ltr'><strong>Attius</strong></span> <span class='ocrx_word' id='word_1_73' title='bbox 1844 2322 1890 2514; x_wconf 84' lang='lat' dir='ltr'><strong>quoque</strong></span> <span class='ocrx_word' id='word_1_74' title='bbox 1826 2084 1873 2285; x_wconf 84' lang='lat' dir='ltr'><strong>Cressas</strong></span> <span class='ocrx_word' id='word_1_75' title='bbox 1824 1904 1871 2050; x_wconf 87' lang='lat' dir='ltr'><strong>latine</strong></span> <span class='ocrx_word' id='word_1_76' title='bbox 1820 1571 1876 1870; x_wconf 85' lang='lat' dir='ltr'><strong>reddiderat,</strong></span> <span class='ocrx_word' id='word_1_77' title='bbox 1817 1484 1863 1535; x_wconf 88' lang='lat' dir='ltr'><strong>id</strong></span> <span class='ocrx_word' id='word_1_78' title='bbox 1814 1319 1877 1449; x_wconf 91' lang='lat' dir='ltr'><strong>quod</strong></span> 
     </span>
     <span class='ocr_line' id='line_1_16' title="bbox 1896 1320 1969 2989; textangle 90"><span class='ocrx_word' id='word_1_79' title='bbox 1930 2879 1962 2989; x_wconf 90' lang='lat' dir='ltr'><strong>eum</strong></span> <span class='ocrx_word' id='word_1_80' title='bbox 1913 2742 1959 2845; x_wconf 83' lang='lat' dir='ltr'><strong>aliis</strong></span> <span class='ocrx_word' id='word_1_81' title='bbox 1926 2645 1958 2705; x_wconf 86' lang='lat' dir='ltr'><strong>ex</strong></span> <span class='ocrx_word' id='word_1_82' title='bbox 1910 2467 1957 2611; x_wconf 87' lang='lat' dir='ltr'><strong>rebus</strong></span> <span class='ocrx_word' id='word_1_83' title='bbox 1912 2326 1954 2431; x_wconf 88' lang='lat' dir='ltr'><strong>tum</strong></span> <span class='ocrx_word' id='word_1_84' title='bbox 1905 2180 1953 2292; x_wconf 90' lang='lat' dir='ltr'><strong>inde</strong></span> <span class='ocrx_word' id='word_1_85' title='bbox 1910 1980 1969 2145; x_wconf 78' lang='lat' dir='ltr'><strong>patet,</strong></span> <span class='ocrx_word' id='word_1_86' title='bbox 1901 1797 1964 1929; x_wconf 89' lang='lat' dir='ltr'><strong>quod</strong></span> <span class='ocrx_word' id='word_1_87' title='bbox 1898 1635 1963 1761; x_wconf 89' lang='lat' dir='ltr'><strong>apud</strong></span> <span class='ocrx_word' id='word_1_88' title='bbox 1911 1487 1944 1599; x_wconf 91' lang='lat' dir='ltr'><strong>eum</strong></span> <span class='ocrx_word' id='word_1_89' title='bbox 1896 1320 1942 1438; x_wconf 89' lang='lat' dir='ltr'><strong>ite-</strong></span> 
     </span>
     <span class='ocr_line' id='line_1_17' title="bbox 1986 1820 2049 2988; textangle 90"><span class='ocrx_word' id='word_1_90' title='bbox 1998 2807 2041 2988; x_wconf 85' lang='lat' dir='ltr'><strong>ratae</strong></span> <span class='ocrx_word' id='word_1_91' title='bbox 1989 2585 2038 2773; x_wconf 86' lang='lat' dir='ltr'><strong>sraudis</strong></span> <span class='ocrx_word' id='word_1_92' title='bbox 1988 2294 2049 2549; x_wconf 82' lang='lat' dir='ltr'><strong>Thyesten</strong></span> <span class='ocrx_word' id='word_1_93' title='bbox 1986 2082 2033 2257; x_wconf 88' lang='lat' dir='ltr'><strong>Atreus</strong></span> <span class='ocrx_word' id='word_1_94' title='bbox 1987 1820 2030 2046; x_wconf 87' lang='lat' dir='ltr'><strong>accusat:</strong></span> 
     </span>
     <span class='ocr_line' id='line_1_18' title="bbox 2054 1407 2130 2857; textangle 90"><span class='ocrx_word' id='word_1_95' title='bbox 2071 2571 2130 2857; x_wconf 73' lang='lat' dir='ltr'><strong>„Iterum</strong></span> <span class='ocrx_word' id='word_1_96' title='bbox 2067 2293 2130 2531; x_wconf 76' lang='lat' dir='ltr'><strong>Thyestes</strong></span> <span class='ocrx_word' id='word_1_97' title='bbox 2064 2039 2112 2257; x_wconf 76' lang='lat' dir='ltr'><strong>Atreum</strong></span> <span class='ocrx_word' id='word_1_98' title='bbox 2064 1670 2108 2001; x_wconf 72' lang='lat' dir='ltr'><strong>albreetatum</strong></span> <span class='ocrx_word' id='word_1_99' title='bbox 2054 1407 2114 1633; x_wconf 76' lang='lat' dir='ltr'><strong>advenit,</strong></span> 
     </span>
     <span class='ocr_line' id='line_1_19' title="bbox 2130 1314 2210 2854; textangle 90"><span class='ocrx_word' id='word_1_100' title='bbox 2150 2794 2198 2854; x_wconf 80' lang='lat' dir='ltr'><strong>lt</strong></span> <span class='ocrx_word' id='word_1_101' title='bbox 2165 2602 2197 2775; x_wconf 74' lang='lat' dir='ltr'><strong>erum</strong></span> <span class='ocrx_word' id='word_1_102' title='bbox 2149 2473 2195 2579; x_wconf 79' lang='lat' dir='ltr'><strong>iam</strong></span> <span class='ocrx_word' id='word_1_103' title='bbox 2145 2143 2210 2445; x_wconf 75' lang='lat' dir='ltr'><strong>adgreditur</strong></span> <span class='ocrx_word' id='word_1_104' title='bbox 2160 2037 2190 2116; x_wconf 77' lang='lat' dir='ltr'><strong>me</strong></span> <span class='ocrx_word' id='word_1_105' title='bbox 2150 1958 2190 2006; x_wconf 81' lang='lat' dir='ltr'><strong>et</strong></span> <span class='ocrx_word' id='word_1_106' title='bbox 2142 1715 2206 1941; x_wconf 79' lang='lat' dir='ltr'><strong>quietum</strong></span> <span class='ocrx_word' id='word_1_107' title='bbox 2130 1314 2184 1700; x_wconf 65' lang='lat' dir='ltr'><strong>exsuscitat&#39;’—-</strong></span> 
     </span>
     <span class='ocr_line' id='line_1_20' title="bbox 2210 1311 2294 2984; textangle 90"><span class='ocrx_word' id='word_1_108' title='bbox 2230 2759 2294 2984; x_wconf 88' lang='lat' dir='ltr'><strong>quodque</strong></span> <span class='ocrx_word' id='word_1_109' title='bbox 2229 2535 2292 2723; x_wconf 89' lang='lat' dir='ltr'><strong>priores</strong></span> <span class='ocrx_word' id='word_1_110' title='bbox 2227 2280 2285 2499; x_wconf 80' lang='lat' dir='ltr'><strong>fraudes,</strong></span> <span class='ocrx_word' id='word_1_111' title='bbox 2226 2070 2288 2242; x_wconf 90' lang='lat' dir='ltr'><strong>quibus</strong></span> <span class='ocrx_word' id='word_1_112' title='bbox 2238 1836 2270 2034; x_wconf 87' lang='lat' dir='ltr'><strong>aureum</strong></span> <span class='ocrx_word' id='word_1_113' title='bbox 2233 1625 2280 1799; x_wconf 81' lang='lat' dir='ltr'><strong>agnum</strong></span> <span class='ocrx_word' id='word_1_114' title='bbox 2215 1422 2277 1591; x_wconf 81' lang='lat' dir='ltr'><strong>regina</strong></span> <span class='ocrx_word' id='word_1_115' title='bbox 2210 1311 2259 1397; x_wconf 90' lang='lat' dir='ltr'><strong>ad-</strong></span> 
     </span>
     <span class='ocr_line' id='line_1_21' title="bbox 2298 1312 2371 2983; textangle 90"><span class='ocrx_word' id='word_1_116' title='bbox 2311 2788 2358 2983; x_wconf 84' lang='lat' dir='ltr'><strong>iuvante</strong></span> <span class='ocrx_word' id='word_1_117' title='bbox 2308 2484 2371 2751; x_wconf 82' lang='lat' dir='ltr'><strong>surripuit,</strong></span> <span class='ocrx_word' id='word_1_118' title='bbox 2306 2255 2369 2448; x_wconf 84' lang='lat' dir='ltr'><strong>pridem</strong></span> <span class='ocrx_word' id='word_1_119' title='bbox 2304 2142 2352 2219; x_wconf 74' lang='lat' dir='ltr'><strong>vel</strong></span> <span class='ocrx_word' id='word_1_120' title='bbox 2300 1802 2365 2107; x_wconf 88' lang='lat' dir='ltr'><strong>quondam</strong></span> <span class='ocrx_word' id='word_1_121' title='bbox 2298 1603 2343 1767; x_wconf 83' lang='lat' dir='ltr'><strong>factae</strong></span> <span class='ocrx_word' id='word_1_122' title='bbox 2309 1456 2342 1567; x_wconf 89' lang='lat' dir='ltr'><strong>esse</strong></span> <span class='ocrx_word' id='word_1_123' title='bbox 2306 1312 2339 1422; x_wconf 85' lang='lat' dir='ltr'><strong>nar-</strong></span> 
     </span>
     <span class='ocr_line' id='line_1_22' title="bbox 2394 2784 2438 2980; textangle 90"><span class='ocrx_word' id='word_1_124' title='bbox 2394 2784 2438 2980; x_wconf 79' lang='lat' dir='ltr'><strong>rantur:</strong></span> 
     </span>
     <span class='ocr_line' id='line_1_23' title="bbox 2461 1572 2530 2847; textangle 90"><span class='ocrx_word' id='word_1_125' title='bbox 2467 2604 2530 2847; x_wconf 75' lang='lat' dir='ltr'><strong>„Agmcm</strong></span> <span class='ocrx_word' id='word_1_126' title='bbox 2467 2434 2513 2571; x_wconf 73' lang='lat' dir='ltr'><strong>inter</strong></span> <span class='ocrx_word' id='word_1_127' title='bbox 2463 2178 2529 2402; x_wconf 73' lang='lat' dir='ltr'><strong>pecudes</strong></span> <span class='ocrx_word' id='word_1_128' title='bbox 2477 1979 2509 2141; x_wconf 80' lang='lat' dir='ltr'><strong>aurea</strong></span> <span class='ocrx_word' id='word_1_129' title='bbox 2461 1750 2508 1941; x_wconf 77' lang='lat' dir='ltr'><strong>clarum</strong></span> <span class='ocrx_word' id='word_1_130' title='bbox 2472 1572 2505 1713; x_wconf 83' lang='lat' dir='ltr'><strong>coma</strong></span> 
     </span>
     <span class='ocr_line' id='line_1_24' title="bbox 2531 1305 2608 2842; textangle 90"><span class='ocrx_word' id='word_1_131' title='bbox 2545 2502 2608 2842; x_wconf 72' lang='lat' dir='ltr'><strong>Quondam</strong></span> <span class='ocrx_word' id='word_1_132' title='bbox 2545 2186 2607 2451; x_wconf 71' lang='lat' dir='ltr'><strong>Thyestem</strong></span> <span class='ocrx_word' id='word_1_133' title='bbox 2543 1933 2605 2132; x_wconf 75' lang='lat' dir='ltr'><strong>clepere</strong></span> <span class='ocrx_word' id='word_1_134' title='bbox 2555 1720 2587 1896; x_wconf 77' lang='lat' dir='ltr'><strong>ausum</strong></span> <span class='ocrx_word' id='word_1_135' title='bbox 2552 1578 2584 1683; x_wconf 79' lang='lat' dir='ltr'><strong>esse</strong></span> <span class='ocrx_word' id='word_1_136' title='bbox 2551 1514 2581 1541; x_wconf 81' lang='lat' dir='ltr'><strong>e</strong></span> <span class='ocrx_word' id='word_1_137' title='bbox 2531 1305 2595 1469; x_wconf 71' lang='lat' dir='ltr'><strong>regia,</strong></span> 
     </span>
     <span class='ocr_line' id='line_1_25' title="bbox 2614 1558 2687 2841; textangle 90"><span class='ocrx_word' id='word_1_138' title='bbox 2627 2727 2687 2841; x_wconf 71' lang='lat' dir='ltr'><strong>Qua</strong></span> <span class='ocrx_word' id='word_1_139' title='bbox 2627 2639 2672 2694; x_wconf 78' lang='lat' dir='ltr'><strong>in</strong></span> <span class='ocrx_word' id='word_1_140' title='bbox 2642 2548 2672 2605; x_wconf 77' lang='lat' dir='ltr'><strong>re</strong></span> <span class='ocrx_word' id='word_1_141' title='bbox 2624 2205 2671 2511; x_wconf 75' lang='lat' dir='ltr'><strong>acliutrieem</strong></span> <span class='ocrx_word' id='word_1_142' title='bbox 2622 1902 2683 2168; x_wconf 75' lang='lat' dir='ltr'><strong>coniugem</strong></span> <span class='ocrx_word' id='word_1_143' title='bbox 2620 1735 2683 1866; x_wconf 72' lang='lat' dir='ltr'><strong>cepit</strong></span> <span class='ocrx_word' id='word_1_144' title='bbox 2614 1558 2666 1702; x_wconf 74' lang='lat' dir='ltr'><strong>sibi.&#39;&#39;</strong></span> 
     </span>
     <span class='ocr_line' id='line_1_26' title="bbox 2694 1299 2771 2975; textangle 90"><span class='ocrx_word' id='word_1_145' title='bbox 2705 2828 2771 2975; x_wconf 88' lang='lat' dir='ltr'><strong>Apud</strong></span> <span class='ocrx_word' id='word_1_146' title='bbox 2705 2487 2768 2782; x_wconf 84' lang='lat' dir='ltr'><strong>Sophoclem</strong></span> <span class='ocrx_word' id='word_1_147' title='bbox 2704 2315 2751 2441; x_wconf 90' lang='lat' dir='ltr'><strong>enim</strong></span> <span class='ocrx_word' id='word_1_148' title='bbox 2718 2211 2749 2268; x_wconf 86' lang='lat' dir='ltr'><strong>ea</strong></span> <span class='ocrx_word' id='word_1_149' title='bbox 2701 2003 2749 2163; x_wconf 86' lang='lat' dir='ltr'><strong>omnia</strong></span> <span class='ocrx_word' id='word_1_150' title='bbox 2699 1677 2762 1958; x_wconf 86' lang='lat' dir='ltr'><strong>nuperrime</strong></span> <span class='ocrx_word' id='word_1_151' title='bbox 2695 1499 2742 1628; x_wconf 86' lang='lat' dir='ltr'><strong>facta</strong></span> <span class='ocrx_word' id='word_1_152' title='bbox 2694 1299 2749 1451; x_wconf 75' lang='lat' dir='ltr'><strong>erant,</strong></span> 
     </span>
     <span class='ocr_line' id='line_1_27' title="bbox 2772 1298 2849 2975; textangle 90"><span class='ocrx_word' id='word_1_153' title='bbox 2803 2815 2849 2975; x_wconf 88' lang='lat' dir='ltr'><strong>neque</strong></span> <span class='ocrx_word' id='word_1_154' title='bbox 2800 2577 2847 2782; x_wconf 83' lang='lat' dir='ltr'><strong>regnum</strong></span> <span class='ocrx_word' id='word_1_155' title='bbox 2789 2372 2831 2542; x_wconf 87' lang='lat' dir='ltr'><strong>tenens</strong></span> <span class='ocrx_word' id='word_1_156' title='bbox 2784 2167 2831 2347; x_wconf 85' lang='lat' dir='ltr'><strong>Atreus</strong></span> <span class='ocrx_word' id='word_1_157' title='bbox 2784 1854 2827 2133; x_wconf 79' lang='lat' dir='ltr'><strong>revocatum</strong></span> <span class='ocrx_word' id='word_1_158' title='bbox 2778 1760 2824 1818; x_wconf 89' lang='lat' dir='ltr'><strong>ab</strong></span> <span class='ocrx_word' id='word_1_159' title='bbox 2775 1554 2824 1721; x_wconf 84' lang='lat' dir='ltr'><strong>exsilio</strong></span> <span class='ocrx_word' id='word_1_160' title='bbox 2772 1298 2829 1518; x_wconf 86' lang='lat' dir='ltr'><strong>fratrem,</strong></span> 
     </span>
     <span class='ocr_line' id='line_1_28' title="bbox 2850 1296 2930 2970; textangle 90"><span class='ocrx_word' id='word_1_161' title='bbox 2867 2882 2916 2970; x_wconf 90' lang='lat' dir='ltr'><strong>sed</strong></span> <span class='ocrx_word' id='word_1_162' title='bbox 2882 2687 2930 2837; x_wconf 79' lang='lat' dir='ltr'><strong>regno</strong></span> <span class='ocrx_word' id='word_1_163' title='bbox 2865 2534 2928 2642; x_wconf 84' lang='lat' dir='ltr'><strong>ipse</strong></span> <span class='ocrx_word' id='word_1_164' title='bbox 2865 2275 2927 2488; x_wconf 77' lang='lat' dir='ltr'><strong>privatus</strong></span> <span class='ocrx_word' id='word_1_165' title='bbox 2866 1957 2925 2239; x_wconf 79' lang='lat' dir='ltr'><strong>regnantem</strong></span> <span class='ocrx_word' id='word_1_166' title='bbox 2857 1577 2905 1921; x_wconf 84' lang='lat' dir='ltr'><strong>ulciscebatur.</strong></span> <span class='ocrx_word' id='word_1_167' title='bbox 2850 1296 2900 1507; x_wconf 86' lang='lat' dir='ltr'><strong>Nomina</strong></span> 
     </span>
     <span class='ocr_line' id='line_1_29' title="bbox 2931 1294 3008 2970; textangle 90"><span class='ocrx_word' id='word_1_168' title='bbox 2953 2807 2996 2970; x_wconf 90' lang='lat' dir='ltr'><strong>autem</strong></span> <span class='ocrx_word' id='word_1_169' title='bbox 2949 2484 3008 2754; x_wconf 87' lang='lat' dir='ltr'><strong>posuerunt</strong></span> <span class='ocrx_word' id='word_1_170' title='bbox 2943 2263 2991 2440; x_wconf 86' lang='lat' dir='ltr'><strong>fabulis</strong></span> <span class='ocrx_word' id='word_1_171' title='bbox 2941 2027 2989 2212; x_wconf 84' lang='lat' dir='ltr'><strong>Ennius</strong></span> <span class='ocrx_word' id='word_1_172' title='bbox 2940 1788 3003 1982; x_wconf 90' lang='lat' dir='ltr'><strong>quidem</strong></span> <span class='ocrx_word' id='word_1_173' title='bbox 2933 1496 2998 1751; x_wconf 46' lang='lat' dir='ltr'><strong>Thyesti&amp;</strong></span> <span class='ocrx_word' id='word_1_174' title='bbox 2931 1294 2979 1458; x_wconf 90' lang='lat' dir='ltr'><strong>Attius</strong></span> 
     </span>
     <span class='ocr_line' id='line_1_30' title="bbox 2995 729 3086 2968; textangle 90"><span class='ocrx_word' id='word_1_175' title='bbox 3032 2805 3076 2968; x_wconf 89' lang='lat' dir='ltr'><strong>autem</strong></span> <span class='ocrx_word' id='word_1_176' title='bbox 3026 2618 3075 2770; x_wconf 89' lang='lat' dir='ltr'><strong>Atrei.</strong></span> <span class='ocrx_word' id='word_1_177' title='bbox 3023 2326 3086 2552; x_wconf 91' lang='lat' dir='ltr'><strong>Utroque</strong></span> <span class='ocrx_word' id='word_1_178' title='bbox 3021 2085 3068 2282; x_wconf 89' lang='lat' dir='ltr'><strong>nomine</strong></span> <span class='ocrx_word' id='word_1_179' title='bbox 3020 1895 3067 2041; x_wconf 88' lang='lat' dir='ltr'><strong>etiam</strong></span> <span class='ocrx_word' id='word_1_180' title='bbox 3016 1595 3081 1843; x_wconf 84' lang='lat' dir='ltr'><strong>Euripidis</strong></span> <span class='ocrx_word' id='word_1_181' title='bbox 3009 1292 3075 1546; x_wconf 78' lang='lat' dir='ltr'><strong>tragoedia</strong></span> <span class='ocrx_word' id='word_1_182' title='bbox 2995 729 3044 734; x_wconf 70' lang='lat' dir='ltr'><strong>l</strong></span> 
     </span>
     <span class='ocr_line' id='line_1_31' title="bbox 3054 728 3172 2968; textangle 90"><span class='ocrx_word' id='word_1_183' title='bbox 3108 2785 3172 2968; x_wconf 85' lang='lat' dir='ltr'><strong>passim</strong></span> <span class='ocrx_word' id='word_1_184' title='bbox 3106 2553 3163 2746; x_wconf 87' lang='lat' dir='ltr'><strong>citatur,</strong></span> <span class='ocrx_word' id='word_1_185' title='bbox 3103 2430 3151 2514; x_wconf 89' lang='lat' dir='ltr'><strong>sed</strong></span> <span class='ocrx_word' id='word_1_186' title='bbox 3102 2086 3164 2394; x_wconf 88' lang='lat' dir='ltr'><strong>frequentius</strong></span> <span class='ocrx_word' id='word_1_187' title='bbox 3099 1816 3161 2050; x_wconf 74' lang='lat' dir='ltr'><strong>Thyestis</strong></span> <span class='ocrx_word' id='word_1_188' title='bbox 3095 1689 3160 1789; x_wconf 80' lang='lat'><strong>**).</strong></span> <span class='ocrx_word' id='word_1_189' title='bbox 3054 728 3135 753; x_wconf 63' lang='lat' dir='ltr'><strong>{l</strong></span> 
     </span>
     <span class='ocr_line' id='line_1_32' title="bbox 3132 726 3278 2835; textangle 90"><span class='ocrx_word' id='word_1_190' title='bbox 3186 2743 3233 2835; x_wconf 88' lang='lat' dir='ltr'><strong>His</strong></span> <span class='ocrx_word' id='word_1_191' title='bbox 3185 2568 3248 2718; x_wconf 78' lang='lat' dir='ltr'><strong>igitur</strong></span> <span class='ocrx_word' id='word_1_192' title='bbox 3183 2337 3230 2544; x_wconf 88' lang='lat' dir='ltr'><strong>ducibus</strong></span> <span class='ocrx_word' id='word_1_193' title='bbox 3181 1911 3241 2312; x_wconf 87' lang='lat' dir='ltr'><strong>adiutoribusque</strong></span> <span class='ocrx_word' id='word_1_194' title='bbox 3183 1676 3236 1889; x_wconf 77' lang='lat' dir='ltr'><strong>utentes,</strong></span> <span class='ocrx_word' id='word_1_195' title='bbox 3174 1444 3222 1640; x_wconf 83' lang='lat' dir='ltr'><strong>fabulae</strong></span> <span class='ocrx_word' id='word_1_196' title='bbox 3174 1289 3219 1420; x_wconf 62' lang='lat' dir='ltr'><strong>stru«</strong></span> <span class='ocrx_word' id='word_1_197' title='bbox 3196 794 3200 795; x_wconf 65' lang='lat'>,</span> <span class='ocrx_word' id='word_1_198' title='bbox 3132 726 3278 753; x_wconf 57' lang='grc' dir='ltr'><strong>«Ιὶ</strong></span> 
     </span>
     <span class='ocr_line' id='line_1_33' title="bbox 3252 1286 3325 2962; textangle 90"><span class='ocrx_word' id='word_1_199' title='bbox 3270 2758 3324 2962; x_wconf 60' lang='grc' dir='ltr'><strong>οῐιηᾞῐῐι,</strong></span> <span class='ocrx_word' id='word_1_200' title='bbox 3263 2531 3325 2721; x_wconf 88' lang='lat' dir='ltr'><strong>qualem</strong></span> <span class='ocrx_word' id='word_1_201' title='bbox 3262 2340 3308 2492; x_wconf 77' lang='lat' dir='ltr'><strong>fuisse</strong></span> <span class='ocrx_word' id='word_1_202' title='bbox 3266 2064 3323 2306; x_wconf 73' lang='lat' dir='ltr'><strong>putamuS,</strong></span> <span class='ocrx_word' id='word_1_203' title='bbox 3259 1737 3307 2029; x_wconf 85' lang='lat' dir='ltr'><strong>adumbrare</strong></span> <span class='ocrx_word' id='word_1_204' title='bbox 3258 1614 3303 1709; x_wconf 84' lang='lat' dir='ltr'><strong>iam</strong></span> <span class='ocrx_word' id='word_1_205' title='bbox 3252 1286 3301 1585; x_wconf 86' lang='lat' dir='ltr'><strong>conabimur.</strong></span> 
     </span>
     <span class='ocr_line' id='line_1_34' title="bbox 3282 725 3462 2831; textangle 90"><span class='ocrx_word' id='word_1_206' title='bbox 3343 2658 3391 2831; x_wconf 89' lang='lat' dir='ltr'><strong>Prodit</strong></span> <span class='ocrx_word' id='word_1_207' title='bbox 3343 2446 3389 2623; x_wconf 87' lang='lat' dir='ltr'><strong>Atreus</strong></span> <span class='ocrx_word' id='word_1_208' title='bbox 3358 2357 3387 2412; x_wconf 87' lang='lat' dir='ltr'><strong>ac</strong></span> <span class='ocrx_word' id='word_1_209' title='bbox 3341 2258 3387 2320; x_wconf 90' lang='lat' dir='ltr'><strong>de</strong></span> <span class='ocrx_word' id='word_1_210' title='bbox 3355 2042 3403 2223; x_wconf 75' lang='lat' dir='ltr'><strong>genere</strong></span> <span class='ocrx_word' id='word_1_211' title='bbox 3354 1902 3396 2007; x_wconf 69' lang='lat' dir='ltr'><strong>suo,</strong></span> <span class='ocrx_word' id='word_1_212' title='bbox 3336 1805 3383 1866; x_wconf 91' lang='lat' dir='ltr'><strong>de</strong></span> <span class='ocrx_word' id='word_1_213' title='bbox 3350 1621 3398 1771; x_wconf 81' lang='lat' dir='ltr'><strong>regno</strong></span> <span class='ocrx_word' id='word_1_214' title='bbox 3334 1427 3395 1585; x_wconf 80' lang='lat' dir='ltr'><strong>deque</strong></span> <span class='ocrx_word' id='word_1_215' title='bbox 3332 1287 3378 1394; x_wconf 80' lang='lat' dir='ltr'><strong>sra—</strong></span> <span class='ocrx_word' id='word_1_216' title='bbox 3282 725 3462 732; x_wconf 70' lang='grc' dir='ltr'>Ι</span> 
     </span>
     <span class='ocr_line' id='line_1_35' title="bbox 3416 1777 3481 2959; textangle 90"><span class='ocrx_word' id='word_1_217' title='bbox 3425 2868 3474 2959; x_wconf 86' lang='lat' dir='ltr'><strong>tris</strong></span> <span class='ocrx_word' id='word_1_218' title='bbox 3422 2442 3471 2832; x_wconf 78' lang='lat' dir='ltr'><strong>contentionibus</strong></span> <span class='ocrx_word' id='word_1_219' title='bbox 3425 2258 3481 2404; x_wconf 85' lang='lat' dir='ltr'><strong>atque</strong></span> <span class='ocrx_word' id='word_1_220' title='bbox 3418 2039 3465 2221; x_wconf 88' lang='lat' dir='ltr'><strong>insidiis</strong></span> <span class='ocrx_word' id='word_1_221' title='bbox 3416 1777 3477 2002; x_wconf 88' lang='lat' dir='ltr'><strong>exponit:</strong></span> 
     </span>
     <span class='ocr_line' id='line_1_36' title="bbox 3451 726 3567 2826; textangle 90"><span class='ocrx_word' id='word_1_222' title='bbox 3503 2689 3564 2826; x_wconf 75' lang='lat' dir='ltr'><strong>„En</strong></span> <span class='ocrx_word' id='word_1_223' title='bbox 3502 2355 3566 2633; x_wconf 79' lang='lat' dir='ltr'><strong>imperio</strong></span> <span class='ocrx_word' id='word_1_224' title='bbox 3499 2093 3561 2297; x_wconf 71' lang='lat' dir='ltr'><strong>Argis</strong></span> <span class='ocrx_word' id='word_1_225' title='bbox 3501 1760 3561 2034; x_wconf 74' lang='lat' dir='ltr'><strong>sceptra</strong></span> <span class='ocrx_word' id='word_1_226' title='bbox 3493 1549 3540 1708; x_wconf 77' lang='lat' dir='ltr'><strong>mihi</strong></span> <span class='ocrx_word' id='word_1_227' title='bbox 3490 1284 3555 1488; x_wconf 78' lang='lat' dir='ltr'><strong>liquit</strong></span> <span class='ocrx_word' id='word_1_228' title='bbox 3451 726 3567 780; x_wconf 60' lang='lat'><strong>⁵⁴</strong></span> 
     </span>
     <span class='ocr_line' id='line_1_37' title="bbox 3571 769 3641 2124; textangle 90"><span class='ocrx_word' id='word_1_229' title='bbox 3576 1970 3624 2124; x_wconf 80' lang='lat' dir='ltr'><strong>Pelo</strong></span> <span class='ocrx_word' id='word_1_230' title='bbox 3592 1874 3641 1962; x_wconf 66' lang='lat' dir='ltr'><strong>ps,</strong></span> <span class='ocrx_word' id='word_1_231' title='bbox 3571 769 3596 773; x_wconf 75' lang='lat'>¹</span> 
     </span>
     <span class='ocr_line' id='line_1_38' title="bbox 3608 768 3728 2818; textangle 90"><span class='ocrx_word' id='word_1_232' title='bbox 3664 2684 3725 2818; x_wconf 73' lang='lat' dir='ltr'><strong>Qua</strong></span> <span class='ocrx_word' id='word_1_233' title='bbox 3668 2451 3728 2653; x_wconf 72' lang='lat' dir='ltr'><strong>ponto</strong></span> <span class='ocrx_word' id='word_1_234' title='bbox 3659 2339 3707 2414; x_wconf 81' lang='lat' dir='ltr'><strong>ab</strong></span> <span class='ocrx_word' id='word_1_235' title='bbox 3656 2071 3705 2302; x_wconf 77' lang='lat' dir='ltr'><strong>Helles</strong></span> <span class='ocrx_word' id='word_1_236' title='bbox 3663 1829 3721 2034; x_wconf 75' lang='lat' dir='ltr'><strong>atque</strong></span> <span class='ocrx_word' id='word_1_237' title='bbox 3654 1720 3701 1792; x_wconf 79' lang='lat' dir='ltr'><strong>ab</strong></span> <span class='ocrx_word' id='word_1_238' title='bbox 3652 1493 3701 1684; x_wconf 81' lang='lat' dir='ltr'><strong>Ionio</strong></span> <span class='ocrx_word' id='word_1_239' title='bbox 3648 1279 3697 1445; x_wconf 82' lang='lat' dir='ltr'><strong>mari</strong></span> <span class='ocrx_word' id='word_1_240' title='bbox 3608 768 3720 772; x_wconf 63' lang='lat' dir='ltr'><strong>l</strong></span> 
     </span>
     <span class='ocr_line' id='line_1_39' title="bbox 3723 706 3808 2811; textangle 90"><span class='ocrx_word' id='word_1_241' title='bbox 3743 2472 3808 2811; x_wconf 80' lang='lat' dir='ltr'><strong>Urguetur</strong></span> <span class='ocrx_word' id='word_1_242' title='bbox 3739 2144 3787 2435; x_wconf 72' lang='lat' dir='ltr'><strong>Isthmus</strong></span> <span class='ocrx_word' id='word_1_243' title='bbox 3762 2013 3771 2076; x_wconf 80' lang='lat'><strong>-—</strong></span> <span class='ocrx_word' id='word_1_244' title='bbox 3763 1881 3770 1946; x_wconf 65' lang='grc'><strong>·-</strong></span> <span class='ocrx_word' id='word_1_245' title='bbox 3761 1751 3771 1815; x_wconf 86' lang='lat'><strong>—-</strong></span> <span class='ocrx_word' id='word_1_246' title='bbox 3759 1621 3770 1684; x_wconf 90' lang='lat'><strong>--</strong></span> <span class='ocrx_word' id='word_1_247' title='bbox 3723 767 3752 771; x_wconf 72' lang='lat'>⁸</span> <span class='ocrx_word' id='word_1_248' title='bbox 3739 706 3762 712; x_wconf 60' lang='grc' dir='ltr'><strong>ι,</strong></span> 
     </span>
     <span class='ocr_line' id='line_1_40' title="bbox 3756 767 3880 2821; textangle 90"><span class='ocrx_word' id='word_1_249' title='bbox 3852 2758 3857 2821; x_wconf 95' lang='grc'><strong>-</strong></span> <span class='ocrx_word' id='word_1_250' title='bbox 3851 2629 3858 2689; x_wconf 89' lang='grc'><strong>-</strong></span> <span class='ocrx_word' id='word_1_251' title='bbox 3848 2498 3857 2557; x_wconf 83' lang='lat'><strong>-—</strong></span> <span class='ocrx_word' id='word_1_252' title='bbox 3821 2238 3867 2430; x_wconf 78' lang='lat' dir='ltr'><strong>simul</strong></span> <span class='ocrx_word' id='word_1_253' title='bbox 3824 2141 3866 2201; x_wconf 75' lang='lat' dir='ltr'><strong>et</strong></span> <span class='ocrx_word' id='word_1_254' title='bbox 3817 1858 3865 2104; x_wconf 75' lang='lat' dir='ltr'><strong>Pisaea</strong></span> <span class='ocrx_word' id='word_1_255' title='bbox 3813 1522 3880 1829; x_wconf 74' lang='lat' dir='ltr'><strong>praemia</strong></span> <span class='ocrx_word' id='word_1_256' title='bbox 3756 767 3874 771; x_wconf 67' lang='lat' dir='ltr'><strong>l</strong></span> 
     </span>
     <span class='ocr_line' id='line_1_41' title="bbox 3928 767 3975 770; textangle 90"><span class='ocrx_word' id='word_1_257' title='bbox 3928 767 3975 770; x_wconf 91' lang='grc' dir='ltr'>Ι</span> 
     </span>
     <span class='ocr_line' id='line_1_42' title="bbox 4093 766 4209 770; textangle 90"><span class='ocrx_word' id='word_1_258' title='bbox 4093 766 4209 770; x_wconf 75' lang='lat' dir='ltr'><strong>l</strong></span> 
     </span>
     <span class='ocr_line' id='line_1_43' title="bbox 4224 766 4242 769; textangle 90"><span class='ocrx_word' id='word_1_259' title='bbox 4224 766 4242 769; x_wconf 62' lang='grc' dir='ltr'>ι</span> 
     </span>
    </p>
   </div>
   <div class='ocr_carea' id='block_1_7' title="bbox 3991 1270 4259 2901">
    <p class='ocr_par' dir='ltr' id='par_1_7' title="bbox 3991 1272 4131 2877">
     <span class='ocr_line' id='line_1_44' title="bbox 3991 1272 4064 2877; textangle 90"><span class='ocrx_word' id='word_1_260' title='bbox 4012 2839 4064 2877; x_wconf 70' lang='grc'><strong>’)</strong></span> <span class='ocrx_word' id='word_1_261' title='bbox 4011 2762 4051 2807; x_wconf 88' lang='lat' dir='ltr'><strong>S.</strong></span> <span class='ocrx_word' id='word_1_262' title='bbox 4024 2687 4050 2730; x_wconf 85' lang='lat' dir='ltr'><strong>v.</strong></span> <span class='ocrx_word' id='word_1_263' title='bbox 4002 2476 4062 2653; x_wconf 72' lang='grc' dir='ltr'><strong>Ἀτρέως</strong></span> <span class='ocrx_word' id='word_1_264' title='bbox 3999 2241 4059 2447; x_wconf 76' lang='grc' dir='ltr'>ὄμματα·</span> <span class='ocrx_word' id='word_1_265' title='bbox 3995 2159 4049 2208; x_wconf 76' lang='grc' dir='ltr'><strong>ὃς</strong></span> <span class='ocrx_word' id='word_1_266' title='bbox 3995 1789 4051 2129; x_wconf 74' lang='grc' dir='ltr'><em>ὑπονοήσας</em></span> <span class='ocrx_word' id='word_1_267' title='bbox 3995 1702 4038 1761; x_wconf 78' lang='grc' dir='ltr'><strong>ἐκ</strong></span> <span class='ocrx_word' id='word_1_268' title='bbox 3991 1391 4049 1671; x_wconf 81' lang='grc' dir='ltr'><em>διαβολῆς</em></span> <span class='ocrx_word' id='word_1_269' title='bbox 3991 1272 4032 1352; x_wconf 83' lang='grc' dir='ltr'><strong>τὸν</strong></span> 
     </span>
     <span class='ocr_line' id='line_1_45' title="bbox 4067 1751 4131 2808; textangle 90"><span class='ocrx_word' id='word_1_270' title='bbox 4076 2608 4131 2808; x_wconf 69' lang='grc' dir='ltr'><em>ἀδελφὸν</em></span> <span class='ocrx_word' id='word_1_271' title='bbox 4074 2372 4127 2573; x_wconf 78' lang='grc' dir='ltr'>Θυέστην</span> <span class='ocrx_word' id='word_1_272' title='bbox 4069 2116 4127 2342; x_wconf 76' lang='grc' dir='ltr'><em>μοιχεύειν</em></span> <span class='ocrx_word' id='word_1_273' title='bbox 4067 1872 4125 2083; x_wconf 72' lang='grc' dir='ltr'><strong><em>Ἀερόπην</em></strong></span> <span class='ocrx_word' id='word_1_274' title='bbox 4071 1751 4109 1843; x_wconf 76' lang='grc' dir='ltr'><strong>κτλ.</strong></span> 
     </span>
    </p>

    <p class='ocr_par' dir='ltr' id='par_1_8' title="bbox 4133 1270 4203 2901">
     <span class='ocr_line' id='line_1_46' title="bbox 4133 1270 4203 2901; textangle 90"><span class='ocrx_word' id='word_1_275' title='bbox 4152 2843 4203 2901; x_wconf 66' lang='grc' dir='ltr'><strong>Η)</strong></span> <span class='ocrx_word' id='word_1_276' title='bbox 4150 2742 4190 2809; x_wconf 88' lang='lat' dir='ltr'><strong>Cf.</strong></span> <span class='ocrx_word' id='word_1_277' title='bbox 4148 2540 4190 2706; x_wconf 80' lang='lat' dir='ltr'><strong>Welck.</strong></span> <span class='ocrx_word' id='word_1_278' title='bbox 4161 2466 4199 2509; x_wconf 89' lang='lat' dir='ltr'><strong>p.</strong></span> <span class='ocrx_word' id='word_1_279' title='bbox 4143 2354 4185 2437; x_wconf 75' lang='lat'><strong>675</strong></span> <span class='ocrx_word' id='word_1_280' title='bbox 4158 2210 4197 2324; x_wconf 67' lang='lat' dir='ltr'><strong>seq,</strong></span> <span class='ocrx_word' id='word_1_281' title='bbox 4140 2096 4195 2168; x_wconf 89' lang='lat' dir='ltr'><strong>qui</strong></span> <span class='ocrx_word' id='word_1_282' title='bbox 4139 1891 4194 2066; x_wconf 89' lang='lat' dir='ltr'><strong>quidem</strong></span> <span class='ocrx_word' id='word_1_283' title='bbox 4137 1742 4181 1863; x_wconf 87' lang='lat' dir='ltr'><strong>Atrei</strong></span> <span class='ocrx_word' id='word_1_284' title='bbox 4148 1563 4177 1723; x_wconf 86' lang='lat' dir='ltr'><strong>nomen</strong></span> <span class='ocrx_word' id='word_1_285' title='bbox 4134 1387 4174 1543; x_wconf 89' lang='lat' dir='ltr'><strong>tollere</strong></span> <span class='ocrx_word' id='word_1_286' title='bbox 4133 1270 4171 1361; x_wconf 71' lang='lat' dir='ltr'><strong>stu-</strong></span> 
     </span>
    </p>

    <p class='ocr_par' dir='ltr' id='par_1_9' title="bbox 4216 2288 4259 2803">
     <span class='ocr_line' id='line_1_47' title="bbox 4216 2288 4259 2803; textangle 90"><span class='ocrx_word' id='word_1_287' title='bbox 4220 2700 4259 2803; x_wconf 86' lang='lat' dir='ltr'><strong>dens</strong></span> <span class='ocrx_word' id='word_1_288' title='bbox 4218 2505 4259 2671; x_wconf 79' lang='lat' dir='ltr'><strong>frustra</strong></span> <span class='ocrx_word' id='word_1_289' title='bbox 4216 2288 4257 2476; x_wconf 82' lang='lat' dir='ltr'><strong>laborat.</strong></span> 
     </span>
    </p>
   </div>
  </div>
 </body>
</html>
