5010 3336
2279 3329 2282 3331 v
2255 3236 2287 3308 ΤΗ.

2904 3227 2933 3311 «313ῖῖ

1072 2098 1128 2216 193

1215 2741 1278 2859 „Ut
1233 2587 1265 2682 me
1216 2154 1282 2532 depositum
1223 2045 1263 2105 et
1223 1606 1267 1995 moerentem
1219 1329 1269 1561 nuntio

1297 1802 1359 2162 repentino
1298 1461 1348 1752 alacrem

1373 2431 1433 2858 Reddidisti,
1390 2305 1421 2378 ac
1390 2180 1420 2271 me
1375 1808 1422 2143 excitasti
1393 1685 1423 1762 ex
1379 1445 1428 1638 luctu
1382 1329 1430 1399 in

1452 1621 1504 2163 laetitudinem.”

1532 2642 1595 2861 Corpore
1530 2429 1577 2607 mortui
1530 2346 1578 2395 in
1546 2114 1579 2310 scenam
1537 1804 1596 2078 reportato,
1535 1593 1597 1757 prodit
1538 1329 1603 1560 Alphesi-

1613 2856 1670 2993 boea,
1626 2695 1658 2820 nunc
1611 2465 1658 2660 demum
1610 2365 1657 2427 de
1610 2243 1667 2331 iiS‚
1627 2084 1673 2205 quae
1615 1910 1674 2050 gesta
1617 1735 1673 1875 sunt,
1616 1507 1665 1686 certior
1620 1331 1670 1475 facta.

1688 2854 1750 2993 Quae
1689 2547 1753 2820 planctibus
1696 2461 1737 2511 et
1688 2209 1737 2428 lamentis
1707 2079 1738 2174 non
1691 1889 1737 2043 solum
1693 1649 1753 1837 mariti,
1698 1514 1745 1602 sed
1714 1330 1749 1466 suam

1784 2800 1832 2992 quoque
1773 2715 1815 2765 et
1769 2415 1818 2682 liberorum
1784 2183 1817 2378 suorum
1775 1964 1817 2146 sortem
1769 1673 1834 1925 deplorat:

1847 2517 1909 2865 „Odiosum
1848 1894 1914 2442 hostificumque
1850 1650 1899 1822 diem
1854 1521 1903 1591 ob
1858 1330 1908 1458 vim

1928 2394 1992 2790 turbamque
1926 1836 1994 2356 adspectumque
1930 1331 1987 1803 horribilem!”

2033 2801 2043 2866 μ,-
2033 2612 2041 2670 —
2032 2414 2042 2476 —a
2033 2215 2041 2279 —-
2035 2022 2043 2082 ——-
2036 1630 2047 1890 ——-——.

2085 2678 2147 2864 „Cum
2086 2486 2152 2632 ipsa
2087 2208 2134 2441 simitu
2088 1774 2137 2174 miseritudo
2107 1463 2143 1740 meorum
2102 1333 2146 1428 est

2166 2047 2214 2175 illa
2167 1699 2219 2011 liberum''
2169 1599 2233 1669 *).

2244 2640 2294 2993 Crudelitatem
2244 2206 2309 2606 impietatemque
2247 2045 2308 2172 patri
2249 1726 2310 2009 exprobrat:

2325 2486 2389 2666 „quis
2322 2249 2371 2450 ducat
2341 2058 2384 2210 esse,
2333 1962 2373 2027 te
2343 1788 2375 1921 cum
2344 1457 2381 1754 socerum
2334 1331 2382 1423 vi-

2402 2133 2449 2167 d
2421 2088 2450 2114 e
2421 2050 2450 2074 r
2406 2018 2451 2035 i
2410 1966 2463 2003 t,

2481 2582 2529 2861 Generis
2486 2352 2528 2546 tanta
2482 1889 2545 2317 impietate22''

2559 2795 2609 2997 Fratres
2565 2585 2609 2747 autem
2561 2276 2623 2540 parricidas
2562 2016 2624 2227 appellat
2578 1823 2627 1982 neque
2566 1635 2615 1789 minus
2568 1334 2634 1600 improbos,

2656 2851 2703 2995 quam
2639 2666 2687 2817 fuerit
2639 2342 2687 2634 Alcmaeon:

2718 2742 2778 2868 „At
2734 2430 2778 2686 vereor,
2734 2235 2767 2372 cum
2720 1894 2783 2186 fratrem
2722 1445 2774 1838 Alcmaeoni
2730 1334 2774 1402 te

2801 1778 2862 2168 essesactis
2801 1420 2854 1744 dedicas.''

2875 2868 2937 2997 Quin
2876 2676 2923 2821 etiam
2880 2422 2924 2631 mortem
2892 2321 2925 2376 se
2877 2216 2925 2273 iis
2878 1942 2928 2182 illaturam
2895 1795 2930 1907 esse
2881 1551 2933 1763 minatur
2900 1429 2949 1519 per
2884 1336 2932 1396 fi-

2954 2909 3003 2998 lios
2954 2565 3004 2874 Alcmaeonis
2955 2214 3019 2528 superstites:

3034 2658 3095 2868 „Duos
3033 2321 3082 2621 deseruit
3035 2035 3084 2285 liberos
3039 1543 3103 2003 superstite-‘52'

3112 2887 3161 2998 Huc
3113 2633 3176 2854 respexit
3112 2317 3177 2599 Propertius
3114 2244 3173 2281 Ι,
3116 2152 3161 2214 14
3114 1992 3179 2116 (15),
3119 1887 3164 1964 15.
3118 1714 3168 1850 hisce
3121 1432 3170 1681 versibus:

3192 2484 3256 2868 „Alphesiboea
3209 2336 3240 2451 suos
3194 2190 3240 2302 ulta
3201 2080 3241 2153 est
3212 1955 3259 2049 pro
3199 1702 3263 1918 coniuge
3200 1466 3262 1681 fratrem

3269 2450 3333 2735 Sanguinis
3278 2364 3317 2413 et
3273 2216 3318 2325 cari
3274 1977 3321 2183 vincula
3278 1802 3340 1943 rupit
3279 1575 3340 1765 amor,’'

3354 2770 3399 2997 conatum
3349 2517 3397 2735 mulieris
3350 2334 3396 2482 instar
3349 2181 3396 2301 facti
3351 1963 3399 2146 dicens.

3429 2720 3477 2867 Pater
3444 2566 3476 2677 cum
3429 2345 3475 2519 sedare
3435 2004 3477 2296 commotum
3430 1823 3479 1955 filiae
3432 1568 3482 1777 animum
3434 1338 3484 1520 frustra

3508 2729 3556 2999 studuisset
3522 2538 3569 2697 neque
3507 2302 3555 2503 efficere
3510 2008 3570 2267 potuisset,
3514 1899 3558 1956 ut
3511 1744 3560 1866 haec
3512 1567 3562 1715 fidem
3513 1337 3577 1540 iuraque

3587 2708 3650 2997 coniugialia
3587 2507 3650 2677 pietati
3593 2154 3651 2473 postponeret
3614 2054 3622 2115 —

3663 2746 3726 2864 εἴπ’,
3664 2666 3713 2709 εἰ
3664 2392 3725 2633 τεκόντος
3663 2202 3715 2357 οὐδὲν
3663 1939 3730 2166 ἐντρέπει
3668 1695 3731 1908 πατρός,

3747 2777 3804 2866 „si
3747 2640 3793 2745 tui
3753 2332 3794 2607 veretur
3752 2233 3793 2299 te
3749 1730 3810 2203 prognatoris‚
3747 1338 3813 1692 cedo’'**)—

3869 2893 3923 2941 >l‘)
3871 2692 3926 2862 Vulgo:
3885 2526 3912 2645 cum
3871 2360 3925 2489 ipsa
3870 2222 3911 2324 sim
3874 2099 3912 2191 eta
3870 1729 3914 2068 miseritudo
3886 1496 3915 1688 eorum
3874 1337 3915 1462 ulla

3945 2768 3980 2858 est
3940 2459 3982 2727 liberum.
3941 2195 3981 2402 Ceterum
3940 2040 3981 2158 filios
3942 1748 3983 2002 Alcmaeoni
3956 1620 3982 1706 non
3946 1424 3983 1592 tantum
3942 1339 3983 1393 de

4008 2589 4063 2855 Callirrhoe,
4011 2469 4051 2546 sed
4010 2306 4050 2439 etiam
4011 2223 4051 2275 de
4010 1898 4063 2195 Alphesiboea
4016 1744 4053 1868 natos
4011 1578 4053 1715 fuisse
4010 1338 4066 1550 intelligi-

4081 2790 4119 2859 tur
4093 2709 4120 2761 ex
4079 2492 4121 2679 Pausan.
4080 2392 4131 2463 vl,
4080 2306 4133 2371 17,
4079 2248 4123 2289 4.
4079 2039 4133 2189 Neque
4084 1856 4122 2002 tamen
4081 1770 4123 1817 hi
4085 1550 4135 1729 patruos
4079 1340 4122 1522 interfe—

4152 2692 4200 2857 cerunt,
4150 2582 4191 2661 sed
4150 2196 4192 2554 communitatem
4163 2018 4191 2167 eorum
4150 1804 4194 1991 vitantes
4152 1463 4206 1777 demigrarunt.

4216 2889 4270 2953 *Ἴ
4216 2662 4261 2859 Alterum
4220 2560 4263 2614 de
4222 2371 4263 2510 altero
4233 2150 4262 2331 versum
4233 1856 4274 2110 expressum
4235 1722 4266 1818 esse
4220 1561 4263 1672 vidit
4219 1342 4275 1523 Bergk„

4292 1666 4339 1729 13
