5010 3336
3929 2148 3986 2263 142

3781 1375 3841 1686 armentaque
3796 1734 3830 1843 cum
3792 1885 3843 2156 hominibus
3791 2201 3840 2352 obviis
3775 2390 3838 2634 perderet.
3789 2701 3839 2752 In
3787 2784 3837 2912 hunc
3770 2946 3834 3033 igi-

3717 1376 3762 1456 tur
3703 1490 3749 1659 aprum
3717 1692 3765 1819 viros
3713 1854 3764 2148 fortissimos
3711 2195 3743 2255 ex
3712 2304 3754 2476 cuncta
3711 2512 3761 2721 Graecia
3708 2756 3756 3037 convocavit

3640 1373 3681 1422 et
3624 1454 3685 1728 praemium
3636 1757 3683 2032 certaminis
3622 2070 3681 2131 ei,
3618 2169 3680 2251 qui
3621 2296 3681 2654 interfecisset,
3614 2701 3678 2882 pellem
3613 2928 3677 3036 apri

3545 1371 3606 1624 proposuit
3558 1658 3600 1750 etc.
3543 1818 3604 1909 Qui
3542 1944 3587 2091 quum
3545 2126 3601 2481 convenissent,
3552 2519 3602 2716 Oeneus
3551 2752 3583 2836 eos
3550 2862 3583 3035 novem

3481 1370 3528 1476 dies
3463 1511 3527 1721 hospitio
3462 1757 3523 1979 excepit,
3475 2019 3524 2209 decimo
3474 2245 3517 2407 autem
3474 2444 3524 2577 etc-⁷⁸
3472 2645 3521 2831 Eadem
3455 2877 3519 3035 Hygi-

3401 1368 3434 1456 nus
3388 1490 3448 1663 refert,
3400 1696 3446 1783 sed
3400 1817 3446 1975 minus
3382 2009 3443 2213 prolixa.

3322 1498 3369 1633 Ilaec
3322 1661 3368 1718 ab
3319 1755 3367 2007 Artemide
3317 2040 3363 2087 in
3316 2124 3347 2267 scena
3300 2303 3362 2522 exposita
3314 2560 3345 2671 esse
3312 2724 3356 2862 recte
3313 2900 3362 3031 Wel-

3243 1367 3290 1540 ckerus
3242 1576 3289 1805 statuisse
3237 1839 3287 2041 videtur.
3220 2108 3285 2396 Fragmenta
3218 2433 3283 2684 Euripidis
3220 2704 3281 2922 Attiique
3235 2950 3266 3033 ex-

3164 1366 3206 1493 stant
3164 1528 3210 1730 haecce:

3083 1496 3134 1761 Καλυδὼν
3065 1793 3132 1888 μὲν
3062 1920 3130 2012 ἥδε
3063 2045 3124 2187 γαῖα,
3066 2225 3127 2487 Πελοπίας
3061 2521 3124 2716 χθονὸς

3002 1493 3054 1551 ἐν
2984 1584 3053 1960 ἀντιπόρθμοις
2997 1994 3047 2122 πεδί’
2981 2158 3047 2328 ἔχουσ’
2980 2364 3046 2672 εὐδαίμονα·

2911 1498 2978 1684 Οἰνεὺς
2920 1718 2971 1763 δ’
2917 1801 2969 2012 ἀνάσσει
2899 2044 2966 2193 τῆςὸἐ
2898 2226 2961 2321 γῆς
2903 2354 2966 2624 Αἰτωλίας,

2825 1494 2889 1821 Πορθάονος
2827 1855 2884 1993 παῖς,
2826 2032 2887 2089 ὅς
2835 2121 2883 2232 ποτ’
2835 2275 2890 2525 Ἀλθαίαν
2819 2559 2881 2727 γαμεῖ,

2743 1490 2810 1670 Λήδας
2743 1705 2810 1948 ὅμαιμον,
2754 1988 2805 2207 Θεστίου
2754 2242 2805 2297 δὲ
2739 2332 2806 2620 παρθένον.

2681 1359 2728 1451 Ilis
2679 1487 2726 1819 subnectenda
2678 1854 2720 1961 sunt
2662 1997 2707 2119 quae
2660 2155 2723 2638 Psemloplutarchus
2675 2685 2723 2734 in
2659 2779 2722 3026 parallelis

2584 1359 2632 1406 p.
2600 1443 2647 1551 312.
2600 1589 2632 1630 c.
2600 1664 2644 1743 26.
2597 1776 2639 2123 commemorat
2597 2172 2628 2279 cum
2581 2324 2643 2609 Apollodori
2580 2644 2643 2921 I‘Iyginique
2595 2955 2637 3030 te-

2520 1358 2568 1585 stimonio
2505 1634 2566 1989 conspirantia:
2501 2034 2573 2193 ’Ἁρης
2498 2244 2572 2460 Ἀλθαία
2499 2507 2564 2739 συνῆλθε
2515 2779 2566 2865 καὶ
2515 2916 2563 3029 Με-

2424 1356 2491 1582 λέαγρον
2423 1615 2489 1834 ποιήσας
2421 1872 2488 2211 (ἐγέννησε”ἒ),
2425 2266 2486 2346 ὡς
2420 2381 2485 2770 Εὐριπίδης
2435 2806 2488 2873 ἐν
2435 2906 2482 3029 Με-

2343 1357 2408 1617 λεάγρῳ
2345 1646 2408 1712 *).
2344 1796 2406 2015 Septimo
2357 2064 2403 2141 die
2355 2189 2388 2364 nomen
2355 2408 2402 2580 infanti
2356 2613 2387 2639 a
2339 2672 2397 2813 patre
2339 2848 2403 3029 Imponi

2265 1356 2327 1586 oportuit.
2280 1657 2327 1731 Eo
2264 1785 2326 1930 igitur
2278 1964 2325 2044 die
2277 2079 2324 2260 Parcae
2276 2297 2323 2609 sollemnibus
2275 2644 2323 3023 intervenientes

2201 1354 2249 1453 sata
2184 1488 2246 1626 pueri
2187 1661 2247 1956 cecinerunt,
2184 1993 2230 2193 quarum
2196 2230 2242 2455 carminis
2196 2489 2242 2581 hae
2196 2615 2239 2728 sunt
2180 2765 2243 3026 reliquiae:

2104 1482 2171 1770 Μελέαγρε,
2103 1806 2170 1991 μελέαν
2101 2023 2167 2124 γάρ
2116 2161 2164 2274 ποτ’
2101 2311 2166 2546 αγρεύεις
2102 2579 2163 2766 ἄγραν.

2054 1484 2062 1547 -——
2052 1616 2059 1676 -—-
2051 1746 2058 1808 —
2027 1879 2070 1943 „o
2021 1976 2084 2244 regina,
2036 2283 2082 2417 erit

1942 1487 2009 1761 Tempus
1941 1795 2007 1965 quod
1957 2007 2005 2244 huicce
1945 2287 2004 2492 torri,
1940 2541 1989 2721 quem
1955 2770 2004 3028 amburi

1878 2176 1925 2240 vi
1878 2251 1926 2284 d
1877 2299 1925 2406 es.’'

1798 1350 1848 1429 Cs.
1797 1466 1849 1606 Ovid.
1799 1643 1848 1847 Metam.
1798 1882 1848 2011 VIII.
1800 2047 1832 2089 v.
1799 2126 1845 2223 450
1781 2255 1829 2422 seqq.:

1703 1478 1769 1691 „Stipes
1709 1728 1762 1855 erat,
1702 1891 1751 2052 quem,
1702 2090 1750 2242 quum
1700 2271 1757 2456 partus
1718 2493 1765 2650 enixa
1715 2685 1763 2883 iaceret

1628 1483 1688 1729 Thestias,
1641 1765 1687 1820 iu
1626 1839 1686 2109 flammam
1622 2155 1684 2383 triplices
1620 2423 1669 2643 posuere
1636 2690 1686 2901 Sorores
1619 2924 1684 3021 **),

1522 1402 1574 1450 ἶὶί)
1534 1482 1573 1586 Inde
1531 1619 1574 1746 Ovid.
1533 1778 1575 1959 Metam.
1532 1989 1574 2101 VIII.
1533 2133 1559 2175 v.
1533 2204 1577 2312 436:
1523 2344 1574 2669 „Mavortiam”
1517 2699 1569 2894 appellat
1529 2923 1571 3021 Me-

1449 1488 1502 1707 leagrum.

1382 1371 1434 1452 *⁴²³3
1379 1484 1434 1691 Hyginus
1393 1723 1418 1757 c.
1394 1789 1434 1895 171:
1382 1928 1433 2071 „Cum
1381 2088 1433 2293 Althaea,
1392 2323 1434 2496 Thestii
1380 2518 1433 2631 filia,
1391 2660 1419 2747 una
1390 2769 1428 2894 nocte
1389 2916 1417 3019 cou-

1322 1484 1363 1726 cubuerunt
1321 1759 1362 1932 Oeneus
1321 1962 1358 2005 et
1321 2032 1362 2179 Mars:
1322 2223 1349 2275 ex
1310 2305 1363 2463 quibus
1322 2494 1349 2594 cum
1320 2624 1358 2737 esset
1320 2766 1357 2891 natus
1318 2920 1359 3020 Me-

1239 1483 1292 1652 leager,
1251 1683 1291 1826 subito
1250 1848 1291 1891 in
1236 1917 1292 2045 regia
1236 2067 1287 2362 apparuerunt
1251 2387 1292 2555 Parcae
1239 2586 1291 2760 Clotho,
1236 2791 1291 3019 Lachesis,

1170 1479 1224 1681 Atropos.
1182 1741 1222 1822 Cui
1180 1849 1221 1942 fata
1180 1970 1221 2034 ita
1179 2063 1220 2327 cecinerunt.
1181 2388 1222 2545 Clotho
1179 2591 1221 2698 dixit
1178 2738 1205 2839 cum
1163 2880 1205 3018 gene—

1114 1479 1142 1630 rosum
1101 1658 1154 1876 futurum,
1110 1919 1152 2131 Lachesis
1101 2169 1151 2357 fortem,
1097 2399 1152 2591 Atropos
1108 2630 1151 2829 titionem
1107 2860 1148 3017 arden-

1043 1480 1081 1568 tem
1029 1598 1083 1799 adspexit
1042 1827 1082 1869 in
1042 1899 1082 2000 foco
1039 2033 1077 2075 et
1039 2114 1081 2197 ait:
1039 2236 1082 2470 Tamdiu
1039 2500 1080 2594 hic
1028 2624 1080 2794 vivit,
1025 2827 1066 3013 quam—

973 1480 1015 1572 diu
972 1618 1013 1710 hic
971 1748 1013 1884 titio
969 1926 1006 2255 consumtus
971 2297 997 2400 non
968 2443 1011 2638 fuerit.
969 2696 1008 2795 Hoc
967 2822 1010 3015 Althaea

902 1478 940 1621 mater
901 1650 928 1749 cum
888 1780 942 1983 audisset,
899 2015 941 2188 exsiluit
899 2208 940 2262 de
900 2288 939 2399 lecto
886 2423 937 2551 atque
898 2579 940 2777 titionem
883 2799 938 3012 exstinxit,

832 1477 869 1520 ct
830 1549 859 1650 eum
830 1678 871 1720 in
814 1750 870 1877 regia
827 1902 870 2049 media
826 2079 870 2225 obruit
818 2250 871 2459 fatalem,
827 2510 854 2561 ue
826 2591 868 2647 ab
813 2679 869 2771 igni
826 2802 867 3008 absume-

759 1475 801 1633 returf
