5010 3336
3949 2103 4007 2225 530

3808 1308 3872 1574 studioque
3821 1610 3869 1734 adeo
3819 1771 3865 1907 coeci
3800 1957 3865 2273 ferebantur,
3807 2326 3849 2380 ut
3799 2422 3852 2680 irrisorum
3780 2726 3839 2876 atque
3789 2924 3823 3004 ca-

3729 1308 3793 1674 lumniatorum,
3724 1714 3770 1855 quam
3721 1896 3768 2162 aequorum
3711 2202 3777 2436 iudicum,
3719 2474 3754 2679 munere
3698 2715 3765 2853 fungi
3710 2880 3757 3004 mal-

3652 1305 3713 1433 lent,
3662 1488 3710 1620 velut
3642 1668 3709 1977 Sclllegelius
3653 2028 3694 2076 et
3630 2126 3699 2466 normannus,
3626 2540 3672 2751 quorum
3619 2801 3680 2911 hic,
3628 2948 3672 3004 ut

3582 1303 3631 1592 criminandi
3563 1628 3624 1817 copiam
3557 1855 3620 2255 nancisceretur,
3564 2295 3612 2439 etiam
3558 2478 3606 2671 nescire
3555 2708 3587 2761 se
3550 2797 3599 2996 simula-

3504 1301 3552 1371 vit
3488 1406 3535 1531 quae
3500 1565 3547 1641 vel
3494 1681 3543 1891 maxime
3491 1941 3538 2085 novit.
3487 2177 3534 2301 Nam
3468 2341 3514 2490 quum
3462 2540 3523 2752 tragicos
3469 2805 3513 2999 constet

3406 1300 3471 1683 sticliomytliiae
3411 1744 3459 2013 servandae
3408 2058 3441 2231 caussa
3388 2294 3436 2442 saepe
3397 2489 3446 2649 minus
3389 2700 3437 2995 necessariis

3344 1299 3390 1369 uti
3320 1406 3389 1897 interpellationibus,
3331 1940 3378 2013 bis
3329 2050 3377 2098 in
3327 2135 3374 2229 hac
3308 2266 3367 2518 tragoedia
3303 2557 3366 2641 (ad
3315 2678 3347 2721 v.
3308 2762 3358 2906 1229.
3309 2943 3350 2994 et

3248 1297 3311 1432 760.)
3243 1456 3308 1683 Euripidi
3253 1706 3301 1823 vitio
3250 1846 3297 1998 vertit
3241 2029 3281 2103 ea,
3233 2134 3278 2257 quae
3245 2292 3275 2350 ex
3241 2383 3289 2514 illius
3221 2537 3286 2655 legis
3229 2682 3280 2995 observantia

3171 1293 3225 1575 necessario
3160 1604 3222 1831 prosecta
3170 1862 3209 1991 sunt.
3169 2043 3216 2107 Et
3164 2135 3213 2310 vellem
3162 2332 3208 2451 milii
3158 2482 3206 2625 liuius
3155 2652 3202 2745 viri
3149 2772 3183 2991 errorem

3098 1292 3147 1512 refutare
3080 1538 3139 1871 supersedere
3086 1900 3138 2089 liceret.
3072 2145 3134 2288 Quod
3067 2320 3126 2547 quoniam
3062 2577 3121 2739 operis
3053 2767 3115 2993 suscepti

3019 1290 3066 1414 ratio
3006 1451 3059 1609 vetat,
3013 1656 3054 1794 certe
2997 1831 3042 1973 quam
3008 2011 3056 2119 fieri
2990 2161 3045 2327 potest
2986 2362 3045 2654 parcissime
2990 2690 3042 2868 faciam
2977 2903 3037 2989 ita,

2939 1290 2979 1342 ut
2938 1378 2985 1543 sontes
2933 1580 2980 1790 maxime
2928 1828 2962 2051 errorum
2912 2090 2958 2316 arguam,
2904 2354 2967 2542 reliqua
2909 2579 2962 2821 omittam.

2857 1422 2905 1552 Duas
2837 1593 2899 1875 tragoedias
2833 1921 2879 2011 pro
2847 2059 2877 2151 una
2828 2187 2893 2413 Euripidi
2822 2452 2881 2816 componendas
2830 2853 2879 2979 fuis-

2777 1288 2809 1342 se
2776 1376 2824 1559 iudicat
2761 1592 2821 1679 sic,
2772 1709 2812 1761 ut
2753 1803 2815 2085 principalis
2750 2118 2796 2329 persona
2761 2368 2808 2415 in
2758 2446 2806 2600 altera
2738 2634 2804 2901 Polyxena,
2747 2936 2795 2983 in

2697 1284 2743 1438 altera
2680 1460 2743 1740 Polydorus
2686 1779 2729 1928 esset.
2687 1981 2735 2110 Tum
2682 2145 2730 2414 curandum
2668 2449 2726 2621 fuisse,
2677 2650 2717 2701 ut
2670 2727 2713 2984 metuere-

2616 1283 2647 1390 mus
2600 1423 2663 1754 Polymestori
2613 1781 2654 1831 et
2595 1859 2655 2019 puniri
2606 2049 2638 2160 eum
2589 2192 2650 2467 misci-eret,
2583 2504 2646 2652 idque
2590 2686 2631 2984 consecutu-

2536 1279 2566 1390 rum
2535 1431 2583 1587 fuisse
2517 1622 2582 1943 Euripidem,
2529 1997 2574 2037 si
2526 2090 2557 2203 eum
2520 2252 2571 2461 fecisset
2501 2507 2557 2790 perpetrata
2509 2828 2556 2983 caede

2455 1278 2501 1611 conscientiae
2453 1650 2500 1863 stimulis
2436 1902 2495 2138 agitatum
2430 2178 2475 2385 poenam
2438 2426 2484 2483 ab
2436 2528 2482 2728 oraculo
2431 2761 2479 2836 vel
2429 2871 2471 2982 vate

2360 1275 2423 1439 aliquo
2357 1478 2420 1799 significatam
2357 1823 2416 2026 timere3
2348 2065 2404 2327 postquam
2358 2364 2398 2528 autem
2340 2559 2400 2832 puniretur,
2347 2870 2395 2980 iure

2295 1274 2326 1331 ac
2293 1368 2339 1546 merito
2293 1582 2323 1635 se
2276 1671 2337 1815 perdi
2272 1852 2334 2190 confitentem,
2282 2230 2328 2305 vel
2278 2342 2325 2463 virili
2274 2491 2322 2650 animo
2270 2682 2320 2816 serre
2254 2853 2300 2979 quae

2200 1272 2258 1666 commeruisset,
2211 1703 2257 1779 vel
2204 1818 2252 2146 succumbere
2202 2181 2249 2323 malis
2182 2350 2246 2701 desperatione
2178 2740 2221 2814 ea,
2173 2852 2219 2977 quae

2132 1271 2181 1530 horrorem
2130 1565 2178 1811 incuteret
2114 1847 2170 2227 spectatoribus.
2103 2298 2167 2515 Egregie
2114 2559 2146 2677 sane
2110 2712 2157 2827 talia
2108 2866 2151 2975 tra·

2053 1268 2102 1387 ditis
2053 1426 2098 1544 artis
2035 1597 2095 1877 praeceptis
2031 1934 2090 2324 responderent:
2040 2374 2086 2422 in
2036 2469 2085 2627 altero
2032 2678 2079 2808 enim
2030 2859 2077 2972 dra-

1974 1266 2015 1399 mate
1973 1447 2020 1600 homo
1956 1648 2015 1832 probus
1966 1885 2015 2062 iniuria
1948 2104 2011 2360 laborans,
1959 2412 2006 2461 in
1955 2510 2003 2665 altero
1936 2714 2000 2971 improbus

1894 1263 1942 1394 iuste
1877 1430 1940 1631 punitus
1880 1670 1933 1736 et,
1876 1774 1934 1905 quod
1886 1942 1927 2021 est
1868 2050 1929 2411 gravissimum,
1863 2450 1923 2752 poenitentia
1870 2783 1919 2971 fractus

1813 1265 1861 1633 miserationem
1808 1685 1848 1942 moverent
1803 1993 1851 2133 valde
1787 2181 1849 2467 legitimam.
1778 2552 1842 2787 Accedit,
1776 2837 1840 2970 quod

1718 1265 1776 1473 utraque
1718 1512 1763 1721 persona
1711 1759 1776 2046 principalis
1720 2082 1760 2297 mortem
1701 2335 1763 2673 occumberet,
1697 2712 1759 2842 quod
1709 2875 1757 2970 nisi

1642 1260 1702 1373 fiat,
1652 1425 1699 1609 nullam
1649 1657 1682 1751 non
1632 1801 1692 2107 tragoediam
1639 2152 1687 2382 vitiosam
1637 2420 1668 2532 esse
1631 2568 1679 2793 credunt.
1629 2865 1678 2967 Re-

1560 1258 1620 1644 prehendendus
1555 1694 1617 1845 igitur
1565 1907 1607 1985 est
1542 2045 1611 2433 Nibelungorum
1553 2495 1600 2723 carminis
1535 2774 1593 2965 auctor,

1480 1256 1541 1340 qui
1489 1378 1541 1771 Chriemhildem
1471 1801 1535 2010 effinxit„
1480 2042 1529 2248 alteram
1461 2279 1526 2555 Hecubam,
1473 2580 1504 2639 ex
1455 2661 1517 2963 probissima

1413 1256 1445 1408 uxore
1411 1443 1458 1490 in
1410 1513 1458 1714 Furiam
1405 1753 1455 1926 dolore
1387 1961 1445 2111 atque
1397 2144 1447 2394 iracundia
1380 2431 1435 2695 mutatam;
1377 2729 1437 2879 idem,
1388 2918 1435 2961 si

1331 1253 1382 1594 Hermannum
1328 1643 1376 1812 audire
1308 1860 1368 2134 potuisset,
1302 2185 1366 2463 Hagenium
1309 2509 1360 2786 induxisset
1304 2821 1349 2959 metu

1239 1252 1301 1583 impendentis
1233 1646 1280 1835 poenae
1230 1904 1289 2271 exanimatum,
1231 2339 1281 2669 conscientiae
1226 2742 1276 2956 stimulis

1159 1249 1215 1506 vexatum,
1155 1556 1217 1731 culpae
1161 1769 1212 2083 consessione
1157 2119 1205 2309 veniam
1141 2348 1186 2437 per
1150 2473 1197 2761 sacerdotes
1134 2800 1180 2952 quae-

1080 1247 1135 1463 rentem3
1075 1501 1139 1855 vituperandus
1065 1893 1131 2259 ScliaxperiuS‚
1062 2297 1121 2380 qui
1071 2430 1124 2771 Machethium
1067 2818 1115 2950 nulla

998 1245 1060 1549 poenitentia
1004 1585 1055 1922 excruciatum
986 1959 1047 2124 perire
997 2158 1046 2283 fecit
996 2320 1038 2371 et
994 2403 1041 2597 omuino
987 2629 1039 2946 foedissimas

935 1243 966 1325 res
914 1372 974 1792 repraesentavit3
919 1842 972 2104 damnandi
904 2149 950 2347 omnes,
902 2398 962 2478 qui
914 2526 945 2622 nou
910 2669 953 2858 metum
907 2894 950 2946 et

848 1240 902 1637 misericordiam
847 1673 878 1731 ea
828 1764 891 1983 ratione,
825 2021 871 2116 qua
837 2153 884 2315 volunt
825 2350 883 2462 isti,
832 2500 866 2699 movere
827 2736 877 2943 studue-

771 1239 816 1368 runt.
767 1472 818 1773 Huiusmodi
762 1859 804 2024 autem
740 2098 799 2474 praeceptorum
745 2558 801 2942 admiratoribus

688 1236 743 1422 haecce
674 1476 735 1793 argutissime
667 1838 728 2098 respondit
675 2145 727 2427 Molierius:
658 2486 723 2661 „Vous
668 2710 715 2815 etes
665 2871 715 2935 de
