<?xml version="1.0" encoding="UTF-8"?>
<!DOCTYPE html PUBLIC "-//W3C//DTD XHTML 1.0 Transitional//EN"
    "http://www.w3.org/TR/xhtml1/DTD/xhtml1-transitional.dtd">
<html xmlns="http://www.w3.org/1999/xhtml" xml:lang="en" lang="en">
 <head>
  <title>
</title>
<meta http-equiv="Content-Type" content="text/html;charset=utf-8" />
  <meta name='ocr-system' content='tesseract 3.04.00' />
  <meta name='ocr-capabilities' content='ocr_page ocr_carea ocr_par ocr_line ocrx_word'/>
</head>
<body>
  <div class='ocr_page' id='page_1' title='image "./euripidesrestitu00hartuoft_raw_0562.png"; bbox 0 0 5010 3336; ppageno 0'>
   <div class='ocr_carea' id='block_1_1' title="bbox 3904 0 5010 3332">
    <p class='ocr_par' dir='ltr' id='par_1_1' title="bbox 3904 0 5010 3332">
     <span class='ocr_line' id='line_1_1' title="bbox 3904 0 5010 3332; textangle 270"><span class='ocrx_word' id='word_1_1' title='bbox 3904 0 5010 3332; x_wconf 95' lang='lat' dir='ltr'> </span> 
     </span>
    </p>
   </div>
   <div class='ocr_carea' id='block_1_2' title="bbox 3935 2131 3993 2256">
    <p class='ocr_par' dir='ltr' id='par_1_2' title="bbox 3935 2131 3993 2256">
     <span class='ocr_line' id='line_1_2' title="bbox 3935 2131 3993 2256; textangle 270"><span class='ocrx_word' id='word_1_2' title='bbox 3935 2131 3993 2256; x_wconf 77' lang='lat'>544</span> 
     </span>
    </p>
   </div>
   <div class='ocr_carea' id='block_1_3' title="bbox 885 1314 3847 3036">
    <p class='ocr_par' dir='ltr' id='par_1_3' title="bbox 2733 1330 3847 3036">
     <span class='ocr_line' id='line_1_3' title="bbox 3776 1346 3847 3034; textangle 270"><span class='ocrx_word' id='word_1_3' title='bbox 3782 1346 3841 1497; x_wconf 86' lang='lat' dir='ltr'>nupta</span> <span class='ocrx_word' id='word_1_4' title='bbox 3796 1520 3847 1693; x_wconf 86' lang='lat' dir='ltr'>fuisse.</span> <span class='ocrx_word' id='word_1_5' title='bbox 3796 1731 3846 1954; x_wconf 85' lang='lat' dir='ltr'>Fallente</span> <span class='ocrx_word' id='word_1_6' title='bbox 3794 1984 3842 2221; x_wconf 89' lang='lat' dir='ltr'>memoria</span> <span class='ocrx_word' id='word_1_7' title='bbox 3793 2258 3843 2465; x_wconf 86' lang='lat' dir='ltr'>Cressas</span> <span class='ocrx_word' id='word_1_8' title='bbox 3776 2487 3824 2578; x_wconf 90' lang='lat' dir='ltr'>pro</span> <span class='ocrx_word' id='word_1_9' title='bbox 3788 2598 3840 2858; x_wconf 89' lang='lat' dir='ltr'>Plisthene</span> <span class='ocrx_word' id='word_1_10' title='bbox 3787 2888 3835 3034; x_wconf 86' lang='lat' dir='ltr'>scho-</span> 
     </span>
     <span class='ocr_line' id='line_1_4' title="bbox 3692 1343 3766 3034; textangle 270"><span class='ocrx_word' id='word_1_11' title='bbox 3717 1343 3766 1491; x_wconf 89' lang='lat' dir='ltr'>liasta</span> <span class='ocrx_word' id='word_1_12' title='bbox 3714 1523 3764 1801; x_wconf 83' lang='lat' dir='ltr'>nominavit.</span> <span class='ocrx_word' id='word_1_13' title='bbox 3700 1850 3764 2074; x_wconf 75' lang='lat' dir='ltr'>Hyginus</span> <span class='ocrx_word' id='word_1_14' title='bbox 3702 2109 3757 2302; x_wconf 77' lang='lat' dir='ltr'>autem,</span> <span class='ocrx_word' id='word_1_15' title='bbox 3696 2330 3761 2576; x_wconf 88' lang='lat' dir='ltr'>Aeropam</span> <span class='ocrx_word' id='word_1_16' title='bbox 3709 2607 3758 2749; x_wconf 87' lang='lat' dir='ltr'>Atrei</span> <span class='ocrx_word' id='word_1_17' title='bbox 3692 2777 3755 3034; x_wconf 83' lang='lat' dir='ltr'>coniugem</span> 
     </span>
     <span class='ocr_line' id='line_1_5' title="bbox 3618 1342 3686 3036; textangle 270"><span class='ocrx_word' id='word_1_18' title='bbox 3636 1342 3686 1504; x_wconf 86' lang='lat' dir='ltr'>fuisse</span> <span class='ocrx_word' id='word_1_19' title='bbox 3623 1539 3683 1739; x_wconf 75' lang='lat' dir='ltr'>dicens,</span> <span class='ocrx_word' id='word_1_20' title='bbox 3620 1792 3675 2052; x_wconf 87' lang='lat' dir='ltr'>utramque</span> <span class='ocrx_word' id='word_1_21' title='bbox 3618 2100 3683 2351; x_wconf 81' lang='lat' dir='ltr'>Euripidis</span> <span class='ocrx_word' id='word_1_22' title='bbox 3630 2387 3677 2713; x_wconf 83' lang='lat' dir='ltr'>narrationem</span> <span class='ocrx_word' id='word_1_23' title='bbox 3625 2747 3675 3036; x_wconf 85' lang='lat' dir='ltr'>confudisse</span> 
     </span>
     <span class='ocr_line' id='line_1_6' title="bbox 3534 1342 3605 3033; textangle 270"><span class='ocrx_word' id='word_1_24' title='bbox 3555 1342 3605 1554; x_wconf 84' lang='lat' dir='ltr'>videtur.</span> <span class='ocrx_word' id='word_1_25' title='bbox 3540 1591 3604 1814; x_wconf 88' lang='lat' dir='ltr'>Denique</span> <span class='ocrx_word' id='word_1_26' title='bbox 3538 1843 3601 2124; x_wconf 81' lang='lat' dir='ltr'>respexisse</span> <span class='ocrx_word' id='word_1_27' title='bbox 3553 2155 3599 2215; x_wconf 88' lang='lat' dir='ltr'>ad</span> <span class='ocrx_word' id='word_1_28' title='bbox 3552 2246 3594 2463; x_wconf 88' lang='lat' dir='ltr'>nostram</span> <span class='ocrx_word' id='word_1_29' title='bbox 3535 2485 3596 2790; x_wconf 80' lang='lat' dir='ltr'>tragoediam</span> <span class='ocrx_word' id='word_1_30' title='bbox 3534 2809 3595 3033; x_wconf 77' lang='lat' dir='ltr'>Quincti-</span> 
     </span>
     <span class='ocr_line' id='line_1_7' title="bbox 3450 1339 3526 3031; textangle 270"><span class='ocrx_word' id='word_1_31' title='bbox 3476 1339 3526 1520; x_wconf 88' lang='lat' dir='ltr'>lianum</span> <span class='ocrx_word' id='word_1_32' title='bbox 3475 1557 3507 1762; x_wconf 87' lang='lat' dir='ltr'>necesse</span> <span class='ocrx_word' id='word_1_33' title='bbox 3462 1799 3517 1902; x_wconf 76' lang='lat' dir='ltr'>est,</span> <span class='ocrx_word' id='word_1_34' title='bbox 3459 1950 3521 2079; x_wconf 88' lang='lat' dir='ltr'>apud</span> <span class='ocrx_word' id='word_1_35' title='bbox 3457 2117 3503 2261; x_wconf 89' lang='lat' dir='ltr'>quem</span> <span class='ocrx_word' id='word_1_36' title='bbox 3462 2298 3519 2378; x_wconf 83' lang='grc' dir='ltr'>ΙΙΙ,</span> <span class='ocrx_word' id='word_1_37' title='bbox 3459 2417 3515 2463; x_wconf 76' lang='lat'>7,</span> <span class='ocrx_word' id='word_1_38' title='bbox 3469 2502 3515 2578; x_wconf 81' lang='lat'>19.</span> <span class='ocrx_word' id='word_1_39' title='bbox 3468 2615 3516 2739; x_wconf 88' lang='lat' dir='ltr'>haec</span> <span class='ocrx_word' id='word_1_40' title='bbox 3450 2774 3514 3031; x_wconf 83' lang='lat' dir='ltr'>leguntur:</span> 
     </span>
     <span class='ocr_line' id='line_1_8' title="bbox 3375 1340 3443 3031; textangle 270"><span class='ocrx_word' id='word_1_41' title='bbox 3382 1340 3443 1687; x_wconf 77' lang='lat' dir='ltr'>„Quibusdam</span> <span class='ocrx_word' id='word_1_42' title='bbox 3394 1725 3441 1847; x_wconf 88' lang='lat' dir='ltr'>bona</span> <span class='ocrx_word' id='word_1_43' title='bbox 3394 1883 3440 2010; x_wconf 75' lang='lat' dir='ltr'>vitiis</span> <span class='ocrx_word' id='word_1_44' title='bbox 3376 2046 3433 2277; x_wconf 90' lang='lat' dir='ltr'>corrupta</span> <span class='ocrx_word' id='word_1_45' title='bbox 3390 2313 3438 2480; x_wconf 89' lang='lat' dir='ltr'>odium</span> <span class='ocrx_word' id='word_1_46' title='bbox 3375 2518 3436 2805; x_wconf 83' lang='lat' dir='ltr'>attulerunt,</span> <span class='ocrx_word' id='word_1_47' title='bbox 3385 2840 3427 2895; x_wconf 87' lang='lat' dir='ltr'>ut</span> <span class='ocrx_word' id='word_1_48' title='bbox 3384 2929 3433 3031; x_wconf 90' lang='lat' dir='ltr'>Ne-</span> 
     </span>
     <span class='ocr_line' id='line_1_9' title="bbox 3290 1337 3362 3029; textangle 270"><span class='ocrx_word' id='word_1_49' title='bbox 3316 1337 3348 1425; x_wconf 88' lang='lat' dir='ltr'>rea</span> <span class='ocrx_word' id='word_1_50' title='bbox 3300 1459 3362 1725; x_wconf 75' lang='lat' dir='ltr'>imbellem,</span> <span class='ocrx_word' id='word_1_51' title='bbox 3313 1762 3362 2064; x_wconf 82' lang='lat' dir='ltr'>Plisthenem</span> <span class='ocrx_word' id='word_1_52' title='bbox 3296 2104 3359 2401; x_wconf 87' lang='lat' dir='ltr'>impudicum</span> <span class='ocrx_word' id='word_1_53' title='bbox 3312 2434 3341 2459; x_wconf 92' lang='lat' dir='ltr'>a</span> <span class='ocrx_word' id='word_1_54' title='bbox 3293 2494 3356 2655; x_wconf 91' lang='lat' dir='ltr'>poetis</span> <span class='ocrx_word' id='word_1_55' title='bbox 3290 2693 3353 3029; x_wconf 77' lang='lat' dir='ltr'>accepimus,⁵’</span> 
     </span>
     <span class='ocr_line' id='line_1_10' title="bbox 3213 1338 3285 3028; textangle 270"><span class='ocrx_word' id='word_1_56' title='bbox 3220 1338 3285 1648; x_wconf 87' lang='lat' dir='ltr'>Impudicitia</span> <span class='ocrx_word' id='word_1_57' title='bbox 3233 1696 3280 1881; x_wconf 81' lang='lat' dir='ltr'>iuvenis</span> <span class='ocrx_word' id='word_1_58' title='bbox 3232 1933 3278 2176; x_wconf 89' lang='lat' dir='ltr'>connubio</span> <span class='ocrx_word' id='word_1_59' title='bbox 3215 2225 3277 2474; x_wconf 75' lang='lat' dir='ltr'>arguitur,</span> <span class='ocrx_word' id='word_1_60' title='bbox 3213 2527 3274 2809; x_wconf 87' lang='lat' dir='ltr'>quodcum</span> <span class='ocrx_word' id='word_1_61' title='bbox 3224 2846 3273 3028; x_wconf 87' lang='lat' dir='ltr'>femina</span> 
     </span>
     <span class='ocr_line' id='line_1_11' title="bbox 3128 1336 3203 3029; textangle 270"><span class='ocrx_word' id='word_1_62' title='bbox 3140 1336 3203 1731; x_wconf 79' lang='lat' dir='ltr'>impudicissirna</span> <span class='ocrx_word' id='word_1_63' title='bbox 3143 1794 3199 1927; x_wconf 88' lang='lat' dir='ltr'>iniit;</span> <span class='ocrx_word' id='word_1_64' title='bbox 3153 1989 3195 2039; x_wconf 87' lang='lat' dir='ltr'>et</span> <span class='ocrx_word' id='word_1_65' title='bbox 3151 2091 3199 2286; x_wconf 75' lang='lat' dir='ltr'>videtur</span> <span class='ocrx_word' id='word_1_66' title='bbox 3134 2346 3198 2595; x_wconf 67' lang='lat' dir='ltr'>Thyestes</span> <span class='ocrx_word' id='word_1_67' title='bbox 3145 2652 3178 2818; x_wconf 90' lang='lat' dir='ltr'>mores</span> <span class='ocrx_word' id='word_1_68' title='bbox 3128 2871 3190 3029; x_wconf 75' lang='lat' dir='ltr'>pueri,</span> 
     </span>
     <span class='ocr_line' id='line_1_12' title="bbox 3049 1336 3120 3028; textangle 270"><span class='ocrx_word' id='word_1_69' title='bbox 3061 1336 3108 1483; x_wconf 91' lang='lat' dir='ltr'>quem</span> <span class='ocrx_word' id='word_1_70' title='bbox 3058 1533 3105 1683; x_wconf 82' lang='lat' dir='ltr'>regno</span> <span class='ocrx_word' id='word_1_71' title='bbox 3057 1730 3118 1989; x_wconf 88' lang='lat' dir='ltr'>patriaque</span> <span class='ocrx_word' id='word_1_72' title='bbox 3058 2037 3120 2208; x_wconf 89' lang='lat' dir='ltr'>pulsus</span> <span class='ocrx_word' id='word_1_73' title='bbox 3072 2245 3102 2300; x_wconf 89' lang='lat' dir='ltr'>ac</span> <span class='ocrx_word' id='word_1_74' title='bbox 3067 2338 3116 2677; x_wconf 86' lang='lat' dir='ltr'>crudelissima</span> <span class='ocrx_word' id='word_1_75' title='bbox 3049 2712 3096 2870; x_wconf 86' lang='lat' dir='ltr'>poena</span> <span class='ocrx_word' id='word_1_76' title='bbox 3063 2905 3111 3028; x_wconf 87' lang='lat' dir='ltr'>affe-</span> 
     </span>
     <span class='ocr_line' id='line_1_13' title="bbox 2970 1336 3041 3027; textangle 270"><span class='ocrx_word' id='word_1_77' title='bbox 2995 1336 3037 1447; x_wconf 90' lang='lat' dir='ltr'>ctus</span> <span class='ocrx_word' id='word_1_78' title='bbox 2978 1484 3041 1614; x_wconf 88' lang='lat' dir='ltr'>patri</span> <span class='ocrx_word' id='word_1_79' title='bbox 2978 1651 3040 1963; x_wconf 84' lang='lat' dir='ltr'>surripuerat</span> <span class='ocrx_word' id='word_1_80' title='bbox 2993 2001 3035 2051; x_wconf 90' lang='lat' dir='ltr'>et</span> <span class='ocrx_word' id='word_1_81' title='bbox 2992 2087 3039 2135; x_wconf 89' lang='lat' dir='ltr'>in</span> <span class='ocrx_word' id='word_1_82' title='bbox 2975 2174 3023 2314; x_wconf 89' lang='lat' dir='ltr'>spem</span> <span class='ocrx_word' id='word_1_83' title='bbox 2987 2346 3038 2542; x_wconf 85' lang='lat' dir='ltr'>futurae</span> <span class='ocrx_word' id='word_1_84' title='bbox 2986 2576 3033 2772; x_wconf 87' lang='lat' dir='ltr'>ultionis</span> <span class='ocrx_word' id='word_1_85' title='bbox 2970 2811 3016 2900; x_wconf 86' lang='lat' dir='ltr'>pro</span> <span class='ocrx_word' id='word_1_86' title='bbox 2983 2937 3014 3027; x_wconf 94' lang='lat' dir='ltr'>suo</span> 
     </span>
     <span class='ocr_line' id='line_1_14' title="bbox 2893 1335 2963 3026; textangle 270"><span class='ocrx_word' id='word_1_87' title='bbox 2902 1335 2963 1605; x_wconf 84' lang='lat' dir='ltr'>educabat,</span> <span class='ocrx_word' id='word_1_88' title='bbox 2913 1646 2961 1757; x_wconf 88' lang='lat' dir='ltr'>data</span> <span class='ocrx_word' id='word_1_89' title='bbox 2896 1793 2944 1943; x_wconf 89' lang='lat' dir='ltr'>opera</span> <span class='ocrx_word' id='word_1_90' title='bbox 2896 1980 2959 2298; x_wconf 84' lang='lat' dir='ltr'>corripuisse.</span> <span class='ocrx_word' id='word_1_91' title='bbox 2910 2370 2957 2452; x_wconf 85' lang='lat' dir='ltr'>Sic</span> <span class='ocrx_word' id='word_1_92' title='bbox 2893 2488 2955 2876; x_wconf 80' lang='lat' dir='ltr'>ingeniosissima</span> <span class='ocrx_word' id='word_1_93' title='bbox 2903 2915 2934 3026; x_wconf 92' lang='lat' dir='ltr'>cru-</span> 
     </span>
     <span class='ocr_line' id='line_1_15' title="bbox 2811 1331 2883 3026; textangle 270"><span class='ocrx_word' id='word_1_94' title='bbox 2822 1331 2883 1565; x_wconf 77' lang='lat' dir='ltr'>delitate,</span> <span class='ocrx_word' id='word_1_95' title='bbox 2817 1603 2880 1734; x_wconf 86' lang='lat' dir='ltr'>quod</span> <span class='ocrx_word' id='word_1_96' title='bbox 2833 1770 2879 1898; x_wconf 88' lang='lat' dir='ltr'>male</span> <span class='ocrx_word' id='word_1_97' title='bbox 2832 1934 2873 2150; x_wconf 86' lang='lat' dir='ltr'>moratos</span> <span class='ocrx_word' id='word_1_98' title='bbox 2818 2186 2878 2400; x_wconf 87' lang='lat' dir='ltr'>liberos,</span> <span class='ocrx_word' id='word_1_99' title='bbox 2814 2438 2860 2583; x_wconf 90' lang='lat' dir='ltr'>quam</span> <span class='ocrx_word' id='word_1_100' title='bbox 2811 2618 2873 2805; x_wconf 77' lang='lat' dir='ltr'>nullos,</span> <span class='ocrx_word' id='word_1_101' title='bbox 2822 2840 2871 3026; x_wconf 87' lang='lat' dir='ltr'>habere</span> 
     </span>
     <span class='ocr_line' id='line_1_16' title="bbox 2733 1330 2799 2529; textangle 270"><span class='ocrx_word' id='word_1_102' title='bbox 2753 1330 2799 1561; x_wconf 89' lang='lat' dir='ltr'>miserius</span> <span class='ocrx_word' id='word_1_103' title='bbox 2741 1599 2794 1762; x_wconf 90' lang='lat' dir='ltr'>esset,</span> <span class='ocrx_word' id='word_1_104' title='bbox 2751 1800 2799 1966; x_wconf 83' lang='lat' dir='ltr'>fratris</span> <span class='ocrx_word' id='word_1_105' title='bbox 2750 2002 2797 2256; x_wconf 69' lang='lat' dir='ltr'>saevitiam</span> <span class='ocrx_word' id='word_1_106' title='bbox 2733 2292 2794 2529; x_wconf 72' lang='lat' dir='ltr'>aequarit.</span> 
     </span>
    </p>

    <p class='ocr_par' dir='ltr' id='par_1_4' title="bbox 1687 1319 2720 3025">
     <span class='ocr_line' id='line_1_17' title="bbox 2647 1464 2720 3025; textangle 270"><span class='ocrx_word' id='word_1_107' title='bbox 2672 1464 2720 1604; x_wconf 87' lang='lat' dir='ltr'>Haec</span> <span class='ocrx_word' id='word_1_108' title='bbox 2672 1656 2702 1682; x_wconf 89' lang='lat' dir='ltr'>a</span> <span class='ocrx_word' id='word_1_109' title='bbox 2655 1734 2719 1964; x_wconf 69' lang='lat' dir='ltr'>Thyeste</span> <span class='ocrx_word' id='word_1_110' title='bbox 2654 2012 2716 2271; x_wconf 87' lang='lat' dir='ltr'>prooemio</span> <span class='ocrx_word' id='word_1_111' title='bbox 2651 2320 2713 2547; x_wconf 88' lang='lat' dir='ltr'>exposita</span> <span class='ocrx_word' id='word_1_112' title='bbox 2665 2596 2697 2708; x_wconf 91' lang='lat' dir='ltr'>esse</span> <span class='ocrx_word' id='word_1_113' title='bbox 2647 2752 2709 3025; x_wconf 87' lang='lat' dir='ltr'>putandum</span> 
     </span>
     <span class='ocr_line' id='line_1_18' title="bbox 2566 1330 2640 3021; textangle 270"><span class='ocrx_word' id='word_1_114' title='bbox 2589 1330 2636 1425; x_wconf 88' lang='lat' dir='ltr'>est.</span> <span class='ocrx_word' id='word_1_115' title='bbox 2590 1498 2640 1769; x_wconf 88' lang='lat' dir='ltr'>Praeterea</span> <span class='ocrx_word' id='word_1_116' title='bbox 2590 1826 2637 1971; x_wconf 91' lang='lat' dir='ltr'>huius</span> <span class='ocrx_word' id='word_1_117' title='bbox 2588 2031 2636 2197; x_wconf 92' lang='lat' dir='ltr'>dolum</span> <span class='ocrx_word' id='word_1_118' title='bbox 2587 2251 2635 2383; x_wconf 86' lang='lat' dir='ltr'>huuc</span> <span class='ocrx_word' id='word_1_119' title='bbox 2585 2435 2634 2593; x_wconf 87' lang='lat' dir='ltr'>fuisse</span> <span class='ocrx_word' id='word_1_120' title='bbox 2584 2629 2616 2689; x_wconf 81' lang='lat' dir='ltr'>ex</span> <span class='ocrx_word' id='word_1_121' title='bbox 2566 2724 2631 3021; x_wconf 81' lang='lat' dir='ltr'>fragmentis</span> 
     </span>
     <span class='ocr_line' id='line_1_19' title="bbox 2486 1328 2559 3023; textangle 270"><span class='ocrx_word' id='word_1_122' title='bbox 2496 1328 2559 1525; x_wconf 81' lang='lat' dir='ltr'>colligo.</span> <span class='ocrx_word' id='word_1_123' title='bbox 2510 1606 2559 1775; x_wconf 89' lang='lat' dir='ltr'>Primo</span> <span class='ocrx_word' id='word_1_124' title='bbox 2493 1826 2557 2064; x_wconf 67' lang='lat' dir='ltr'>perfecit,</span> <span class='ocrx_word' id='word_1_125' title='bbox 2507 2117 2550 2173; x_wconf 86' lang='lat' dir='ltr'>ut</span> <span class='ocrx_word' id='word_1_126' title='bbox 2491 2209 2555 2523; x_wconf 76' lang='lat' dir='ltr'>Plisthenes,</span> <span class='ocrx_word' id='word_1_127' title='bbox 2489 2572 2550 2654; x_wconf 90' lang='lat' dir='ltr'>qui</span> <span class='ocrx_word' id='word_1_128' title='bbox 2503 2692 2535 2744; x_wconf 90' lang='lat' dir='ltr'>se</span> <span class='ocrx_word' id='word_1_129' title='bbox 2486 2781 2550 3023; x_wconf 73' lang='lat' dir='ltr'>Thyestis</span> 
     </span>
     <span class='ocr_line' id='line_1_20' title="bbox 2419 1324 2479 3020; textangle 270"><span class='ocrx_word' id='word_1_130' title='bbox 2431 1324 2479 1483; x_wconf 90' lang='lat' dir='ltr'>filium</span> <span class='ocrx_word' id='word_1_131' title='bbox 2430 1521 2463 1635; x_wconf 86' lang='lat' dir='ltr'>esse</span> <span class='ocrx_word' id='word_1_132' title='bbox 2419 1683 2477 1954; x_wconf 83' lang='lat' dir='ltr'>credebat,</span> <span class='ocrx_word' id='word_1_133' title='bbox 2427 2004 2474 2143; x_wconf 84' lang='lat' dir='ltr'>Atrei</span> <span class='ocrx_word' id='word_1_134' title='bbox 2426 2178 2474 2309; x_wconf 87' lang='lat' dir='ltr'>filius</span> <span class='ocrx_word' id='word_1_135' title='bbox 2423 2346 2471 2615; x_wconf 85' lang='lat' dir='ltr'>haberetur</span> <span class='ocrx_word' id='word_1_136' title='bbox 2422 2650 2463 2698; x_wconf 89' lang='lat' dir='ltr'>et</span> <span class='ocrx_word' id='word_1_137' title='bbox 2422 2734 2468 2780; x_wconf 86' lang='lat' dir='ltr'>in</span> <span class='ocrx_word' id='word_1_138' title='bbox 2420 2820 2469 3020; x_wconf 84' lang='lat' dir='ltr'>domum</span> 
     </span>
     <span class='ocr_line' id='line_1_21' title="bbox 2324 1324 2397 3024; textangle 270"><span class='ocrx_word' id='word_1_139' title='bbox 2335 1324 2397 1564; x_wconf 79' lang='lat' dir='ltr'>regnique</span> <span class='ocrx_word' id='word_1_140' title='bbox 2347 1610 2395 1980; x_wconf 84' lang='lat' dir='ltr'>successionem</span> <span class='ocrx_word' id='word_1_141' title='bbox 2345 2030 2378 2220; x_wconf 87' lang='lat' dir='ltr'>summa</span> <span class='ocrx_word' id='word_1_142' title='bbox 2345 2272 2376 2383; x_wconf 89' lang='lat' dir='ltr'>cum</span> <span class='ocrx_word' id='word_1_143' title='bbox 2342 2430 2391 2621; x_wconf 84' lang='lat' dir='ltr'>laetitia</span> <span class='ocrx_word' id='word_1_144' title='bbox 2342 2668 2372 2694; x_wconf 91' lang='lat' dir='ltr'>a</span> <span class='ocrx_word' id='word_1_145' title='bbox 2341 2729 2372 2846; x_wconf 83' lang='lat' dir='ltr'>vero</span> <span class='ocrx_word' id='word_1_146' title='bbox 2324 2882 2382 3024; x_wconf 88' lang='lat' dir='ltr'>patre</span> 
     </span>
     <span class='ocr_line' id='line_1_22' title="bbox 2244 1326 2317 3025; textangle 270"><span class='ocrx_word' id='word_1_147' title='bbox 2252 1326 2317 1653; x_wconf 85' lang='lat' dir='ltr'>reciperetur.</span> <span class='ocrx_word' id='word_1_148' title='bbox 2267 1737 2315 1848; x_wconf 84' lang='lat' dir='ltr'>Hoc</span> <span class='ocrx_word' id='word_1_149' title='bbox 2265 1897 2307 2061; x_wconf 87' lang='lat' dir='ltr'>autem</span> <span class='ocrx_word' id='word_1_150' title='bbox 2249 2115 2311 2381; x_wconf 88' lang='lat' dir='ltr'>impetrato</span> <span class='ocrx_word' id='word_1_151' title='bbox 2250 2431 2310 2644; x_wconf 69' lang='lat' dir='ltr'>iuvenis,</span> <span class='ocrx_word' id='word_1_152' title='bbox 2246 2694 2307 2776; x_wconf 89' lang='lat' dir='ltr'>qui</span> <span class='ocrx_word' id='word_1_153' title='bbox 2244 2828 2303 3025; x_wconf 86' lang='lat' dir='ltr'>putaret</span> 
     </span>
     <span class='ocr_line' id='line_1_23' title="bbox 2163 1323 2237 3021; textangle 270"><span class='ocrx_word' id='word_1_154' title='bbox 2187 1323 2237 1563; x_wconf 88' lang='lat' dir='ltr'>ultionem</span> <span class='ocrx_word' id='word_1_155' title='bbox 2186 1608 2234 1922; x_wconf 83' lang='lat' dir='ltr'>crudelitatis</span> <span class='ocrx_word' id='word_1_156' title='bbox 2169 1969 2216 2060; x_wconf 93' lang='lat' dir='ltr'>pro</span> <span class='ocrx_word' id='word_1_157' title='bbox 2168 2108 2232 2336; x_wconf 74' lang='lat' dir='ltr'>Thyeste</span> <span class='ocrx_word' id='word_1_158' title='bbox 2167 2383 2230 2670; x_wconf 79' lang='lat' dir='ltr'>exigendam</span> <span class='ocrx_word' id='word_1_159' title='bbox 2163 2715 2212 3021; x_wconf 81' lang='lat' dir='ltr'>regnumque</span> 
     </span>
     <span class='ocr_line' id='line_1_24' title="bbox 2090 1324 2156 3022; textangle 270"><span class='ocrx_word' id='word_1_160' title='bbox 2096 1324 2156 1514; x_wconf 72' lang='lat' dir='ltr'>eidem,</span> <span class='ocrx_word' id='word_1_161' title='bbox 2091 1551 2149 1782; x_wconf 84' lang='lat' dir='ltr'>tanquam</span> <span class='ocrx_word' id='word_1_162' title='bbox 2107 1813 2137 1930; x_wconf 84' lang='lat' dir='ltr'>vero</span> <span class='ocrx_word' id='word_1_163' title='bbox 2090 1958 2151 2087; x_wconf 86' lang='lat' dir='ltr'>patri</span> <span class='ocrx_word' id='word_1_164' title='bbox 2092 2119 2136 2227; x_wconf 79' lang='lat' dir='ltr'>suo,</span> <span class='ocrx_word' id='word_1_165' title='bbox 2104 2263 2150 2627; x_wconf 85' lang='lat' dir='ltr'>restituendum</span> <span class='ocrx_word' id='word_1_166' title='bbox 2093 2652 2132 2783; x_wconf 81' lang='lat' dir='ltr'>esse,</span> <span class='ocrx_word' id='word_1_167' title='bbox 2100 2811 2146 3022; x_wconf 88' lang='lat' dir='ltr'>Atreum</span> 
     </span>
     <span class='ocr_line' id='line_1_25' title="bbox 2007 1321 2076 3021; textangle 270"><span class='ocrx_word' id='word_1_168' title='bbox 2028 1321 2076 1608; x_wconf 86' lang='lat' dir='ltr'>interficere</span> <span class='ocrx_word' id='word_1_169' title='bbox 2027 1675 2068 1879; x_wconf 90' lang='lat' dir='ltr'>conatus</span> <span class='ocrx_word' id='word_1_170' title='bbox 2025 1938 2068 2031; x_wconf 86' lang='lat' dir='ltr'>est.</span> <span class='ocrx_word' id='word_1_171' title='bbox 2012 2121 2073 2229; x_wconf 76' lang='lat' dir='ltr'>Quo</span> <span class='ocrx_word' id='word_1_172' title='bbox 2025 2292 2072 2342; x_wconf 88' lang='lat' dir='ltr'>in</span> <span class='ocrx_word' id='word_1_173' title='bbox 2024 2410 2065 2590; x_wconf 89' lang='lat' dir='ltr'>conatu</span> <span class='ocrx_word' id='word_1_174' title='bbox 2007 2656 2071 3021; x_wconf 89' lang='lat' dir='ltr'>deprehensus,</span> 
     </span>
     <span class='ocr_line' id='line_1_26' title="bbox 1929 1322 1998 3021; textangle 270"><span class='ocrx_word' id='word_1_175' title='bbox 1933 1322 1998 1564; x_wconf 85' lang='lat' dir='ltr'>Thyestis</span> <span class='ocrx_word' id='word_1_176' title='bbox 1948 1601 1979 1656; x_wconf 90' lang='lat' dir='ltr'>se</span> <span class='ocrx_word' id='word_1_177' title='bbox 1947 1692 1994 1848; x_wconf 89' lang='lat' dir='ltr'>filium</span> <span class='ocrx_word' id='word_1_178' title='bbox 1946 1887 1977 1999; x_wconf 91' lang='lat' dir='ltr'>esse</span> <span class='ocrx_word' id='word_1_179' title='bbox 1945 2036 1992 2295; x_wconf 86' lang='lat' dir='ltr'>confessus</span> <span class='ocrx_word' id='word_1_180' title='bbox 1933 2332 1986 2440; x_wconf 72' lang='lat' dir='ltr'>est,</span> <span class='ocrx_word' id='word_1_181' title='bbox 1944 2494 1986 2545; x_wconf 85' lang='lat' dir='ltr'>et</span> <span class='ocrx_word' id='word_1_182' title='bbox 1929 2580 1986 2813; x_wconf 87' lang='lat' dir='ltr'>tauquam</span> <span class='ocrx_word' id='word_1_183' title='bbox 1929 2848 1991 3021; x_wconf 81' lang='lat' dir='ltr'>Thye-</span> 
     </span>
     <span class='ocr_line' id='line_1_27' title="bbox 1848 1321 1915 3020; textangle 270"><span class='ocrx_word' id='word_1_184' title='bbox 1869 1321 1915 1413; x_wconf 89' lang='lat' dir='ltr'>stis</span> <span class='ocrx_word' id='word_1_185' title='bbox 1867 1450 1915 1582; x_wconf 89' lang='lat' dir='ltr'>filius</span> <span class='ocrx_word' id='word_1_186' title='bbox 1866 1621 1913 1679; x_wconf 87' lang='lat' dir='ltr'>ab</span> <span class='ocrx_word' id='word_1_187' title='bbox 1866 1717 1913 1870; x_wconf 87' lang='lat' dir='ltr'>Atreo</span> <span class='ocrx_word' id='word_1_188' title='bbox 1865 1908 1897 2100; x_wconf 90' lang='lat' dir='ltr'>summo</span> <span class='ocrx_word' id='word_1_189' title='bbox 1864 2139 1911 2361; x_wconf 85' lang='lat' dir='ltr'>cruciatu</span> <span class='ocrx_word' id='word_1_190' title='bbox 1850 2400 1906 2549; x_wconf 88' lang='lat' dir='ltr'>atque</span> <span class='ocrx_word' id='word_1_191' title='bbox 1848 2585 1911 2826; x_wconf 88' lang='lat' dir='ltr'>supplicio</span> <span class='ocrx_word' id='word_1_192' title='bbox 1864 2873 1896 3020; x_wconf 87' lang='lat' dir='ltr'>neca-</span> 
     </span>
     <span class='ocr_line' id='line_1_28' title="bbox 1769 1319 1836 3019; textangle 270"><span class='ocrx_word' id='word_1_193' title='bbox 1787 1319 1831 1415; x_wconf 83' lang='lat' dir='ltr'>tus.</span> <span class='ocrx_word' id='word_1_194' title='bbox 1787 1486 1836 1711; x_wconf 89' lang='lat' dir='ltr'>Animam</span> <span class='ocrx_word' id='word_1_195' title='bbox 1771 1765 1833 2051; x_wconf 80' lang='lat' dir='ltr'>exspirante</span> <span class='ocrx_word' id='word_1_196' title='bbox 1784 2106 1834 2367; x_wconf 86' lang='lat' dir='ltr'>Plisthene</span> <span class='ocrx_word' id='word_1_197' title='bbox 1769 2422 1833 2708; x_wconf 71' lang='lat' dir='ltr'>Thyestes,</span> <span class='ocrx_word' id='word_1_198' title='bbox 1784 2760 1826 2815; x_wconf 89' lang='lat' dir='ltr'>ut</span> <span class='ocrx_word' id='word_1_199' title='bbox 1783 2848 1832 3019; x_wconf 85' lang='lat' dir='ltr'>fratris</span> 
     </span>
     <span class='ocr_line' id='line_1_29' title="bbox 1687 1320 1756 2474; textangle 270"><span class='ocrx_word' id='word_1_200' title='bbox 1707 1320 1756 1494; x_wconf 87' lang='lat' dir='ltr'>dolore</span> <span class='ocrx_word' id='word_1_201' title='bbox 1707 1531 1739 1587; x_wconf 90' lang='lat' dir='ltr'>se</span> <span class='ocrx_word' id='word_1_202' title='bbox 1694 1624 1754 1925; x_wconf 89' lang='lat' dir='ltr'>delectaret,</span> <span class='ocrx_word' id='word_1_203' title='bbox 1705 1963 1752 2224; x_wconf 82' lang='lat' dir='ltr'>veritatem</span> <span class='ocrx_word' id='word_1_204' title='bbox 1687 2261 1750 2474; x_wconf 84' lang='lat' dir='ltr'>aperuit.</span> 
     </span>
    </p>

    <p class='ocr_par' dir='ltr' id='par_1_5' title="bbox 1385 1318 1673 3017">
     <span class='ocr_line' id='line_1_30' title="bbox 1623 1451 1673 3017; textangle 270"><span class='ocrx_word' id='word_1_205' title='bbox 1626 1451 1673 1551; x_wconf 84' lang='lat' dir='ltr'>Aut</span> <span class='ocrx_word' id='word_1_206' title='bbox 1627 1594 1670 1785; x_wconf 87' lang='lat' dir='ltr'>mutata</span> <span class='ocrx_word' id='word_1_207' title='bbox 1624 1833 1666 1970; x_wconf 76' lang='lat' dir='ltr'>veste</span> <span class='ocrx_word' id='word_1_208' title='bbox 1625 2016 1666 2100; x_wconf 87' lang='lat' dir='ltr'>aut</span> <span class='ocrx_word' id='word_1_209' title='bbox 1624 2148 1670 2241; x_wconf 90' lang='lat' dir='ltr'>situ</span> <span class='ocrx_word' id='word_1_210' title='bbox 1624 2286 1655 2342; x_wconf 89' lang='lat' dir='ltr'>ac</span> <span class='ocrx_word' id='word_1_211' title='bbox 1623 2379 1655 2606; x_wconf 86' lang='lat' dir='ltr'>moerore</span> <span class='ocrx_word' id='word_1_212' title='bbox 1623 2642 1671 2879; x_wconf 87' lang='lat' dir='ltr'>deformis</span> <span class='ocrx_word' id='word_1_213' title='bbox 1624 2915 1672 3017; x_wconf 85' lang='lat' dir='ltr'>sra-</span> 
     </span>
     <span class='ocr_line' id='line_1_31' title="bbox 1528 1318 1594 3014; textangle 270"><span class='ocrx_word' id='word_1_214' title='bbox 1546 1318 1589 1448; x_wconf 86' lang='lat' dir='ltr'>trem</span> <span class='ocrx_word' id='word_1_215' title='bbox 1530 1496 1594 1747; x_wconf 79' lang='lat' dir='ltr'>Thyestes</span> <span class='ocrx_word' id='word_1_216' title='bbox 1544 1785 1593 1953; x_wconf 86' lang='lat' dir='ltr'>adisse</span> <span class='ocrx_word' id='word_1_217' title='bbox 1544 1987 1591 2183; x_wconf 73' lang='lat' dir='ltr'>videtur</span> <span class='ocrx_word' id='word_1_218' title='bbox 1543 2218 1585 2270; x_wconf 84' lang='lat' dir='ltr'>et</span> <span class='ocrx_word' id='word_1_219' title='bbox 1543 2306 1591 2462; x_wconf 91' lang='lat' dir='ltr'>filium</span> <span class='ocrx_word' id='word_1_220' title='bbox 1543 2501 1589 2545; x_wconf 89' lang='lat' dir='ltr'>ei</span> <span class='ocrx_word' id='word_1_221' title='bbox 1544 2581 1574 2692; x_wconf 92' lang='lat' dir='ltr'>cum</span> <span class='ocrx_word' id='word_1_222' title='bbox 1528 2729 1590 3014; x_wconf 68' lang='lat' dir='ltr'>nepotibus‚</span> 
     </span>
     <span class='ocr_line' id='line_1_32' title="bbox 1449 1319 1514 3016; textangle 270"><span class='ocrx_word' id='word_1_223' title='bbox 1453 1319 1514 1461; x_wconf 87' lang='lat' dir='ltr'>quasi</span> <span class='ocrx_word' id='word_1_224' title='bbox 1466 1497 1514 1799; x_wconf 80' lang='lat' dir='ltr'>divinatione</span> <span class='ocrx_word' id='word_1_225' title='bbox 1449 1833 1507 2113; x_wconf 78' lang='lat' dir='ltr'>repertum,</span> <span class='ocrx_word' id='word_1_226' title='bbox 1462 2149 1510 2434; x_wconf 85' lang='lat' dir='ltr'>adduxisse.</span> <span class='ocrx_word' id='word_1_227' title='bbox 1462 2487 1510 2725; x_wconf 84' lang='lat' dir='ltr'>Sardibus</span> <span class='ocrx_word' id='word_1_228' title='bbox 1462 2762 1495 2816; x_wconf 88' lang='lat' dir='ltr'>se</span> <span class='ocrx_word' id='word_1_229' title='bbox 1462 2851 1510 3016; x_wconf 89' lang='lat' dir='ltr'>oriun-</span> 
     </span>
     <span class='ocr_line' id='line_1_33' title="bbox 1385 1318 1435 1750; textangle 270"><span class='ocrx_word' id='word_1_230' title='bbox 1386 1318 1435 1437; x_wconf 90' lang='lat' dir='ltr'>dum</span> <span class='ocrx_word' id='word_1_231' title='bbox 1386 1474 1417 1588; x_wconf 90' lang='lat' dir='ltr'>esse</span> <span class='ocrx_word' id='word_1_232' title='bbox 1385 1624 1433 1750; x_wconf 85' lang='lat' dir='ltr'>dixit</span> 
     </span>
    </p>

    <p class='ocr_par' dir='ltr' id='par_1_6' title="bbox 970 1314 1359 3012">
     <span class='ocr_line' id='line_1_34' title="bbox 1285 1450 1359 2542; textangle 270"><span class='ocrx_word' id='word_1_233' title='bbox 1290 1450 1359 1552; x_wconf 74' lang='grc' dir='ltr'>ἐγὼ</span> <span class='ocrx_word' id='word_1_234' title='bbox 1304 1586 1355 1643; x_wconf 81' lang='grc' dir='ltr'>δὲ</span> <span class='ocrx_word' id='word_1_235' title='bbox 1290 1674 1354 2004; x_wconf 76' lang='grc' dir='ltr'><em>Σαρδιανός,</em></span> <span class='ocrx_word' id='word_1_236' title='bbox 1301 2042 1352 2107; x_wconf 82' lang='grc' dir='ltr'>οὐ</span> <span class='ocrx_word' id='word_1_237' title='bbox 1285 2142 1352 2243; x_wconf 77' lang='grc' dir='ltr'>γὰρ</span> <span class='ocrx_word' id='word_1_238' title='bbox 1286 2273 1355 2542; x_wconf 75' lang='grc' dir='ltr'>Ἀργόλας,</span> 
     </span>
     <span class='ocr_line' id='line_1_35' title="bbox 1203 1316 1275 3012; textangle 270"><span class='ocrx_word' id='word_1_239' title='bbox 1213 1316 1275 1461; x_wconf 72' lang='lat' dir='ltr'>ideo,</span> <span class='ocrx_word' id='word_1_240' title='bbox 1210 1517 1270 1650; x_wconf 86' lang='lat' dir='ltr'>quod</span> <span class='ocrx_word' id='word_1_241' title='bbox 1206 1693 1270 1838; x_wconf 82' lang='lat' dir='ltr'>Argis</span> <span class='ocrx_word' id='word_1_242' title='bbox 1206 1875 1269 2045; x_wconf 90' lang='lat' dir='ltr'>pulsus</span> <span class='ocrx_word' id='word_1_243' title='bbox 1222 2083 1268 2131; x_wconf 88' lang='lat' dir='ltr'>in</span> <span class='ocrx_word' id='word_1_244' title='bbox 1205 2165 1269 2408; x_wconf 76' lang='lat' dir='ltr'>Lydiam,</span> <span class='ocrx_word' id='word_1_245' title='bbox 1203 2456 1269 2713; x_wconf 87' lang='lat' dir='ltr'>pristinam</span> <span class='ocrx_word' id='word_1_246' title='bbox 1207 2750 1271 3012; x_wconf 88' lang='lat' dir='ltr'>Pelopida-</span> 
     </span>
     <span class='ocr_line' id='line_1_36' title="bbox 1127 1315 1193 3005; textangle 270"><span class='ocrx_word' id='word_1_247' title='bbox 1146 1315 1178 1424; x_wconf 82' lang='lat' dir='ltr'>rum</span> <span class='ocrx_word' id='word_1_248' title='bbox 1130 1463 1191 1698; x_wconf 73' lang='lat' dir='ltr'>patriam,</span> <span class='ocrx_word' id='word_1_249' title='bbox 1142 1735 1183 2050; x_wconf 83' lang='lat' dir='ltr'>concesserat</span> <span class='ocrx_word' id='word_1_250' title='bbox 1127 2069 1191 2138; x_wconf 76' lang='lat'>*).</span> <span class='ocrx_word' id='word_1_251' title='bbox 1139 2203 1188 2339; x_wconf 89' lang='lat' dir='ltr'>Duos</span> <span class='ocrx_word' id='word_1_252' title='bbox 1140 2376 1189 2645; x_wconf 85' lang='lat' dir='ltr'>Plisthenis</span> <span class='ocrx_word' id='word_1_253' title='bbox 1144 2681 1189 2812; x_wconf 88' lang='lat' dir='ltr'>filios</span> <span class='ocrx_word' id='word_1_254' title='bbox 1131 2849 1193 3005; x_wconf 79' lang='lat' dir='ltr'>(Aga-</span> 
     </span>
     <span class='ocr_line' id='line_1_37' title="bbox 1048 1316 1112 3011; textangle 270"><span class='ocrx_word' id='word_1_255' title='bbox 1066 1316 1098 1631; x_wconf 89' lang='lat' dir='ltr'>memnonem</span> <span class='ocrx_word' id='word_1_256' title='bbox 1049 1696 1106 1845; x_wconf 88' lang='lat' dir='ltr'>atque</span> <span class='ocrx_word' id='word_1_257' title='bbox 1048 1906 1111 2213; x_wconf 79' lang='lat' dir='ltr'>Menelaum)</span> <span class='ocrx_word' id='word_1_258' title='bbox 1059 2276 1091 2368; x_wconf 84' lang='lat' dir='ltr'>una</span> <span class='ocrx_word' id='word_1_259' title='bbox 1061 2432 1109 2674; x_wconf 86' lang='lat' dir='ltr'>adductos</span> <span class='ocrx_word' id='word_1_260' title='bbox 1063 2725 1095 2837; x_wconf 86' lang='lat' dir='ltr'>esse</span> <span class='ocrx_word' id='word_1_261' title='bbox 1063 2886 1112 3011; x_wconf 90' lang='lat' dir='ltr'>haec</span> 
     </span>
     <span class='ocr_line' id='line_1_38' title="bbox 970 1314 1036 2053; textangle 270"><span class='ocrx_word' id='word_1_262' title='bbox 970 1314 1036 1553; x_wconf 84' lang='lat' dir='ltr'>Thyestis</span> <span class='ocrx_word' id='word_1_263' title='bbox 985 1588 1032 1735; x_wconf 75' lang='lat' dir='ltr'>verba</span> <span class='ocrx_word' id='word_1_264' title='bbox 982 1772 1031 2053; x_wconf 88' lang='lat' dir='ltr'>declarant:</span> 
     </span>
    </p>

    <p class='ocr_par' dir='ltr' id='par_1_7' title="bbox 885 1450 953 2789">
     <span class='ocr_line' id='line_1_39' title="bbox 885 1450 953 2789; textangle 270"><span class='ocrx_word' id='word_1_265' title='bbox 892 1450 953 1577; x_wconf 73' lang='lat' dir='ltr'>„Et</span> <span class='ocrx_word' id='word_1_266' title='bbox 904 1624 946 1691; x_wconf 79' lang='lat' dir='ltr'>ut</span> <span class='ocrx_word' id='word_1_267' title='bbox 903 1738 945 1806; x_wconf 80' lang='lat' dir='ltr'>te</span> <span class='ocrx_word' id='word_1_268' title='bbox 885 1850 950 2136; x_wconf 77' lang='lat' dir='ltr'>triplici</span> <span class='ocrx_word' id='word_1_269' title='bbox 901 2183 949 2524; x_wconf 79' lang='lat' dir='ltr'>laetarem</span> <span class='ocrx_word' id='word_1_270' title='bbox 900 2574 951 2789; x_wconf 75' lang='lat' dir='ltr'>bon0.&#39;&#39;</span> 
     </span>
    </p>
   </div>
   <div class='ocr_carea' id='block_1_4' title="bbox 710 1372 840 3009">
    <p class='ocr_par' dir='ltr' id='par_1_8' title="bbox 710 1372 840 3009">
     <span class='ocr_line' id='line_1_40' title="bbox 779 1372 840 3009; textangle 270"><span class='ocrx_word' id='word_1_271' title='bbox 785 1372 839 1421; x_wconf 36' lang='grc' dir='ltr'>ἴῃ)</span> <span class='ocrx_word' id='word_1_272' title='bbox 783 1450 840 1621; x_wconf 81' lang='lat' dir='ltr'>Hygia.</span> <span class='ocrx_word' id='word_1_273' title='bbox 795 1656 822 1693; x_wconf 90' lang='lat' dir='ltr'>c.</span> <span class='ocrx_word' id='word_1_274' title='bbox 796 1726 838 1803; x_wconf 82' lang='lat'>88.-</span> <span class='ocrx_word' id='word_1_275' title='bbox 783 1833 835 2052; x_wconf 81' lang='lat' dir='ltr'>„Postero</span> <span class='ocrx_word' id='word_1_276' title='bbox 796 2084 838 2155; x_wconf 87' lang='lat' dir='ltr'>die</span> <span class='ocrx_word' id='word_1_277' title='bbox 779 2185 831 2319; x_wconf 80' lang='lat' dir='ltr'>rogat:</span> <span class='ocrx_word' id='word_1_278' title='bbox 780 2347 823 2506; x_wconf 83' lang='lat' dir='ltr'>regem</span> <span class='ocrx_word' id='word_1_279' title='bbox 782 2535 837 2781; x_wconf 82' lang='lat' dir='ltr'>Thyestes,</span> <span class='ocrx_word' id='word_1_280' title='bbox 795 2812 834 2860; x_wconf 87' lang='lat' dir='ltr'>ut</span> <span class='ocrx_word' id='word_1_281' title='bbox 796 2889 825 2937; x_wconf 77' lang='lat' dir='ltr'>se</span> <span class='ocrx_word' id='word_1_282' title='bbox 798 2966 839 3009; x_wconf 89' lang='lat' dir='ltr'>in</span> 
     </span>
     <span class='ocr_line' id='line_1_41' title="bbox 710 1453 767 2194; textangle 270"><span class='ocrx_word' id='word_1_283' title='bbox 713 1453 767 1649; x_wconf 77' lang='lat' dir='ltr'>patriam</span> <span class='ocrx_word' id='word_1_284' title='bbox 710 1678 767 1873; x_wconf 85' lang='lat' dir='ltr'>Lydiam</span> <span class='ocrx_word' id='word_1_285' title='bbox 722 1902 766 2194; x_wconf 78' lang='lat' dir='ltr'>remitteret.&#39;&#39;</span> 
     </span>
    </p>
   </div>
   <div class='ocr_carea' id='block_1_5' title="bbox 0 0 0 2654">
    <p class='ocr_par' dir='ltr' id='par_1_9' title="bbox 0 0 0 2654">
     <span class='ocr_line' id='line_1_42' title="bbox 0 0 0 2654; textangle 270"><span class='ocrx_word' id='word_1_286' title='bbox 0 0 0 2654; x_wconf 95' lang='lat' dir='ltr'>                                              </span> 
     </span>
    </p>
   </div>
   <div class='ocr_carea' id='block_1_6' title="bbox 2692 3192 3778 3200">
    <p class='ocr_par' dir='ltr' id='par_1_10' title="bbox 2692 3192 3778 3200">
     <span class='ocr_line' id='line_1_43' title="bbox 2692 3192 3778 3200; textangle 270"><span class='ocrx_word' id='word_1_287' title='bbox 2692 3192 3778 3200; x_wconf 95' lang='lat' dir='ltr'> </span> 
     </span>
    </p>
   </div>
   <div class='ocr_carea' id='block_1_7' title="bbox 1243 3334 2594 3336">
    <p class='ocr_par' dir='ltr' id='par_1_11' title="bbox 1243 3334 2594 3336">
     <span class='ocr_line' id='line_1_44' title="bbox 1243 3334 2594 3336; textangle 270"><span class='ocrx_word' id='word_1_288' title='bbox 1243 3334 2594 3336; x_wconf 95' lang='lat' dir='ltr'> </span> 
     </span>
    </p>
   </div>
   <div class='ocr_carea' id='block_1_8' title="bbox 673 3333 2594 3336">
    <p class='ocr_par' dir='ltr' id='par_1_12' title="bbox 673 3333 2594 3336">
     <span class='ocr_line' id='line_1_45' title="bbox 673 3333 2594 3336; textangle 270"><span class='ocrx_word' id='word_1_289' title='bbox 673 3333 2594 3336; x_wconf 95' lang='lat' dir='ltr'> </span> 
     </span>
    </p>
   </div>
   <div class='ocr_carea' id='block_1_9' title="bbox 0 0 750 3332">
    <p class='ocr_par' dir='ltr' id='par_1_13' title="bbox 0 0 750 3332">
     <span class='ocr_line' id='line_1_46' title="bbox 0 0 750 3332; textangle 270"><span class='ocrx_word' id='word_1_290' title='bbox 0 0 750 3332; x_wconf 95' lang='lat' dir='ltr'> </span> 
     </span>
    </p>
   </div>
  </div>
 </body>
</html>
