5010 3336
3940 2046 3969 2072 V

3913 2044 3968 2166 032

3776 1248 3828 1448 enim‘P’⁹
3763 1486 3826 1671 inquit,
3764 1718 3823 1903 „matri
3773 1940 3822 2095 filium
3770 2129 3819 2330 habenti
3768 2379 3811 2430 et
3752 2476 3815 2655 filiam,
3764 2707 3812 2748 si
3760 2797 3812 2950 filiam

3683 1246 3744 1421 aliquis
3680 1459 3744 1656 eripuit,
3680 1701 3742 1938 numquid
3692 1976 3739 2137 solatii
3690 2172 3738 2315 affert
3673 2352 3733 2539 punitio
3672 2576 3732 2718 alius,
3668 2758 3728 2841 qui
3682 2877 3728 2952 in-

3616 1245 3665 1447 terfecit
3615 1481 3664 1710 filium‘3’⁷
3614 1783 3661 1918 ldem
3596 1955 3659 2119 paullo
3610 2160 3650 2302 ante:
3597 2340 3654 2426 „Si
3603 2465 3653 2723 Hecubam
3602 2762 3633 2819 eo
3602 2858 3647 2950 mi—

3536 1244 3568 1408 seram
3534 1456 3582 1719 ostendere
3533 1765 3580 1919 voluit
3517 1957 3573 2127 poeta,
3514 2168 3574 2295 quod
3511 2331 3574 2542 plurima
3524 2577 3570 2621 ei
3523 2659 3568 2781 mala
3521 2819 3568 2950 acci-

3444 1244 3504 1465 dissent,
3455 1522 3486 1609 cur
3454 1668 3500 1800 solos
3451 1858 3498 2107 coniunxit
3432 2163 3496 2463 Polydorum
3443 2523 3484 2571 et
3426 2627 3490 2948 Polyxenam,

3359 1244 3422 1419 quibus
3376 1457 3422 1537 illa
3362 1575 3421 1853 orbaretur,
3355 1894 3401 2042 quum
3370 2080 3415 2255 eodem
3366 2294 3413 2401 iure
3363 2439 3411 2587 etiam
3362 2624 3403 2699 tot
3361 2728 3408 2849 ali0s
3361 2888 3407 2948 fi-

3296 1243 3343 1336 lios
3295 1372 3338 1421 et
3293 1460 3341 1737 uuiversum
3292 1777 3338 1908 urbis
3290 1946 3336 2191 excidium
3283 2222 3332 2486 adnectere
3266 2524 3327 2784 potuerit‘}
3280 2821 3327 2948 Nam

3215 1243 3262 1286 si
3213 1322 3262 1691 multitudinem
3211 1727 3259 1964 malorum
3194 2005 3246 2349 argumentum
3202 2378 3233 2488 esse
3201 2518 3247 2715 fabulae
3186 2739 3247 2947 volebat,

3134 1244 3181 1405 omnia
3133 1460 3180 1507 iu
3116 1562 3171 1883 conspectum
3129 1937 3175 2152 debebat
3109 2208 3170 2512 producere,
3106 2579 3166 2690 quia
3120 2742 3150 2801 ex
3119 2847 3166 2944 illis

3052 1242 3099 1470 omnibus
3052 1510 3099 1708 demum
3050 1748 3098 2011 coniicitur
3049 2049 3094 2129 illa
3030 2181 3092 2471 multitudO,
3041 2523 3072 2620 non
3039 2672 3079 2834 autem
3038 2882 3084 2945 de

2955 1239 3018 1468 plurimis
2973 1506 3019 1601 duo
2971 1641 3010 1830 temere
2954 1869 3009 2065 arrepta
2954 2097 3014 2294 afferre,
2964 2334 3010 2382 in
2948 2416 3007 2590 quibus
2945 2624 2991 2782 neque
2959 2819 3005 2945 mul-

2891 1240 2938 1466 titudiuis
2891 1504 2938 1746 malorum
2891 1786 2937 1882 ulla
2872 1920 2936 2081 imago
2886 2119 2925 2196 est
2870 2234 2916 2393 neque
2868 2429 2929 2533 ipsa
2865 2570 2924 2816 quomodo
2878 2868 2925 2943 in-

2810 1238 2851 1317 ter
2809 1355 2842 1410 se
2800 1461 2857 1791 cohaereant,
2809 1842 2854 1933 nisi
2793 1975 2852 2103 quod
2806 2144 2851 2226 uui
2804 2265 2850 2457 mulieri
2800 2496 2846 2673 eodem
2783 2711 2839 2940 tempore

2718 1238 2775 1527 acciderint,
2714 1556 2776 1905 perspicitur.‘⁷⁷
2726 1943 2773 2017 Ad
2710 2052 2770 2327 posteriora
2706 2360 2768 2497 prius
2703 2530 2764 2941 respondeamus,

2649 1240 2696 1471 Omnium
2648 1504 2695 1772 liberorum
2645 1809 2693 2063 interitum
2645 2100 2674 2209 eum
2641 2245 2688 2473 universo
2639 2511 2684 2646 urbis
2638 2681 2684 2872 excidio
2638 2898 2684 2941 si

2551 1236 2615 1506 Euripides
2551 1565 2605 2023 repraesentasset,
2563 2082 2595 2135 se
2562 2183 2608 2249 ait
2546 2300 2606 2621 probaturum
2557 2671 2605 2828 fuisse
2556 2869 2604 2944 vir

2470 1238 2534 1605 sagacissimus.
2471 1654 2533 1803 Atqui
2486 1827 2531 1919 hoc
2469 1954 2531 2114 ipsum
2481 2154 2527 2212 ab
2482 2248 2528 2332 illo
2478 2369 2527 2555 sactum
2477 2586 2508 2697 esse
2476 2726 2524 2940 affirmo.

2405 1238 2454 1481 Omnibus
2399 1521 2452 1681 enim,
2391 1739 2435 1862 quos
2402 1898 2450 2110 habebat
2386 2148 2447 2448 incolumes,
2397 2500 2444 2668 liberis
2381 2708 2427 2942 quorum-

2310 1237 2357 1334 que
2327 1372 2374 1503 salus
2309 1540 2372 1635 ipsi
2325 1674 2371 1857 auxilio
2308 1895 2363 2042 atque
2321 2079 2367 2251 solatio
2318 2290 2349 2400 esse
2302 2438 2357 2634 poterat
2302 2660 2364 2795 (nam
2315 2820 2362 2940 Cas-

2245 1235 2292 1464 sandram
2231 1514 2291 1713 quidem
2227 1765 2290 2021 abreptam
2242 2062 2281 2111 et
2224 2148 2286 2407 pellicatus
2221 2445 2282 2752 turpitudine
2234 2787 2283 2942 dede-

2165 1234 2206 1453 coratam
2165 1503 2212 1600 hoc
2148 1646 2205 1874 tempore
2163 1925 2209 2017 iam
2147 2069 2207 2255 amisit)
2145 2307 2205 2491 privari
2157 2544 2186 2647 eam
2151 2700 2201 2940 videmuS.

2084 1231 2132 1387 Urbis
2085 1425 2124 1590 autem
2085 1623 2131 1868 excidium
2085 1908 2125 1955 et
2082 1994 2127 2320 cummaxime
2079 2371 2126 2558 sactum
2077 2603 2118 2680 est
2078 2716 2117 2764 et
2076 2801 2122 2939 chori

2005 1233 2052 1532 carminibus
2006 1571 2052 1643 sic
1993 1680 2053 2008 describitur,
2004 2060 2044 2112 ut
1987 2160 2047 2295 quasi
1999 2332 2031 2494 coram
1981 2534 2043 2824 conspicere
1996 2855 2027 2939 no-

1923 1229 1972 1310 bis
1925 1348 1971 1618 videamnr.
1924 1689 1973 1968 Universae
1909 2004 1969 2156 igitur
1906 2193 1966 2384 patriae
1903 2420 1963 2659 regnique
1915 2684 1963 2939 interitum

1844 1235 1887 1286 et
1846 1311 1891 1472 omnia
1845 1499 1893 1738 Hecubae
1832 1776 1892 1919 mala,
1830 1956 1875 2081 quae
1843 2119 1890 2197 illa
1839 2236 1887 2515 calamitate
1822 2544 1883 2938 comprehende-

1755 1230 1810 1442 bantur,
1766 1494 1812 1590 hoc
1764 1628 1812 1852 dramate
1755 1875 1776 1887 ,
1748 1928 1806 2170 quatenus
1744 2208 1805 2493 tragoediae
1757 2530 1798 2703 natura
1740 2740 1797 2937 patere-

1672 1229 1727 1334 tur,
1668 1382 1731 1751 repraesentari
1684 1800 1723 1936 recte
1681 1973 1729 2207 iudicavit
1678 2244 1726 2540 Aristoteles
1664 2579 1724 2769 verbis,
1660 2809 1706 2935 quae

1588 1234 1635 1385 supra
1587 1420 1650 1696 posuimus,
1603 1767 1653 1970 Duobus
1601 2008 1643 2173 autem
1586 2213 1647 2413 liberis,
1581 2463 1642 2543 qui
1596 2581 1641 2723 matri
1595 2760 1642 2936 miser-

1523 1231 1570 1389 rimae
1523 1424 1571 1589 relicti
1512 1627 1566 1769 sunt,
1507 1810 1570 1995 duplici
1504 2032 1567 2240 perfidia
1503 2278 1565 2474 Ulyssis
1502 2510 1556 2660 atque
1500 2698 1562 2935 Polyme-

1443 1231 1490 1383 storis
1443 1422 1489 1639 orbatur.
1443 1713 1492 1878 Potuit
1441 1926 1488 2055 enim
1425 2094 1486 2398 captivarum
1422 2446 1483 2697 quaelibet
1420 2734 1481 2933 Achilli,

1363 1228 1395 1326 non
1348 1372 1410 1676 Polyxenam
1362 1727 1409 2014 nominatim
1344 2068 1406 2370 postulanti,
1344 2419 1403 2634 obserri,
1355 2684 1398 2734 et
1355 2771 1402 2935 oblata

1271 1229 1326 1392 esset,
1283 1427 1332 1522 uisi
1283 1559 1331 1868 Graecorum
1268 1904 1328 1971 is,
1266 2010 1311 2158 quem
1278 2196 1325 2397 minime
1264 2432 1323 2626 decuit,
1274 2675 1322 2931 mulierem

1187 1227 1247 1529 prostratam
1190 1568 1250 1791 calcare,
1187 1832 1233 1976 quam
1183 2013 1246 2223 gratiam
1198 2260 1244 2511 servatrici
1184 2548 1243 2767 referre,
1195 2820 1226 2931 ma-

1123 1227 1172 1419 luisset.
1122 1490 1171 1711 Duorum
1122 1765 1162 1929 autem
1119 1977 1167 2228 hominum
1102 2277 1164 2485 perfidia
1106 2523 1165 2715 laesae,
1116 2754 1162 2795 si
1115 2832 1147 2927 non

1027 1225 1089 1388 possit
1028 1438 1090 1723 utriusque,
1042 1779 1083 1918 certe
1040 1966 1088 2171 alterius
1022 2209 1069 2419 poenam
1037 2456 1085 2629 solatio
1036 2666 1067 2778 esse
1021 2816 1082 2926 quis

948 1225 1011 1464 negabit?
949 1566 1010 1714 Atqui
946 1771 1009 2045 simplicem
944 2110 990 2318 poenam
941 2354 990 2445 pro
941 2502 1005 2688 duplici
954 2751 1003 2926 iniuria

868 1226 930 1357 exigi
866 1390 915 1533 nego.
882 1604 931 1804 Socium
880 1855 927 1985 euim
862 2033 926 2350 amicumque
877 2398 926 2706 Graecorum
859 2755 922 2924 inspe-

802 1223 850 1468 ctantibus
803 1495 850 1575 his
802 1598 845 1649 et
800 1682 847 2004 succurrendi
783 2034 840 2283 potestate
798 2311 846 2567 destitutis
783 2597 843 2922 pessumdans

720 1222 772 1433 Hecuba
706 1467 770 1716 duplicem
706 1763 769 1961 perficit
716 2008 767 2247 ultionem
718 2299 763 2349 et
718 2394 766 2441 in
700 2491 763 2738 angustias
700 2788 763 2919 Aga-
