5010 3336
3868 2138 3922 2258 412

3725 1364 3792 1604 ablegavit
3721 1635 3787 1901 Euripides
3720 1937 3781 2005 *),
3726 2040 3777 2276 nutricem
3721 2311 3768 2473 autem
3715 2509 3762 2719 removit
3699 2751 3761 2848 ita,
3707 2884 3749 2938 ut
3703 2970 3736 3033 ne

3662 1360 3709 1545 mentio
3645 1580 3707 1777 quidem
3655 1803 3702 1909 eius
3654 1944 3700 1993 in
3635 2013 3698 2197 reliqua
3642 2220 3694 2384 fabula
3640 2422 3689 2514 ulla
3621 2534 3686 2790 inficiatur,
3628 2826 3677 2876 id
3614 2903 3671 3031 quod

3567 1357 3631 1588 imperite
3580 1621 3611 1647 a
3561 1683 3623 1911 quopiam
3556 1947 3620 2277 vituperatur:
3549 2325 3608 2464 quasi
3556 2498 3606 2642 huius
3551 2679 3600 2810 salus
3550 2845 3597 2894 in
3546 2929 3595 3029 dis-

3501 1358 3551 1559 crimine
3498 1594 3539 1818 versetur
3495 1851 3542 1927 vel
3477 1961 3537 2167 perinde
3468 2213 3529 2362 atque
3475 2398 3530 2651 Phaedrae
3473 2686 3515 2735 et
3451 2771 3519 3030 Hippolyti

3421 1355 3469 1619 curandum
3420 1656 3471 1743 sit!

3341 1481 3390 1557 Ex
3336 1593 3385 1789 oraculo
3319 1823 3382 1970 igitur
3324 2015 3368 2274 coronatus
3319 2323 3368 2517 rediens
3311 2553 3364 2780 Theseus
3306 2827 3356 3024 domum

3263 1347 3313 1481 luctu
3258 1516 3308 1713 mixtam
3254 1749 3304 1933 invenit
3251 1966 3290 2017 et
3231 2050 3295 2307 coniugem
3235 2344 3286 2605 voluntaria
3230 2645 3273 2805 morte
3224 2839 3273 3023 exstin-

3182 1347 3227 1477 ctam
3180 1512 3213 1623 esse
3161 1659 3221 1925 cognoscit.
3169 2000 3219 2123 Mox
3167 2170 3197 2194 a

3105 1345 3152 1375 d
3104 1411 3151 1437 f
3092 2029 3139 2072 Τ
3149 2198 3210 2353 pertis
3155 2399 3207 2587 foribus
3134 2634 3185 2812 corpus
3132 2860 3194 3020 ipsum

3103 1381 3134 1407 e
3100 1437 3143 1609 unctae
3079 1655 3142 1983 conspicitur,

3086 2074 3136 2227 heseo
3078 2276 3130 2503 lamentis
3069 2556 3106 2799 summum
3065 2851 3113 3019 uxoris

3022 1343 3055 1559 amorem
3015 1595 3066 1911 declarante:
3011 1948 3045 2057 nam
3006 2095 3054 2191 vita
3002 2215 3037 2303 sua
2999 2327 3032 2434 eam
2991 2462 3043 2701 cariorem
2989 2737 3036 2829 sibi
2985 2865 3036 3019 fuisse

2933 1341 2992 1477 dicit,
2927 1515 2973 1667 seque
2937 1701 2986 1843 aliam
2920 1872 2975 1987 post
2929 2020 2978 2151 illam
2920 2186 2957 2386 uxorem
2911 2424 2966 2685 ducturum
2892 2706 2949 2869 negat.
2904 2917 2952 3015 Ubi

2863 1337 2895 1451 vero
2848 1488 2909 1681 litteris,
2843 1719 2889 1837 quas
2850 1874 2901 2108 defuncta
2826 2143 2884 2465 manutenet,
2831 2502 2882 2704 inventis
2809 2740 2875 3014 solutisque

2783 1334 2831 1488 filium
2781 1523 2829 1620 vim
2762 1656 2825 1851 coniugi
2773 1885 2806 2003 suae
2767 2038 2818 2205 facere
2760 2238 2795 2409 ausum
2755 2446 2788 2560 esse
2734 2594 2795 2832 cognovit,
2730 2867 2777 3011 prae-

2687 1334 2736 1452 ceps
2689 1486 2749 1575 ira,
2684 1614 2745 1745 quod
2679 1779 2744 2051 Neptunus,
2674 2089 2733 2171 qui
2669 2207 2726 2348 pater
2676 2376 2727 2562 Thesei
2671 2597 2704 2709 esse
2652 2742 2716 3008 ferebatur,

2624 1332 2656 1387 se
2622 1420 2664 1533 vota
2620 1568 2668 1658 tria
2602 1694 2661 1916 precanti
2595 1946 2660 2260 impleturum
2599 2290 2633 2402 esse
2580 2427 2641 2672 promisit,
2587 2709 2637 2885 horum
2583 2909 2615 3006 uno

2544 1328 2591 1389 ad
2526 1435 2587 1741 perdendum
2533 1797 2583 1951 filium
2511 2002 2575 2243 abutitur,
2503 2303 2553 2462 neque
2514 2512 2562 2604 hac
2493 2652 2558 3006 imprecatione

2447 1327 2503 1618 contentus,
2457 1671 2503 1818 etiam
2454 1856 2485 1884 e
2436 1917 2497 2075 patria
2445 2112 2478 2222 eum
2437 2273 2488 2454 eiicere
2429 2492 2482 2727 decernit.
2410 2796 2475 3004 ChoruS,

2366 1325 2415 1617 quamquam
2374 1653 2424 1855 minime
2353 1892 2419 2122 languet,
2347 2171 2405 2364 tamen,
2342 2412 2399 2634 quoniam
2332 2671 2380 2830 neque
2343 2867 2377 3001 com-

2302 1321 2349 1471 missa
2285 1515 2345 1731 prodere
2278 1777 2326 1938 neque
2287 1989 2321 2043 se
2280 2088 2329 2335 conscium
2276 2373 2309 2482 esse
2271 2520 2322 2664 fateri
2254 2699 2315 2828 vult,
2262 2876 2312 3000 haec

2208 1318 2269 1584 prohibere
2202 1617 2263 1803 nequit.

2138 1449 2188 1678 Accurrit
2134 1725 2180 1784 ad
2117 1830 2176 1986 patris
2119 2032 2172 2270 clamores
2099 2316 2165 2633 Hippolytus.
2090 2702 2157 2994 Priusquam

2062 1313 2105 1476 autem
2044 1515 2101 1695 actum,
2042 1732 2100 1814 qui
2033 1850 2094 2087 sequitur,
2028 2124 2082 2595 praestantissimum
2010 2630 2061 2992 recenseamus,

1983 1313 2031 1376 de
1965 1409 2030 1668 Hippolyti
1973 1703 2021 1875 studiis
1970 1911 2016 1972 ad
1962 2017 2012 2227 animum
1951 2279 2003 2602 excolendum
1934 2636 1993 2990 pertinentibus

1888 1311 1935 1464 pauca
1898 1494 1948 1701 dicenda
1892 1736 1935 1863 sunt.
1869 1931 1939 2207 Descripsit
1880 2240 1911 2297 ea
1860 2332 1925 2595 Euripides
1868 2630 1917 2709 his
1861 2736 1911 2987 versibus:

1805 1437 1870 1538 ἤδη
1818 1571 1876 1675 νὺν
1799 1710 1862 1853 αὔχει
1809 1887 1859 1975 καὶ
1806 2011 1857 2078 δι’
1783 2115 1853 2384 ἀψύχου
1776 2421 1843 2628 βορᾶς

1724 1436 1789 1615 λόγοις
1715 1650 1782 1921 καπήλευ’,
1709 1952 1782 2194 Ὀρφέα
1719 2229 1767 2274 τ’
1711 2309 1763 2530 ἄνακτ’
1692 2564 1759 2733 ἔχων

1639 1438 1709 1763 βάκχευε,
1642 1828 1694 2102 πολλῶν
1619 2147 1682 2564 γραμμάτων
1609 2619 1674 2833 τιμῶν
1618 2879 1652 2980 κα-

1539 2294 1599 2516 πνους

1482 1300 1549 1612 Pythagorae
1473 1647 1541 1956 disciplinam
1482 1992 1530 2070 his
1476 2106 1525 2266 verbis
1456 2321 1518 2583 significari
1462 2631 1505 2797 monet
1460 2832 1508 2979 scho-

1417 1299 1468 1498 liastes:
1413 1535 1467 1645 ἐπεὶ
1393 1676 1460 1778 γὰρ
1391 1814 1458 2027 ἔνδοξος
1384 2045 1456 2159 ἧνὸ
1374 2180 1443 2526 Πυθαγόρας,
1367 2563 1434 2663 ἤδη
1381 2685 1431 2772 καὶ
1378 2794 1428 2977 πολλοὶ

1321 1296 1390 1519 ἀψύχων
1315 1553 1384 1857 ἀπείχοντο·
1304 1906 1372 2086 ἀνοίγει
1314 2124 1366 2179 δὲ
1300 2213 1367 2338 τοὺς
1293 2370 1356 2614 χρόνους.
1287 2650 1351 2767 περὶ
1294 2802 1347 2973 αὐτοῦ

1242 1293 1309 1394 γὰρ
1241 1431 1306 1732 αἰνίξασθαι
1229 1766 1294 2013 βούλεται
1236 2048 1286 2076 ὁ
1212 2110 1282 2432 Εὐριπίδης·
1210 2466 1268 2706 τοιοῦτος
1218 2741 1270 2796 δέ
1214 2832 1269 2973 ἐστιν

1177 1293 1228 1374 οἷεὶ
1173 1414 1225 1478 τὰ
1154 1523 1221 1728 ἡρωϊκὸι
1146 1773 1210 2025 πρόςωπα
1135 2071 1203 2305 εἰςοέγων.
1142 2388 1195 2587 Vicinas
1120 2640 1179 2969 cognatasque

985 1345 1039 1395 Κ’Ὀ
994 1425 1037 1578 Schol.
991 1612 1031 1668 ad
988 1698 1016 1741 v.
984 1772 1029 1879 654:
972 1912 1026 2053 ἄλλως
975 2093 1003 2139 τε
974 2171 1016 2249 καὶ
973 2294 1017 2319 ὁ
956 2347 1011 2541 ποιητὴς
950 2570 1007 2965 οἰκονομικῶς

922 1426 965 1563 τοῦτο
904 1582 964 1879 ἐξεργάζεται,
909 1902 954 1979 διὰ
894 2004 948 2086 τῆς
904 2100 946 2185 τοῦ
899 2212 948 2488 Ἱππολύτου
886 2506 942 2732 ἀπουσίας
882 2752 935 2963 ἐξουσίαν

843 1427 897 1586 διδοὺς
834 1613 889 1672 τῇ
826 1707 885 1883 Φαίδρα
826 1912 882 2196 ἐργάσασθαι
819 2214 876 2297 τήν
815 2314 875 2511 οέγχόνην
824 2534 866 2609 καὶ
809 2632 867 2717 τὴν
804 2742 861 2961 διαβολὴν

780 1425 828 1572 αὐτοῦ
764 1601 823 1687 τήν
772 1726 817 1803 διὰ
768 1846 810 1938 ταῖν
751 1977 808 2273 γραμμάτων,
758 2313 801 2389 ἵνα
744 2427 800 2457 ἠ
744 2498 798 2654 δέλτος
748 2694 791 2772 καὶ
736 2807 792 2837 ἡ
743 2876 786 2960 τοῦ

704 1423 756 1689 Ἱππολύτου
688 1715 749 1879 ἐρημία
679 1907 738 2190 πιστώσηται
676 2218 733 2301 τήν
669 2330 725 2607 κατηγορίαν
666 2636 721 2717 τῆς
663 2738 716 2954 μοιχείας.

1037 3169 1110 3176 r<-„v
1136 3173 1178 3177 ,st
