5010 3336
3383 3322 3409 3333 κζ
3380 3282 3408 3315 ³11

1065 2110 1122 2186 35

1225 2813 1272 3001 diarum
1220 2462 1283 2749 inscriptum
1216 2243 1263 2398 fuisse
1215 2021 1259 2177 testes
1210 1778 1255 1957 docent
1200 1339 1265 1727 locupletissimi.

1301 2760 1366 3000 Licymnii
1306 2570 1362 2714 atque
1299 2260 1346 2523 Alcmenae
1292 1916 1337 2215 calamitates
1286 1517 1334 1880 consociaverat
1281 1338 1341 1482 tragi-

1398 2914 1428 2999 cus
1380 2612 1437 2877 Xenocles,
1394 2419 1439 2560 quam
1370 2072 1433 2369 tragoediam
1367 1682 1428 2034 Aristophanes
1364 1598 1407 1645 in
1360 1338 1408 1561 Nubibus

1461 2934 1523 2999 (v.
1462 2768 1505 2894 1264
1458 2607 1519 2733 seq.)
1455 2326 1518 2557 respexit.
1450 2123 1495 2257 Idem
1450 2017 1494 2074 ab
1443 1726 1506 1965 Euripide
1442 1497 1487 1680 sactum
1454 1334 1485 1446 esse

1540 2744 1601 3000 quominus
1542 2410 1591 2707 statuamus,
1531 2297 1578 2361 nil
1526 2030 1590 2250 impedit.
1525 1907 1570 1958 ln
1521 1556 1585 1869 proverbium
1518 1334 1565 1518 abierat

1623 2728 1680 3000 tempestas
1622 2465 1678 2664 propter
1611 2114 1660 2412 Alcumenae
1603 1662 1667 2063 imprecationem
1603 1434 1645 1603 coorta
1602 1332 1643 1383 et

1698 2794 1745 3000 fulmina
1702 2549 1758 2749 propter
1689 2267 1752 2503 Licymnii
1686 2018 1734 2219 caedem
1682 1793 1739 1970 missa,
1678 1535 1726 1743 testibus
1676 1333 1736 1500 Hesy-

1777 2858 1834 2998 chio„
1775 2482 1836 2808 Aristophane
1774 2397 1816 2447 et
1768 2174 1814 2361 Plauto,
1761 1873 1824 2093 Hesych.
1776 1789 1808 1826 s.
1774 1695 1807 1739 v.
1753 1332 1817 1647 Λικυμνίοις

1856 2799 1919 2995 βολαῖς·
1854 2678 1902 2783 τῶν
1849 2604 1901 2660 ἐν
1855 2520 1914 2589 τῷ
1844 2205 1909 2503 Εὐριπίδου
1840 1917 1907 2189 Λικυμνίῳ
1834 1578 1902 1899 μνημονεύω
1832 1494 1882 1559 ἂν
1832 1334 1890 1476 ἴσως·

1937 2646 1996 2997 κεραυνοῦται
1929 2523 1994 2622 γὰρ
1927 2459 1994 2494 ἦ
1930 2300 1984 2433 ναῦς
1922 2152 1974 2281 κατὰ
1922 2039 1971 2133 τὸν
1917 1916 1970 2021 ἐκεῖ
1919 1722 1983 1898 λόγον,
1915 1608 1979 1702 οὐχ
1913 1516 1973 1585 ὡς
1912 1330 1962 1495 αὐτοῦ

2019 2901 2064 2997 τοῦ
2010 2534 2076 2865 Λικυμνίου,
2011 2388 2074 2480 τῆς
2003 2084 2061 2326 Φωκίδος
1996 1563 2063 2035 κατεσκεμμένο[υ].
1993 1329 2041 1492 Schol.

2095 2744 2156 2997 Aristoph.
2094 2620 2141 2707 Av.
2093 2442 2137 2592 1242:
2086 2348 2137 2405 ἐν
2089 2211 2143 2317 τοῖς
2079 1712 2147 2173 ἐπιγεγραμμένας
2070 1328 2125 1684 Ἀπολλωνίου

2177 2831 2223 2998 ταῦτα
2170 2496 2235 2797 γέγραπται,
2166 2378 2217 2458 ὅτι
2162 1936 2233 2345 ἡμίφλεκτόν
2178 1746 2209 1901 τινα
2156 1457 2219 1713 είςάγει
2150 1325 2209 1422 εἰς

2251 2716 2303 2997 τοιοῦτό
2268 2620 2299 2680 τι
2243 1973 2311 2585 κεκεραυνωμένον
2241 1835 2291 1938 ἀπὸ
2242 1699 2305 1791 τῆς
2233 1324 2300 1669 περιστάσεως

2332 2778 2395 2994 ἐκείνης·
2330 2644 2395 2721 εἴη
2324 2560 2379 2605 δ’
2328 2462 2378 2527 ἂν
2334 2333 2378 2429 τοῦ
2324 1950 2391 2295 Εὐριπιδείου
2317 1587 2385 1914 μεμνημένος
2312 1324 2379 1549 ἀγγέλου

2418 2896 2463 2994 τοῦ
2411 2802 2461 2859 ἐν
2417 2696 2476 2767 τῷ
2410 2359 2476 2661 Λικυμνίῳ·
2407 2189 2472 2322 λέγει
2404 2056 2469 2156 γὰρ
2402 1937 2454 2018 ἐπὶ
2404 1667 2465 1905 τελευτῆς
2398 1420 2453 1633 ἐκεῖνος.
2421 1323 2429 1384 —-

2492 2936 2543 2993 ἐν
2490 2612 2557 2885 Λικυμνίῳ
2490 2511 2541 2566 δὲ
2491 2241 2554 2463 δράματι
2486 1898 2549 2195 Εὐριπίδου
2482 1654 2547 1863 εἰςήχθη
2496 1542 2535 1618 τις
2490 1321 2537 1510 κεραυ-

2572 2592 2637 2995 νοβολούμενος.
2572 2470 2620 2522 In
2574 2341 2619 2437 tine
2572 2159 2634 2307 igitur
2568 1846 2629 2126 tragoediae
2564 1622 2611 1813 redibat
2558 1415 2620 1589 aliquis
2569 1318 2601 1379 ex

2656 2838 2703 2994 nautis
2655 2742 2700 2791 in
2654 2546 2700 2696 altum
2652 2227 2715 2500 profectis,
2648 2096 2711 2179 qui
2647 1803 2694 2051 interitum
2644 1661 2690 1764 sive
2640 1488 2686 1627 unius
2634 1319 2682 1452 navis

2736 2890 2781 2990 sive
2734 2587 2779 2843 universae
2732 2371 2777 2540 classis
2733 2030 2792 2323 tempestate
2725 1640 2785 1996 horrendisque
2715 1318 2765 1604 fulminibus

2813 2761 2861 2991 effectum
2813 2417 2873 2704 exponebat.
2810 2168 2870 2331 Atque
2808 1909 2869 2119 ingentis
2799 1550 2865 1860 tempestatis
2792 1316 2843 1503 descri-

2894 2778 2955 2992 ptionem
2890 2468 2939 2733 Alcmenae
2889 2229 2936 2423 fabulae
2887 1980 2934 2188 infuisse
2884 1731 2931 1934 Plautus
2878 1553 2927 1683 Rud.
2876 1482 2935 1519 Ι,
2876 1400 2934 1446 1,
2874 1317 2921 1364 4.

2976 2751 3020 2991 testatur:

3048 2718 3107 2857 „Pro
3046 2604 3094 2682 dii
3048 2236 3106 2571 immortales,
3048 1839 3109 2200 tempestatem
3035 1518 3089 1802 cuiusmodi

3125 2575 3190 2853 Neptunus
3127 2402 3173 2541 uobis
3131 2218 3173 2366 ‘nocte
3124 2087 3171 2183 hac
3124 1914 3169 2051 misit
3119 1592 3185 1885 proxuma!

3206 2630 3254 2845 Deteoeit
3213 2412 3253 2592 ventus·
3207 2188 3254 2378 villam.
3202 1976 3262 2112 Quid
3200 1779 3249 1943 verbis
3196 1559 3262 1743 opust?

3285 2729 3336 2852 Non
3293 2514 3333 2693 ventus
3286 2360 3348 2492 suit,
3301 2148 3333 2324 verum
3284 1748 3331 2113 Alcumena
3265 1313 3335 1714 Euripidfff

3367 2677 3431 2985 Licymnium
3381 2532 3412 2626 non
3367 2323 3427 2483 ipsum
3364 2167 3411 2276 navi
3361 1852 3426 2131 profectum
3356 1641 3404 1799 fuisse
3348 1311 3412 1595 Hesychius

3454 2758 3498 2982 testatur.
3444 2376 3506 2688 Relinquitur
3444 2151 3506 2330 igitur,
3446 2048 3488 2102 ut
3438 1628 3501 2002 Tlepolemum,
3431 1498 3493 1579 qui
3428 1307 3488 1465 Licy-

3530 2800 3576 2982 mnium
3524 2437 3571 2751 interfecisse
3525 2192 3570 2402 traditur
3525 2110 3567 2157 et
3520 1912 3567 2074 statim
3515 1693 3563 1873 deinde
3511 1429 3560 1658 Rhodum
3521 1307 3552 1391 au-

3608 2765 3671 2982 fugisse,
3603 2630 3651 2711 illa
3609 2286 3667 2582 tempestate
3603 2008 3647 2239 iactatum
3613 1844 3644 1955 esse
3600 1519 3643 1807 statuamus,
3584 1305 3649 1451 Apud

3685 2711 3735 2982 Xenoclem
3683 2536 3730 2667 idem
3683 2320 3731 2480 fracto
3696 2120 3729 2265 curru
3678 1877 3725 2067 saucius
3677 1779 3722 1829 in
3687 1533 3722 1729 scenam
3665 1304 3717 1497 redibat

3767 2910 3814 2979 sic
3766 2576 3812 2876 lamentans:

3835 2804 3891 2845 ὦ
3839 2580 3905 2767 σκληρὲ
3840 2338 3903 2545 δαῖμον,
3830 2259 3888 2299 ὦ
3838 2075 3902 2225 τύχαι
3832 1636 3898 2042 θραυσάντυγες

3922 2668 3972 2845 ἵππων
3917 2466 3986 2633 ἐμῶν·
3913 2388 3969 2427 ὦ
3918 2112 3979 2349 Παλλάς,
3913 2004 3975 2073 ὥς
3910 1920 3978 1969 μ’
3912 1599 3969 1882 ἀπώλεσας.

4004 2796 4051 2972 Fuisse
4005 2620 4051 2749 enim
4004 2450 4050 2573 haec
4002 2240 4065 2394 ipsius
3998 1916 4061 2191 Tlepolemi
3996 1721 4043 1866 verba
3988 1304 4052 1657 Aristophanes

4083 2754 4130 2971 declarat
4083 2584 4130 2723 hisce
4082 2361 4129 2550 verbis:

4158 2786 4209 2835 τί
4158 2695 4209 2752 δὲ
4160 2320 4225 2652 Τληπόλεμός
4167 2229 4207 2285 σε
4148 1998 4206 2197 πώποτ’
4154 1690 4218 1957 εἴργασται
4146 1464 4203 1657 κακόνς

4242 2783 4289 2967 invitus
4240 2443 4303 2749 Licymnium
4240 2134 4301 2410 interfecit,
4238 2056 4286 2098 si
4235 1897 4285 2021 fides
4232 1640 4285 1863 habenda
4233 1526 4278 1605 est
4222 1299 4288 1502 Apollo-
