5010 3336
1210 2146 1265 2265 473

1384 2800 1421 3036 successu
1364 2505 1414 2765 certiorem
1360 2246 1407 2478 facturus.
1352 1987 1400 2174 Deinde
1349 1836 1396 1954 duas
1342 1536 1395 1813 Chthoniae
1355 1372 1389 1510 soro—

1468 2940 1510 3037 res,
1447 2711 1509 2902 cognita
1444 2548 1490 2677 illius
1437 2160 1492 2512 immolatione,
1430 1774 1479 2116 necessitatem
1423 1500 1472 1737 moriendi
1420 1370 1468 1463 sibi
1373 906 1443 924 l

1529 2758 1592 3036 impositam
1523 2459 1571 2734 ostendisse
1516 2198 1579 2435 suspicor.
1510 2021 1556 2128 Iloc
1514 1826 1554 1983 utrum
1507 1630 1567 1796 ignara
1506 1454 1549 1608 matre
1515 1371 1547 1430 an

1619 3268 1651 3316 *ὅθ
1611 2860 1657 3034 edocta
1605 2505 1663 2826 ultimumque
1599 2265 1646 2469 salutata
1592 2184 1637 2240 ab
1590 2054 1636 2150 illis
1588 1843 1634 2023 sactum
1600 1704 1632 1813 esse
1579 1367 1630 1678 statuendum

1690 2953 1747 3033 sit,
1686 2732 1733 2915 dubito.
1682 2464 1728 2662 Fratres
1675 2206 1738 2426 quidem,
1683 1948 1730 2155 quorum
1664 1662 1711 1899 maximus
1668 1504 1708 1617 natu
1659 1364 1706 1466 Ce-

1781 2888 1827 3032 crops
1767 2732 1818 2852 erat,
1762 2488 1808 2694 necdum
1763 2291 1803 2453 tamen
1750 2109 1796 2257 armis
1744 1845 1792 2061 ferendis
1748 1636 1804 1807 aptus7
1741 1364 1786 1598 salutatos

1846 2973 1893 3031 ab
1845 2838 1891 2935 illis
1843 2435 1900 2803 admonitosque
1847 2273 1890 2398 esse,
1835 2184 1875 2236 ut
1830 1946 1873 2149 matrem
1823 1829 1885 1909 pie
1822 1607 1883 1802 fideque
1818 1363 1866 1570 colendo

1926 2825 1972 3029 amissos
1924 2608 1969 2788 liberos
1917 2527 1964 2572 ei
1924 2175 1974 2490 compensare
1905 1867 1962 2139 studerent,
1900 1558 1962 1831 fragmenta
1903 1359 1946 1522 osten-

2006 2906 2052 3026 dere
2003 2617 2049 2871 videntur:

2080 2795 2131 2892 οὐκ
2076 2656 2128 2760 ἔστι
2072 2426 2138 2620 μητρὸς
2066 2235 2119 2392 οὐδὲν
2064 2046 2131 2201 ἥδιον
2060 1783 2119 2012 τέκνοις·
2075 881 2119 907 «¹.

2157 2746 2223 2894 ἐρᾶτε
2154 2502 2222 2711 μητρός,
2150 2263 2207 2467 παῖδες·
2145 2155 2205 2223 ὠς
2144 2021 2194 2118 οὐκ
2138 1885 2191 1984 ἔστ’
2138 1716 2204 1846 ἔρως

2242 2654 2297 2893 τοιοῦτος
2237 2448 2293 2618 ἄλλος,
2224 2300 2288 2409 οἷος
2227 2099 2294 2265 ἡδίων
2221 1924 2287 2064 ἐρᾶν.

2348 2827 2356 2892 -.-
2345 2566 2350 2630 ,--
2340 2303 2345 2367 ...ἡ
2330 2041 2342 2105 —..
2329 1778 2336 1842 ...-

2399 2717 2450 2889 θετῶν
2394 2626 2446 2681 δὲ
2392 2386 2444 2590 παίδων
2392 2245 2439 2351 ποῦ
2385 1998 2449 2210 κράτοςς
2381 1899 2431 1962 τὰ
2379 1688 2445 1863 φύντα
2379 1555 2445 1654 γὰρ

2478 2670 2545 2888 κρείσσω
2473 2407 2538 2636 νομίζειν
2472 2268 2519 2374 τῶν
2466 1924 2530 2232 δοκημάτων
2459 1706 2526 1889 χρεών.

2587 2819 2596 2883 —-
2585 2623 2592 2687 —
2579 2427 2589 2491 —-
2548 2204 2599 2296 τὸν
2553 2106 2611 2167 τῇ
2544 1913 2609 2069 φύσει

2639 2686 2690 2882 οἰκεῖον
2633 2478 2691 2649 οὐδεὶς
2630 2263 2693 2442 καιρὸς
2628 2016 2677 2228 ἀλλοῖον
2623 1841 2673 1981 ποιεῖ
2620 1742 2683 1809 *).

2723 2789 2780 3013 Possunt,
2725 2589 2767 2755 tamen
2716 2421 2761 2541 haec
2713 2224 2759 2369 etiam
2709 2116 2755 2173 ab
2705 1784 2754 2068 Erechtheo
2699 1605 2747 1735 dicta
2700 1500 2743 1548 et
2708 1342 2757 1455 pars
2683 894 2733 898 ἱ

2802 2856 2850 3012 fuisse
2802 2419 2863 2821 praeceptorum,
2792 2206 2853 2379 quibus
2803 2053 2838 2171 rex,
2786 1732 2848 2016 priusquam
2795 1668 2826 1695 e
2777 1536 2823 1633 vita
2775 1338 2821 1500 disce-
2771 871 2838 901 3¹

2882 2853 2941 3009 deret,
2879 2690 2924 2818 filios
2876 2594 2922 2654 ad
2890 2505 2921 2557 se
2878 2273 2919 2470 vocatos
2866 2003 2915 2236 instruxit
2859 1606 2912 1967 saluberrimis,
2870 1422 2916 1567 quum
2857 1334 2899 1383 et
2838 872 2882 895 i'

2960 2723 3008 3009 familiarem
2961 2625 3001 2673 et
2952 2337 3017 2579 publicam
2964 2183 2995 2288 rem
2961 1988 2994 2133 curae
2957 1772 2989 1939 eorum
2936 1335 2985 1721 commendaret.

3057 3280 3092 3311 ’a
3040 2776 3087 3006 Ceterum
3037 2645 3082 2742 huc
3033 2361 3096 2609 pertinere
3034 2208 3092 2327 puto
3026 1998 3089 2171 fragm.
3020 1813 3071 1960 Ennii
3019 1684 3065 1779 inc.
3018 1564 3062 1654 25:

3116 2482 3177 2876 ἩΡαινεηϊεφη
3116 2392 3156 2453 et
3106 2044 3173 2368 patriam,
3102 1879 3159 2007 dii,
3102 1572 3146 1843 servate
3090 1332 3155 1542 sospi-

3186 1828 3228 2006 tem.”

3274 2818 3321 2873 In
3270 2583 3319 2773 moenia
3285 2448 3316 2534 seu
3266 2227 3314 2401 turrim
3261 1927 3309 2181 moenibus
3256 1594 3319 1872 impositam
3250 1331 3315 1545 virgines
3243 828 3319 891 'i

3354 2718 3403 3000 ascendisse
3350 2429 3404 2685 videntur,
3344 2132 3404 2377 similique
3340 1874 3395 2096 ratione,
3352 1732 3397 1820 qua
3335 1646 3380 1693 in
3329 1327 3378 1608 Phoenissis
3322 887 3364 895 l
3342 814 3347 819 ⁷

3434 2741 3482 2999 Macareus
3446 2649 3477 2703 se
3427 2366 3481 2614 interficit,
3426 2280 3470 2328 in
3438 2135 3469 2243 eum
3421 1950 3481 2107 ipsum
3418 1748 3473 1924 locum,
3415 1663 3460 1711 in
3427 1545 3475 1639 qno
3409 1324 3455 1515 hostiae
3428 866 3465 895 1

3514 2830 3561 2999 inferis
3512 2712 3558 2801 diis
3508 2494 3555 2680 obferri
3505 2215 3559 2453 solebant,
3514 1970 3562 2176 corpora
3496 1671 3550 1943 demisisse,
3492 1514 3539 1642 unde
3487 1325 3534 1487 subla—

3600 2946 3643 2998 ta
3609 2799 3639 2895 una
3606 2641 3637 2750 cum
3586 2348 3634 2591 Clithonia
3579 2075 3642 2299 componi
3577 1745 3640 2026 potuerunt.
3570 1324 3617 1672 Lamentorum

3674 2892 3721 2993 sive
3670 2721 3718 2855 chori
3669 2586 3715 2684 sive
3665 2228 3719 2549 Praxitbeae,
3659 2017 3721 2192 quibus
3656 1838 3702 1980 trium
3652 1566 3714 1803 virginum
3653 1320 3693 1530 mortem

3751 2541 3818 2994 prosequebantur,
3746 2401 3791 2496 hoc
3741 2127 3802 2351 exiguum
3736 1750 3797 2074 fragmentum
3730 1478 3777 1704 relictum
3741 1318 3773 1429 esse

2909 3316 2915 3319 ,
2910 3270 2930 3293 7,

3832 2769 3880 2992 videtur:

3936 2791 3943 2857 —-
3933 2627 3941 2692 ——
3904 2344 3966 2526 ζεῦγος
3897 1939 3961 2311 τριπάρθενον,
3871 883 3942 888 Ξ

4006 2889 4054 2985 quo
3989 2744 4035 2852 loco
3988 2529 4033 2707 abusus
3990 2416 4030 2490 est
3979 2132 4042 2380 Aristopli.
3978 2046 4023 2094 in
3974 1837 4030 2011 Horis3
3969 1737 4018 1800 cf.
3967 1523 4031 1701 Bergk.
3966 1314 4027 1487 fragm.
3950 883 4014 886 l

4070 2833 4118 2984 Arist.
4085 2748 4130 2796 p.
4068 2599 4112 2710 286.
4063 2350 4110 2531 Redire
4058 2137 4107 2314 deinde
4056 1869 4104 2089 nuntium
4064 1629 4098 1834 necesse
4047 1502 4093 1595 fuit
4062 1412 4091 1467 ac
4044 1313 4091 1374 de
4028 882 4106 889 ξ

4154 2826 4196 2983 morte
4147 2523 4208 2791 virginum,
4142 2414 4190 2476 de
4146 2242 4204 2379 parta
4137 1975 4197 2208 victoria,
4134 1876 4181 1937 de
4129 1559 4179 1841 Erechtheo
4122 1309 4186 1522 Neptuni
4107 846 4223 886 j

4315 2874 4367 2921 ἐὺ’)
4313 2663 4366 2844 Fragm.
4311 2550 4353 2634 inc.
4309 2434 4351 2532 245.
4305 2220 4351 2402 οἷλλοῒον
4315 2120 4357 2200 pro
4297 1859 4356 2097 ἀλλότριον
4292 1513 4353 1837 postulantibus
4287 1304 4333 1498 numeris
4229 880 4337 885 l

4395 2642 4436 2835 reposui.
4358 879 4435 884 Ξ
