5010 3336
731 672 782 678 ιω..
799 671 889 679 s-»ff
923 668 971 679 ...λ

3828 2138 3887 2264 450

3687 1365 3736 1431 Et
3671 1463 3736 1622 primo
3689 1659 3737 1821 statim
3674 1858 3738 2097 adspectu
3689 2134 3721 2193 ex
3690 2231 3739 2358 facie
3674 2382 3739 2618 vultuque
3686 2653 3738 2866 feminae
3668 2899 3716 3051 gene-

3607 1363 3654 1620 rositatem
3596 1658 3656 1941 cognoscit:

3513 1497 3578 1804 γενναιότης
3518 1840 3567 1941 σοι,
3528 1978 3580 2064 καὶ
3514 2099 3579 2314 τρόπων
3513 2347 3579 2631 τεκμήριον

3446 1487 3496 1546 τὸ
3431 1585 3497 1734 σχῆμ’
3432 1772 3499 1898 ἔχεις
3436 1932 3497 2060 τόδ’,
3431 2096 3499 2207 ἥτις
3448 2242 3502 2290 εἷ
3437 2321 3496 2454 ποτ’,
3448 2494 3504 2533 ὦ
3434 2568 3497 2728 γύναι
3437 2764 3497 2831 (v.
3433 2862 3496 3020 240.),

3352 1365 3413 1668 eosdemque
3368 1704 3415 1809 eius
3367 1847 3399 2010 mores
3351 2047 3415 2360 paedagogus
3352 2394 3415 2646 praedicat
3355 2683 3413 2749 (v.
3354 2773 3415 2928 735),
3368 2968 3415 3054 de-

3271 1364 3332 1511 nique
3287 1548 3332 1700 tribus
3287 1727 3334 2103 Atheniensium
3288 2142 3329 2337 veteres
3289 2376 3318 2402 a
3287 2429 3335 2654 Minerva
3272 2688 3334 2796 ipsa
3288 2834 3335 3053 nomina-

3206 1363 3251 1453 tim
3196 1491 3253 1778 laudantur3
3207 1831 3254 1999 civitas
3208 2055 3249 2215 autem
3194 2262 3257 2475 καθαρὰ
3197 2510 3256 2658 πόλις
3194 2695 3254 2761 (v.
3194 2798 3255 2935 075.)
3193 2968 3238 3054 ap-

3109 1364 3172 1590 pellatur,
3113 1627 3173 1898 eademque
3126 1934 3172 1994 ob
3127 2030 3174 2259 invidiam
3114 2297 3157 2493 eorum,
3110 2531 3173 2614 qui
3128 2652 3173 2810 miuus
3128 2846 3175 3056 honesto

3045 1366 3090 1474 1000
3046 1512 3092 1609 uati
3047 1645 3092 1705 ad
3048 1742 3094 1955 honores
3038 1993 3093 2258 enitantur,
3031 2294 3092 2435 plena
3047 2471 3093 2662 timoris
3031 2686 3096 2887 (φόβου
3038 2907 3099 3055 πλέα,

2963 1363 2994 1405 v.
2952 1442 3014 1598 603).
2969 1647 3014 1737 llis
2969 1790 2999 1899 cum
2968 1951 3013 2122 turbae
2952 2171 3013 2499 dissidiaun
2952 2554 3012 2726 quibus
2951 2777 3014 3057 respublica

2878 1364 2931 1715 exercebatur,
2876 1767 2937 2138 significentur,
2889 2175 2929 2279 tum
2887 2318 2934 2606 familiarum
2871 2644 2934 2948 perturbatio
2888 2984 2929 3056 at-

2790 1365 2836 1460 que
2807 1496 2838 1700 uxorum
2801 1733 2856 1865 irae,
2795 1925 2840 2050 quae
2794 2088 2840 2233 aegre
2809 2271 2855 2461 ferrent
2807 2508 2853 2791 maritorum
2807 2828 2854 2959 filios
2807 2995 2839 3056 ex

2725 1365 2773 1519 servis
2729 1554 2770 1695 natos
2730 1734 2777 1827 sibi
2717 1865 2777 2077 obtrudi,
2730 2115 2760 2190 vv.
2730 2232 2773 2359 {1069
2714 2396 2760 2533 seqq.
2728 2572 2769 2621 et
2727 2655 2772 2751 816
2712 2788 2758 2927 seqq.
2727 2966 2773 3053 de-

2645 1365 2692 1624 clarautur.

2557 1496 2615 1632 Inde,
2554 1672 2600 1767 quo
2554 1803 2611 2030 tempore
2570 2067 2617 2190 haec
2570 2228 2617 2389 falmia
2570 2427 2610 2533 acta
2560 2560 2615 2641 sit,
2568 2677 2599 2771 uon
2567 2809 2609 2885 est
2568 2920 2614 3054 diffl-

2485 1364 2533 1459 cile
2488 1499 2535 1764 intellectu.
2490 1841 2537 2012 Insunt
2489 2056 2531 2218 autem
2490 2269 2535 2361 alia
2490 2411 2521 2505 nou
2488 2552 2534 2709 miuus
2487 2747 2527 2884 certa
2488 2918 2534 3055 lucu-

2393 1366 2451 1592 lentaque
2393 1611 2455 1764 signa,
2394 1800 2455 1975 quibus
2393 1996 2450 2189 tempus
2407 2213 2456 2492 deliniatur.
2407 2544 2456 2782 Versibus
2404 2819 2451 3055 ἔθη-62.

2324 1367 2373 1547 1101111111
2328 1575 2359 1684 cum
2329 1706 2375 1941 Euboeae
2329 1964 2375 2137 incolis
2328 2157 2375 2370 feliciter
2312 2395 2370 2587 gestum
2315 2615 2368 3056 commemoratur:

2232 1496 2303 1565 ἦν
2239 1599 2294 1711 ταῖς
2232 1741 2303 1992 Ἀθήναις
2237 2025 2293 2134 τοῖς
2247 2168 2279 2221 τε
2232 2260 2295 2887 Χαλκωδοντίδαις,

2166 1501 2215 1553 οἳ
2151 1586 2214 1689 γῆν
2151 1725 2220 1898 ἔχουσ7
2153 1935 2216 2195 Εὐβοῖδα,
2151 2231 2216 2477 πολέμιος
2154 2510 2214 2739 κλύδων,

2071 1365 2118 1461 quo
2087 1497 2133 1546 111
2088 1584 2134 1715 110110
2073 1752 2117 1903 quum
2073 1940 2118 2139 operam
2087 2172 2134 2482 utilissimam
2071 2512 2132 2822 praebuisset
2077 2842 2136 3056 Xuthus‚

2007 1367 2053 1602 Creusam
1993 1641 2040 1729 pro
1992 1776 2055 1996 praemio
2010 2044 2054 2093 iu
2007 2141 2054 2501 matrimonium
1992 2552 2052 2802 accepisse
1991 2838 2054 3057 fingitur.

1927 1364 1974 1475 Hoc
1914 1525 1961 1722 quoque
1929 1759 1976 1966 Periclis
1928 2017 1976 2284 memoriae
1926 2335 1973 2574 tributum
1926 2611 1967 2688 est
1911 2724 1974 2788 ²³².)
1927 2858 1975 2925 Et
1928 2960 1975 3056 iam

1848 1368 1895 1646 Boeckhius
1832 1685 1900 1769 (de
1835 1806 1879 1878 gr.
1833 1901 1891 2019 trag.
1833 2058 1895 2209 princ.
1833 2248 1879 2295 p.
1833 2333 1896 2471 191.)
1847 2510 1878 2605 11011
1846 2637 1892 2791 multo
1831 2826 1889 2939 post
1848 2976 1895 3057 01.

1758 1366 1811 1447 87,
1766 1486 1813 1533 4.
1753 1574 1817 1694 (quo
1769 1731 1801 1855 anuo
1769 1894 1816 2111 Pericles
1769 2150 1815 2212 de
1768 2247 1815 2348 vita
1752 2401 1815 2641 decessit)
1766 2680 1813 2803 hanc
1767 2838 1815 3056 fabulam

1687 1366 1730 1525 actam
1689 1584 1720 1696 esse
1690 1748 1720 1808 ex
1689 1858 1736 1965 aliis
1674 2003 1736 2294 quibusdam
1670 2330 1734 2555 vestigiis
1671 2594 1733 2834 cognovit.
1687 2904 1734 3056 Cuius

1608 1366 1654 1519 verba
1610 1555 1655 1678 haec
1608 1715 1650 1855 sunt:
1592 1906 1655 2035 „Agi
1609 2070 1655 2193 haec
1592 2231 1654 2492 (parodum
1589 2521 1655 2610 sc.)
1606 2648 1652 2697 111
1590 2732 1653 2922 porticu
1606 2943 1655 3057 Del-

1511 1367 1574 1515 phica
1528 1551 1576 1871 manifestum
1529 1909 1569 1985 est
1529 2021 1559 2048 e
1528 2083 1560 2126 v.
1517 2170 1573 2310 184„
1527 2347 1574 2431 ubi
1526 2468 1567 2581 suut
1515 2616 1575 2848 εὐκίονες
1514 2885 1576 3057 αὐλαί,

1447 1368 1489 1420 et
1448 1453 1495 1571 vidit
1449 1606 1495 1701 hoc
1449 1736 1494 1833 iam
1434 1870 1496 2189 'l'yrwhittus
1434 2259 1494 2570 Musgravius
1444 2618 1487 2782 autem
1430 2817 1476 2908 per
1431 2942 1478 3057 pro-

1353 1367 1415 1525 lepsin
1353 1560 1415 1865 designatam
1370 1900 1416 1982 hic
1353 2018 1410 2156 putat
1368 2191 1399 2299 eam
1367 2337 1409 2495 stoam
1353 2535 1397 2678 esse,
1350 2728 1396 2874 quam
1365 2923 1412 3056 devi-

1288 1368 1335 1461 ctis
1289 1498 1336 1558 ad
1288 1610 1337 1841 Rhium
1287 1876 1337 2280 Lacedaemoniis
1287 2316 1318 2342 a
1285 2390 1334 2691 Phormione
1284 2740 1333 2818 01.
1272 2864 1330 2957 87,
1287 3005 1331 3053 4.
1310 3103 1312 3105 “

1142 1423 1193 1471 15)
1154 1502 1194 1646 Τ11110.
1144 1677 1196 1713 I,
1155 1744 1197 1841 114.
1155 1875 1193 1917 et
1155 1948 1195 2174 Plutarch.
1155 2206 1180 2242 c.
1155 2275 1195 2342 22.
1155 2372 1197 2454 23:
1145 2517 1197 2676 Εὐθὺς
1151 2718 1202 2800 οὖν
1152 2839 1196 2914 ε’πὶ
1145 2945 1197 3056 τοὺς

1072 1507 1126 1774 ἀφεστῶτας
1070 1800 1129 2085 τραπόμενος
1083 2106 1126 2181 καὶ
1070 2203 1126 2368 διαβὰς
1076 2388 1125 2451 εἰς
1069 2471 1128 2627 Editio
1082 2644 1107 2738 ιαν
1070 2768 1128 3056 πεντήκοντα

1013 1507 1056 1645 ναυσὶ
1015 1676 1056 1753 καὶ
1002 1783 1053 2161 πεντακιςχιλιόις
1005 2182 1057 2390 ὁπλίταις
998 2409 1055 2750 κατεστρέψατο
1004 2773 1057 2856 τὰς
1004 2885 1054 3054 πόλεις.

944 1508 985 1601 Καὶ
943 1633 984 1973 Χαλκιδέων
932 2002 986 2083 μὲν
935 2114 986 2223 τούς
931 2264 987 2521 ἱπποβότας
930 2563 985 2831 λεγομένους
926 2871 985 3054 πλούτῳ

875 1506 917 1585 καὶ
860 1618 918 1729 δόξῃ
859 1760 916 2067 διαφέροντας
857 2096 916 2327 ἐξέβαλεν,
865 2370 917 2588 Ἑστιαεῖς
871 2629 915 2678 δὲ
862 2719 914 2898 πάντας
869 2939 914 3054 ἀνα-

791 1507 847 1678 στήσας
802 1709 846 1757 ἐκ
790 1787 842 1869 τῆς
788 1898 846 2048 χώρας
788 2078 847 2345 Ἀθηναίους
790 2374 846 2544 μόνους
784 2582 844 2827 κατῴκισε,
791 2870 843 3055 τούτοις

718 1509 777 1834 ἀπαραιτήτως
718 1861 774 2152 χρησάμενος,
729 2184 775 2255 ὅτι
729 2284 772 2401 ναῦν
715 2424 776 2621 Ἀττικὴν
714 2651 771 2938 αἰχμάλωτον
728 2968 767 3053 λα-
735 3163 750 3165 1

647 1508 707 1665 βάντες
660 1695 708 1968 ἀπέκτειναν
652 2001 703 2110 τοὺς
646 2139 706 2324 ἄνδρας.
