5010 3336
3815 2039 3871 2161 324

3671 1263 3722 1534 introduxit
3675 1569 3725 1809 Achillem
3677 1858 3721 1908 et
3676 1953 3726 2143 Nioben
3662 2180 3709 2340 neque
3675 2375 3708 2462 ora
3671 2496 3721 2813 ostendentes
3668 2848 3703 2933 ne-

3577 1262 3625 1356 que
3595 1390 3627 1561 vocem
3597 1596 3644 1741 ullam
3587 1778 3645 2046 mittenteS‚
3596 2084 3644 2171 sed
3596 2208 3644 2435 obvoluto
3578 2474 3641 2634 capite
3592 2668 3639 2820 instar
3574 2845 3621 2931 ap-

3498 1259 3557 1456 paratus
3517 1492 3564 1675 scenici
3505 1703 3563 1948 sedenteS,
3517 1983 3565 2132 choro
3501 2159 3559 2390 quattuor
3514 2417 3560 2626 carmina
3497 2651 3560 2935 longissima

3436 1259 3482 1387 aliud
3419 1423 3478 1539 post
3436 1572 3484 1700 aliud
3437 1736 3480 1930 cantare
3425 1966 3484 2309 contendente,
3435 2344 3483 2440 illis
3433 2471 3474 2630 autem
3428 2658 3479 2930 silentibus,

3355 1260 3403 1364 Has
3355 1398 3386 1513 vero
3339 1544 3404 1833 praestigias
3341 1861 3404 2122 stupebant
3340 2144 3397 2463 spectatores.
3341 2533 3401 2677 Tum,
3350 2715 3398 2934 dra-mate

3276 1259 3323 1355 iam
3265 1391 3322 1571 medio,
3277 1606 3323 1751 verba
3278 1786 3325 1857 illi
3276 1890 3324 2067 bubula
3276 2104 3324 2359 duodecim
3258 2389 3321 2720 loquebantur,
3256 2759 3303 2933 super-

3197 1261 3244 1374 cilio
3196 1400 3238 1451 et
3197 1476 3243 1623 crista
3182 1650 3244 1992 superbientia,
3187 2029 3239 2317 monstrosa,
3193 2357 3240 2591 obscura:
3177 2628 3240 2770 plane
3192 2803 3238 2932 enim

3117 1260 3158 1311 et
3102 1346 3164 1607 perspicue
3118 1641 3166 1707 nil
3118 1744 3165 1866 dixit
3103 1901 3165 2156 quicquam
3107 2178 3126 2188 ‚
3117 2244 3163 2331 sed
3115 2369 3156 2451 aut
3112 2487 3162 2811 Scamandros
3111 2848 3156 2932 aut

3020 1259 3084 1476 gryphos
3024 1502 3086 1674 aquilis
3038 1698 3085 1889 iunctos
3039 1906 3081 1957 et
3024 1976 3085 2297 praefractam
3034 2328 3082 2589 verborum
3031 2623 3079 2930 audaciam.’'

2958 1390 3005 1616 Humane
2944 1650 3007 1782 loqui
2944 1821 3009 2059 (φράζειν
2944 2097 3007 2443 ἀνθρωπείως
2956 2463 2986 2506 v.
2937 2542 2999 2724 1058.),
2952 2762 2999 2823 de
2950 2850 2983 2930 re-

2876 1259 2925 1350 bus
2878 1386 2926 1608 omnibus
2880 1642 2927 1862 humanis
2866 1900 2926 2110 docere,
2861 2160 2908 2316 neque
2858 2361 2921 2618 quicquam
2871 2672 2920 2869 humani
2871 2904 2902 2930 a

2782 1258 2845 1397 poesi
2800 1429 2846 1641 alienum
2800 1679 2831 1790 esse
2785 1825 2847 2023 ducere,
2798 2059 2829 2151 non
2781 2188 2834 2436 stuporem
2780 2471 2841 2690 iniicere,
2791 2725 2822 2819 non
2790 2851 2821 2929 ar-

2719 1259 2750 1338 ma
2720 1372 2768 1474 sola
2720 1510 2762 1560 et
2720 1594 2768 1722 bella
2703 1772 2751 1999 crepare,
2702 2038 2758 2288 poetarum
2715 2341 2747 2451 esse
2713 2486 2761 2632 docet
2695 2667 2759 2929 Euripides

2625 1260 2688 1663 Aristophaneus.
2639 1733 2687 1841 Non
2637 1888 2686 2106 defuisse
2638 2153 2683 2197 ei
2636 2234 2683 2330 vim
2632 2367 2683 2821 inflammandorum
2630 2856 2677 2927 in-

2545 1260 2608 1661 citandorumque
2558 1685 2605 1953 animorum
2558 1986 2599 2035 et
2555 2061 2605 2337 sublimium
2555 2365 2587 2527 rerum
2550 2555 2601 2929 admirationem

2480 1258 2528 1503 iniiciendi
2481 1539 2526 1654 satis
2478 1708 2527 1811 eius
2463 1846 2523 2125 tragoediae
2464 2160 2519 2429 testantur3
2459 2481 2506 2638 neque
2473 2674 2503 2784 eum
2471 2820 2503 2930 ma-

2400 1258 2447 1387 xime
2385 1421 2447 1658 tragicum
2399 1695 2430 1805 esse
2397 1840 2446 2107 iudicasset
2385 2142 2443 2451 Aristoteles,
2395 2489 2441 2530 si
2393 2559 2440 2652 hac
2391 2681 2440 2825 laude
2389 2848 2422 2928 ca-

2320 1257 2352 1369 rere
2305 1400 2362 1638 putasset.
2319 1707 2367 1890 Verum
2318 1925 2349 2021 non
2317 2056 2364 2229 ardore
2314 2264 2363 2532 animorum
2313 2571 2354 2619 et
2295 2654 2354 2853 stupore
2310 2879 2354 2929 et

2240 1259 2287 1581 admiratione
2241 1615 2272 1696 res
2238 1733 2286 1974 humanae
2236 2010 2269 2178 omnes
2235 2215 2276 2349 recte
2220 2385 2281 2802 administrantur,
2230 2841 2278 2929 sed

2145 1260 2208 1513 prudentia
2162 1548 2203 1596 et
2146 1631 2207 1877 probitate
2158 1924 2199 1975 et
2158 2018 2204 2151 utilia
2142 2198 2202 2567 cognoscendo:
2138 2612 2199 2927 quamobrem

2081 1258 2128 1453 erudire
2081 1485 2129 1708 homines
2081 1744 2123 1792 et
2080 1826 2127 1959 utilia
2062 1994 2125 2280 praecipere
2076 2317 2117 2367 et
2074 2391 2122 2608 emollire
2059 2634 2113 2780 atque
2057 2813 2103 2926 per-

1987 1257 2049 1417 polire
2003 1451 2035 1612 mores
1988 1660 2049 1869 primum
1985 1922 2041 2174 poetarum
1997 2221 2045 2439 officium
1995 2489 2027 2603 esse
1977 2648 2040 2924 Aeschylus

1922 1258 1970 1360 sive
1908 1392 1971 1745 Aristophanes
1908 1780 1968 1887 ipse
1920 1921 1969 2186 affirmavit
1920 2219 1950 2261 v.
1917 2299 1963 2454 1009:

1829 1388 1894 1677 δεξιότητος
1843 1710 1893 1798 καὶ
1828 1831 1891 2131 νουθεσίας,
1838 2167 1891 2246 ὅτι
1823 2281 1887 2518 βελτίους
1835 2549 1868 2602 τε
1816 2634 1879 2892 ποιοῦμεν

1754 1384 1818 1510 τοὺς
1749 1544 1813 1867 ἀνθρώπους
1761 1902 1813 1958 ἐν
1750 1992 1807 2104 ταῖς
1757 2138 1808 2348 πόλεσιν
1746 2383 1778 2465 -,

1683 1258 1731 1387 unde
1672 1420 1731 1666 efficitur,
1682 1714 1723 1770 ut
1665 1818 1728 2113 scriptorum
1663 2150 1725 2306 prima
1676 2341 1725 2445 laus
1676 2483 1724 2547 sit
1658 2581 1721 2921 perspicuitas,

1605 1256 1651 1306 in
1590 1353 1636 1445 qua
1601 1490 1650 1872 commendanda
1601 1916 1648 2036 artis
1582 2087 1639 2433 praeceptores
1595 2481 1628 2574 uno
1593 2621 1626 2707 ore
1590 2753 1624 2922 omnes

1520 1257 1569 1583 consentiunt.

1433 1385 1493 1610 Robore,
1428 1648 1490 1837 rigore,
1429 1873 1484 2204 contumacia,
1424 2256 1483 2511 torvitate,
1432 2556 1481 2814 atrocitate
1431 2846 1480 2921 in-

1351 1256 1413 1416 signes
1364 1451 1405 1562 sunt
1347 1595 1411 1828 Aeschyli
1345 1862 1391 2118 personae,
1342 2156 1404 2461 similemque
1355 2484 1402 2624 huius
1340 2654 1402 2807 ipsius
1354 2834 1384 2920 na-

1286 1253 1329 1413 turam
1270 1443 1331 1684 expressit
1265 1714 1330 2082 AristophaneS,
1278 2120 1319 2172 ut
1278 2198 1320 2329 esset
1262 2347 1324 2666 praefractus,
1261 2702 1322 2920 indigna,-

1196 1255 1255 1461 bundus‚
1191 1500 1251 1778 iracundus,
1185 1815 1249 2150 importunus,
1197 2185 1245 2435 frenderet
1184 2469 1243 2723 dentibus,
1181 2759 1243 2918 erige-

1128 1254 1169 1329 ret
1112 1364 1173 1579 capillos.
1108 1648 1171 1897 Euripidis
1105 1944 1151 2184 personae
1118 2218 1149 2310 non
1119 2346 1165 2503 minus
1102 2541 1164 2735 quidem
1116 2770 1163 2918 auda—

1038 1255 1081 1369 ces,
1048 1404 1096 1560 sortes
1028 1606 1090 2032 magnanimaeque
1026 2067 1070 2209 quam
1025 2238 1086 2469 Aeschyli
1029 2506 1079 2633 sunt,
1039 2682 1086 2767 sed
1036 2807 1068 2918 eae-

971 1254 1018 1365 dem
955 1402 1016 1631 callidae,
952 1682 1013 1872 vafrae,
961 1920 1001 2145 versutae
945 2189 991 2346 neque
960 2394 1002 2594 naturae
944 2628 1006 2812 impetu
955 2849 1003 2919 sic

881 1252 940 1498 feruntur,
888 1536 930 1589 ut
887 1624 919 1716 non
885 1752 932 1894 simul
882 1928 928 2160 rationem
864 2199 928 2440 explicent
880 2469 927 2796 consiliorum.
877 2836 925 2918 Nil

797 1252 860 1368 fingi
795 1405 851 1565 potest
808 1601 851 1695 tam
795 1732 853 1905 audax,
803 1943 845 2036 tam
790 2074 848 2303 insolens,
802 2340 842 2435 tam
790 2471 832 2661 novum,
800 2698 843 2796 tam
797 2830 830 2916 ne-

719 1250 781 1445 farium,
730 1476 773 1573 tam
717 1607 776 1831 immane,
725 1867 767 1964 tam
709 1997 769 2247 horribile,
707 2273 769 2401 quod
722 2427 753 2519 non
720 2542 768 2763 homines
702 2786 766 2916 apud

636 1250 703 1552 Euripidem,
648 1587 697 1663 vel
641 1697 691 1990 necessitate
639 2025 688 2179 coacti
640 2214 690 2288 vel
639 2322 690 2521 libidine
624 2554 687 2779 impulsi,
637 2839 688 2913 vel
