5010 3336
1026 2167 1079 2242 47

1187 2718 1236 2892 Statim
1182 2518 1231 2692 deiude
1172 2273 1225 2492 Phaedra
1168 2110 1233 2238 apud
1165 1846 1212 2078 Senecam
1160 1642 1225 1817 prodit.
1157 1375 1205 1594 Eandem

1284 2858 1319 3022 rerum
1266 2649 1314 2826 seriem
1256 2339 1321 2627 Euripideae
1249 2110 1297 2305 fabulae
1244 1922 1291 2076 fuisse
1241 1782 1304 1894 quin
1246 1479 1297 1758 statuamus,
1237 1374 1283 1439 nil

1348 2808 1412 3021 impedit.
1344 2553 1392 2739 Rursus
1335 2379 1383 2507 enim
1331 2191 1377 2335 verba
1326 1894 1385 2148 utriusque
1325 1689 1383 1860 poetae
1322 1375 1380 1655 congruunt.

1428 2881 1491 3021 Apud
1425 2713 1473 2845 illum
1420 2552 1468 2677 enim
1411 2265 1461 2516 Phaedrae
1403 1946 1471 2232 prodeuntis
1400 1792 1446 1912 haec
1403 1647 1444 1756 sunt
1400 1443 1444 1611 verba:

1501 2685 1565 2889 „Aude‚
1495 2448 1545 2646 anime!
1490 2229 1539 2413 tenta!
1498 2002 1550 2195 perage
1477 1667 1527 1967 mandalum
1479 1460 1522 1633 tuum!

1578 2614 1644 2882 Intrepida
1575 2351 1623 2577 constent
1566 2132 1615 2317 verba:
1563 2009 1628 2095 qui
1557 1796 1607 1975 timide
1563 1597 1618 1762 rogat,

1664 2723 1711 2886 Docet
1670 2478 1720 2690 negare.
1648 2207 1711 2405 DIagna
1659 2053 1709 2176 pars
1638 1815 1687 2018 sceleris
1637 1679 1683 1782 mei

1743 2754 1790 2882 Olim
1740 2507 1803 2726 peracta
1737 2365 1778 2471 est:
1741 2188 1774 2330 serus
1727 2080 1770 2153 est
1719 1906 1767 2045 nobis
1715 1689 1781 1878 pudor.

1819 2588 1869 2882 Amavimus
1808 2294 1875 2555 nefanda:
1805 2214 1851 2258 si
1806 1998 1865 2178 coepta
1811 1703 1862 1961 exsequor,

1900 2683 1949 2881 Forsan
1892 2483 1957 2649 iugali
1890 2257 1937 2447 crimen
1878 1920 1931 2222 abscondam
1878 1755 1939 1899 face.

1979 2647 2029 2882 Honesta
1968 2361 2038 2612 quaedam
1965 2131 2012 2327 scelera
1971 1841 2006 2097 successus
1953 1632 2017 1820 facit.''’

2061 2870 2126 3011 Apud
2055 2552 2119 2836 Euripidem
2048 2362 2096 2517 multo
2045 2183 2092 2325 etiam
2037 1920 2087 2150 audacior
2040 1813 2083 1887 est
2033 1541 2094 1778 simulque
2029 1354 2093 1509 philo-

2139 2795 2206 3011 sophicis
2129 2465 2198 2760 argumentis
2126 2245 2174 2429 crimen
2119 1973 2177 2210 defendit,
2117 1756 2163 1938 haecce
2113 1524 2162 1723 dicens:

2213 2720 2282 2881 ἔγωγὲ
2228 2553 2277 2685 φημι
2204 2429 2257 2517 καὶ
2203 2229 2266 2398 νόμον
2216 2139 2265 2196 γε
2196 2036 2263 2105 μὴ
2193 1831 2260 1999 σέβειν

2297 2822 2347 2879 ἐν
2296 2653 2344 2788 τοῖσι
2290 2427 2345 2618 δεινοῖς
2286 2291 2333 2396 τῶν
2276 1954 2343 2255 ἀναγκαίων
2272 1746 2324 1921 πλέον.

2381 2932 2428 3006 En
2378 2555 2425 2895 documentum
2366 2232 2417 2521 temeritatis
2361 1920 2415 2198 hominum,
2356 1823 2402 1884 ad
2350 1518 2416 1787 spernenda
2346 1348 2395 1485 insti-

2464 2901 2508 3006 tuta
2456 2634 2503 2867 maiorum
2465 2533 2497 2589 ac
2445 2246 2510 2506 polluenda
2442 2108 2487 2213 iura
2438 1919 2484 2073 divina
2436 1581 2494 1886 humanaque
2430 1347 2476 1546 abuten-

2540 2888 2586 3005 tium
2528 2516 2599 2853 philosophia!
2524 2290 2585 2447 Magis
2518 1982 2583 2253 perniciosa
2518 1836 2562 1948 sunt
2529 1680 2574 1801 quae
2510 1491 2558 1645 addit:

2612 2807 2663 2873 οὐ
2608 2673 2675 2774 γὰρ
2599 2530 2656 2638 κατ’
2600 2228 2665 2495 εὐσέβειαν
2596 2140 2646 2194 αῖ
2594 1895 2659 2110 θνητῶν
2590 1698 2656 1863 τύχαι,

2690 2549 2756 2875 τολμήμασιν
2682 2459 2735 2514 δὲ
2680 2339 2733 2427 καὶ
2678 2141 2746 2306 χερῶν
2674 1792 2738 2107 ὑπερβολαῖς

2767 2613 2823 2872 ἁλίσκεται
2783 2527 2816 2579 τε
2763 2322 2814 2492 πάντα
2757 2201 2811 2289 καὶ
2755 1876 2820 2168 θηρεύεται.

2852 2777 2919 2871 ἔχω
2848 2684 2900 2739 δὲ
2848 2462 2911 2651 τόλμης
2841 2339 2894 2428 καὶ
2839 2067 2905 2307 θράσους
2833 1714 2886 2032 διδάσκαλον

2932 2812 2984 2870 ἐν
2934 2668 2989 2780 τοῖς
2925 2290 2993 2634 ἅμηχάνοισιν
2916 1889 2981 2256 εὐπορώτατον

3008 2657 3077 2884 ’Ἑρωτα,
3007 2409 3059 2623 πάντων
2999 1970 3065 2374 δυςμαχώτατον
2993 1808 3044 1936 θεόν
2991 1718 3057 1783 ιᾸΓ).

3096 2796 3146 2995 Vestitu
3094 2408 3141 2761 Amazonarum
3085 2158 3132 2373 indutam
3079 1895 3144 2122 prodisse
3090 1780 3122 1840 ex
3071 1556 3118 1729 eodem
3065 1334 3114 1520 Seneca

3175 2930 3239 2993 (v.
3174 2799 3222 2894 391
3168 2609 3234 2765 seqq.)
3168 2364 3231 2571 colligo:

3251 2679 3312 2861 „Talis
3247 2480 3294 2646 severi
3250 2281 3290 2446 mater
3238 1972 3305 2246 Hippolyti
3236 1839 3299 1951 fuit
3251 1801 3280 1818 :

3358 2799 3366 2862 --
3330 2644 3378 2766 talis
3328 2558 3374 2611 in
3325 2371 3371 2524 silvas
3323 2195 3384 2349 ferar
3318 2128 3367 2177 !'’

3430 2880 3463 2989 cum
3425 2750 3473 2845 quo
3406 2464 3469 2713 conspirat
3402 2228 3449 2427 Ovidius
3413 2149 3447 2193 v.
3398 1989 3443 2110 103:

3490 2700 3555 2860 „Ipsa
3502 2503 3535 2664 comes
3482 2250 3538 2468 veniam,
3494 2122 3525 2213 uec
3492 2006 3522 2086 me
3470 1716 3519 1973 salebrosa
3464 1420 3512 1681 movebunt

3567 2556 3623 2725 Saxa,
3580 2424 3612 2520 nec
3560 2189 3624 2387 obliquo
3556 1998 3603 2151 (lente
3548 1712 3600 1965 timendus
3542 1496 3611 1674 aper.’⁷

3654 2828 3715 2986 Quem
3647 2615 3695 2792 deinde
3657 2307 3693 2581 sermonem
3638 2144 3701 2271 apud
3636 1873 3683 2108 Senecam
3626 1618 3677 1837 Phaedra
3639 1473 3672 1582 cum
3622 1324 3683 1445 Hip-

3731 2816 3797 2982 polyto
3726 2542 3785 2781 conserit,
3722 2350 3771 2504 multo
3717 2064 3766 2316 venustior
3718 1932 3774 2028 est,
3725 1741 3774 1882 quam
3721 1561 3769 1704 quem
3705 1432 3751 1527 iste
3702 1327 3747 1399 iu-

3812 2821 3860 2984 venire
3806 2543 3872 2777 potuerit.
3802 2226 3850 2447 Primum
3812 2066 3844 2177 esse
3793 1894 3841 2015 dicit
3804 1720 3853 1843 quae
3789 1482 3833 1674 secreto
3795 1322 3828 1431 cum

3890 2670 3939 2982 adolescente
3884 2322 3945 2637 colloquatur.
3876 1964 3940 2253 Respondet
3872 1824 3919 1932 hic:

3965 2538 4026 2846 „Committe
3978 2351 4011 2501 curas
3956 2095 4015 2314 (zzcribus7
3958 1876 4011 2058 mater,
3944 1666 3997 1840 meis-’'

4124 2616 4186 2844 „Matris
4120 2314 4186 2582 superbum
4122 2205 4165 2279 est
4129 1988 4163 2170 nomeu
4117 1904 4159 1952 et
4108 1658 4158 1870 nimium
4108 1414 4170 1629 polens:

4205 2748 4253 2836 Me
4204 2636 4252 2717 vel
4218 2366 4260 2603 sororem,
4196 2030 4262 2330 Hippolyte,
4193 1914 4241 1993 vel
4189 1620 4254 1880 famulam
4197 1458 4231 1583 ‘voca
4182 1316 4225 1407 etc.

4334 2882 4383 2919 ⁸)
4331 2740 4373 2849 Tria.
4330 2460 4384 2710 fragmenta
4327 2372 4379 2425 (Ι,
4326 2298 4365 2338 Π
4328 2224 4365 2266 et
4323 2109 4373 2194 Ill)
4315 1811 4361 2076 continuavi.
