5010 3336
3831 2086 3886 2207 276

3692 1318 3743 1519 immisit
3681 1552 3739 1698 atque
3695 1734 3739 1840 usta
3678 1875 3742 2066 est”²²‘).
3679 2135 3740 2273 Quae
3674 2305 3738 2594 supplentur
3687 2628 3718 2654 a
3681 2689 3735 2981 Philostrato

3600 1318 3662 1470 (icon.
3604 1492 3663 1550 ΙΙ,
3617 1577 3660 1623 9.
3601 1656 3646 1701 p.
3600 1721 3663 1885 795),
3598 1913 3646 2007 quo
3613 2046 3660 2154 loco
3610 2182 3660 2419 Panthiae
3608 2444 3651 2652 mortem
3588 2683 3654 2981 describens,

3523 1318 3582 1595 „Decessit,
3521 1630 3582 1801 inquit,
3533 1836 3565 1930 non
3534 1966 3575 2018 ut
3533 2053 3580 2308 Protesilai
3519 2342 3562 2493 uxor,
3528 2531 3576 2628 his
3513 2663 3574 2981 redimita,

3440 1316 3502 1545 quibus
3454 1582 3502 1963 baccharum
3453 2001 3485 2175 more
3437 2212 3499 2453 agitata
3449 2488 3495 2576 sit
3434 2612 3486 2726 etc„
3445 2763 3493 2850 sed
3445 2880 3493 2981 for-

3376 1314 3407 1439 mam
3363 1477 3423 1710 eandem,
3360 1764 3405 1858 qua
3374 1909 3421 2067 fuerat
3372 2115 3419 2306 vivente
3358 2355 3417 2554 marito„
3364 2609 3416 2851 servavit⁷'
3351 2881 3415 2979 **).

3296 1314 3344 1589 Clausulam
3295 1626 3343 1772 huius
3293 1809 3340 2095 narrationis
3292 2130 3339 2254 hanc
3291 2289 3339 2443 fuisse
3273 2479 3336 2675 opinor:

3205 1443 3267 1579 ὅςτις
3215 1614 3266 1670 δὲ
3204 1703 3264 1872 πάσας
3202 1908 3263 2172 συντιθεὶς
3195 2205 3262 2349 ψέγει
3189 2383 3259 2521 λόγῳ

3119 1443 3180 1701 γυναῖκας
3115 1735 3186 1868 ἑξῆς,
3122 1902 3180 2081 σκαιός
3130 2116 3181 2222 ἐστι
3130 2257 3180 2355 κού
3114 2392 3178 2575 σοφός.

3053 1439 3101 1653 πολλῶν
3037 1687 3102 1788 γὰρ
3051 1824 3101 2003 οὐσῶν
3034 2037 3102 2135 τὴν
3035 2169 3100 2264 μὲν
3032 2300 3099 2534 εὑρήσεις
3030 2570 3098 2754 κακήν,

2957 1441 3024 1538 τὴν
2962 1573 3022 1637 δ’,
2956 1674 3024 1841 ὥςπερ
2955 1875 3022 2024 αὕτη,
2952 2059 3017 2177 λῆμ’
2954 2214 3018 2438 ἔχουσαν
2952 2475 3019 2691 εὐγενές.

2895 1443 2941 1534 His
2878 1570 2938 1781 peractis
2877 1816 2938 2200 relinquebatur,
2888 2237 2928 2291 ut
2872 2325 2934 2477 patris
2886 2513 2917 2540 a
2872 2574 2918 2694 rogo
2885 2730 2930 2980 reverten-

2811 1311 2860 1374 tis
2814 1409 2862 1553 dolor
2811 1585 2860 1957 ostenderetur:

2734 1434 2790 1483 ὦ
2723 1516 2782 1711 παῖδες,
2732 1750 2788 1867 οἷον
2715 1902 2782 2125 φίλτρον
2714 2157 2780 2463 ἀνθρώποις
2711 2497 2774 2703 φρενός.

2638 1442 2701 1622 Magna.
2637 1667 2700 1822 gloria
2651 1867 2697 1964 hoc
2649 2013 2697 2179 drama
2633 2227 2694 2354 apud
2647 2394 2695 2637 Romanos
2645 2673 2678 2816 usum
2646 2869 2679 2981 esse

2572 1309 2604 1419 cum
2574 1469 2621 1634 Laevii
2571 1670 2621 2099 Protesilaodamia
2568 2149 2610 2251 tum
2552 2287 2614 2581 elegicorum
2551 2618 2609 2875 poetarum
2568 2910 2614 2980 al-

2493 1308 2540 1526 lusiones
2476 1563 2540 1958 imitationesque
2485 1993 2534 2270 ostendunt.
2487 2342 2534 2462 Nam
2470 2498 2526 2697 praeter
2476 2718 2534 2979 Catullum,

2413 1308 2461 1538 Ovidium
2396 1583 2461 1890 Statiumque
2408 1933 2456 2083 etiam
2392 2127 2455 2418 Propertius
2405 2468 2452 2529 ad
2405 2587 2453 2706 illud
2389 2762 2455 2981 respexit

2320 1307 2380 1345 l,
2320 1380 2379 1460 19,
2333 1497 2377 1557 7:

2239 1440 2300 1596 „Illic
2234 1632 2299 1939 Phylacides
2247 1975 2294 2235 iucundae
2228 2271 2290 2500 coniugis
2244 2534 2291 2678 heros

2171 1574 2220 1695 Non
2153 1724 2215 1898 potuit
2168 1937 2212 2104 caecis
2165 2139 2212 2399 immemor
2165 2435 2195 2542 esse
2165 2577 2213 2748 locis.”

2092 1306 2139 1383 Ex
2093 1418 2141 1621 Graecis
2092 1659 2136 1773 satis
2073 1810 2136 2083 locupletes
2087 2133 2128 2288 testes
2075 2340 2133 2665 Plutarchus,
2074 2715 2133 2975 LucianuS,

2004 1305 2061 1661 Philostratus,
1997 1711 2058 2121 Chrysostomus,
2008 2171 2055 2399 Clemens
2006 2435 2053 2574 Alex.
1990 2611 2049 2810 praesto
2006 2846 2047 2974 sunt.

1934 1306 1982 1436 Satis
1935 1473 1981 1603 enim
1934 1630 1965 1688 ex
1932 1715 1979 1887 horum
1930 1912 1978 1989 vel
1928 2020 1976 2368 imitationibus
1927 2398 1974 2474 vel
1926 2501 1973 2976 commemorationi-

1854 1305 1902 1395 bus
1856 1431 1902 1536 laus
1854 1572 1897 1623 et
1851 1657 1900 1913 celebritas
1850 1948 1897 2177 dramatis
1848 2215 1895 2388 elucet.
1846 2458 1894 2712 Accedunt
1846 2737 1893 2976 artificum

1762 1302 1822 1619 imitationes.
1773 1709 1821 1883 Exstat
1771 1932 1817 2060 enim
1768 2115 1816 2354 caelatum
1752 2406 1799 2529 opus
1754 2581 1813 2976 celeberrimum,

1680 1305 1726 1400 quo
1681 1453 1743 1671 singulae
1692 1708 1742 1940 dramatis
1675 1977 1732 2144 partes
1690 2191 1735 2257 ita
1673 2306 1728 2768 repraesentantur,
1687 2820 1727 2871 ut
1686 2915 1733 2978 de

1599 1305 1664 1557 Euripidis
1612 1591 1662 1860 imitatione
1612 1894 1643 1988 non
1594 2024 1656 2180 possit
1608 2215 1655 2455 dubitari:
1607 2490 1653 2553 ‹le
1592 2589 1637 2680 qua
1608 2715 1638 2769 re
1607 2805 1654 2978 confer

1521 1305 1582 1629 explicantem
1531 1679 1581 1985 Feuerbach.
1514 2021 1577 2179 Apoll.
1528 2219 1577 2376 Vatic.
1511 2414 1557 2463 p.
1517 2502 1571 2644 379.‚
1528 2696 1573 2774 cui
1527 2825 1574 2974 addas

1456 1302 1505 1493 W'elck.
1439 1530 1485 1578 p.
1454 1616 1500 1729 499.
1452 1796 1501 1917 Eius
1434 1953 1498 2179 imaginis
1448 2216 1495 2361 tertia
1448 2394 1489 2446 et
1433 2481 1491 2650 quarta
1433 2689 1478 2818 pars,
1431 2858 1477 2974 qua-

1375 1303 1408 1411 rum
1376 1457 1423 1542 illa
1372 1588 1423 1881 Protesilaus
1370 1918 1420 2230 Laodamiam
1367 2264 1415 2480 revisens
1354 2514 1414 2789 iterumque
1367 2823 1414 2881 ab
1366 2917 1398 2975 ea

1153 1368 1203 1410 *)
1161 1440 1202 1508 Cf.
1160 1540 1202 1670 ovid.
1159 1700 1185 1743 v.
1158 1775 1200 1881 163:

1077 1545 1128 1652 „Me
1088 1680 1128 1760 tibi
1088 1788 1122 2007 venturam
1075 2040 1127 2243 comitem,
1073 2274 1115 2512 quocunque
1079 2539 1127 2721 vocaris,

1010 1661 1059 1774 Sive,
1005 1802 1057 1927 quod,
1008 1959 1057 2053 hen,
1016 2088 1056 2242 timeo!
1016 2267 1056 2355 sive
1003 2384 1050 2593 superstes
1016 2624 1057 2751 eris.''

950 1440 992 1566 Idem
948 1594 977 1648 ex
949 1676 990 1802 Pout.
937 1835 988 1914 ΙΙΙ,
938 1938 989 1979 l,
948 2004 988 2115 110:

870 1546 919 1626 „Si
880 1656 906 1789 comcs
878 1818 918 2013 crstinctc‘
877 2040 905 2185 manes
864 2214 904 2425 sequerere
866 2452 917 2612 mariti,

810 1662 851 1784 Esset*
810 1814 849 1898 dum
796 1920 847 2037 sacti
806 2074 847 2307 Laodamia
808 2337 847 2445 iuis

731 1328 786 1599 ss*)''An8162
741 1643 785 1691 δὲ
727 1738 786 1819 οὐχ
722 1859 784 2005 ὥςπερ
724 2050 781 2076 ἡ
722 2109 775 2423 Πρωτεσίλεω,
725 2477 777 2970 καταστεφθεῖσα

664 1439 715 1527 οἷς
659 1558 716 1917 ἐβάκχευσεν.
