5010 3336
2144 3227 2184 3296 tillus,

2227 3230 2257 3285 μζ(-

2326 3306 2333 3310 ι
2315 3237 2337 3296 smol

2873 3314 2900 3333 ζ.
2868 3224 2899 3299 nrum

1045 2148 1098 2263 123

1197 2829 1261 3035 figurata
1193 2578 1241 2795 oratione
1189 2327 1254 2545 exponit:
1186 2100 1245 2290 „Etiam
1181 1763 1246 2073 Euripides‚''
1182 1546 1244 1725 inquit,
1197 1384 1244 1511 „per

1281 2880 1324 3037 totum
1274 2679 1321 2843 drama
1272 2442 1334 2646 figurata
1266 2197 1314 2408 oratione
1264 1997 1320 2162 utitur,
1262 1632 1325 1957 Menalippam
1260 1491 1307 1596 dico
1276 1383 1307 1462 sa-

1356 2805 1418 3036 pientem,
1368 2646 1414 2767 quae
1351 2520 1396 2613 hoc
1344 2206 1409 2484 cognomine
1340 1903 1405 2172 appellatur
1341 1744 1396 1870 ideo,
1340 1581 1401 1706 quod
1340 1382 1402 1542 philo-

1434 2784 1496 3035 sophatur,
1437 2606 1491 2747 atque
1428 2426 1474 2572 etiam
1428 2239 1470 2392 matre
1419 1915 1485 2206 philosopha
1425 1772 1464 1881 nata
1435 1628 1464 1737 esse
1419 1382 1479 1593 fingitur,

1527 2939 1574 3034 quo
1511 2712 1557 2903 facilius
1506 2468 1554 2675 eruditio
1504 2330 1550 2432 eius
1501 2039 1564 2284 probetur.
1496 1783 1559 1969 Duplex
1502 1579 1542 1737 autem
1496 1379 1557 1530 ligura

1596 2941 1649 3034 est,
1590 2754 1636 2905 altera
1587 2566 1650 2720 ipsius
1588 2344 1647 2531 poetae,
1581 2158 1627 2307 altera
1578 1998 1635 2122 eius,
1592 1821 1638 1962 quam
1575 1586 1631 1786 inducit,
1589 1379 1636 1550 perso-

1686 2928 1718 3034 nae.
1669 2553 1727 2857 Anaxagorae
1663 2395 1709 2518 enim
1659 2169 1706 2359 auditor
1656 2041 1703 2137 suit
1655 1730 1718 2006 Euripides,
1653 1557 1699 1692 cuius
1652 1376 1714 1528 placi-

1754 2930 1797 3033 tum
1748 2802 1794 2894 suit
1746 2652 1792 2768 hoc:
1742 2316 1804 2615 promiscuas
1738 2128 1784 2282 suisse
1750 2016 1781 2094 res
1749 1816 1780 1981 omnes
1770 1783 1790 1795 ‚
1738 1492 1793 1748 antequam
1746 1375 1777 1456 ac-

1827 2826 1875 3032 cedente
1828 2616 1870 2778 mente
1822 2151 1882 2571 componerentur.
1814 1878 1860 2057 Postea
1811 1621 1858 1822 Socrate
1825 1373 1871 1565 quoque

1903 2725 1953 3034 familiariter
1916 2558 1949 2675 usus
1904 2432 1946 2510 est
1902 2339 1945 2386 et
1896 2236 1942 2295 ad
1892 1814 1958 2199 probabilitatem
1891 1645 1936 1778 flexit
1889 1372 1935 1611 rationem

1980 2644 2049 3031 philosophandi.
1978 2476 2025 2575 Sed
1977 2231 2042 2441 priorem
1988 2002 2036 2194 quoque
1971 1637 2032 1969 disciplinam,
1973 1537 2014 1590 ut
1968 1372 2013 1492 mihi

2063 2836 2126 3032 quidem
2060 2592 2118 2799 videtur,
2058 2365 2119 2555 dignam
2053 2148 2111 2332 habuit,
2067 1970 2115 2111 quam
2050 1620 2113 1935 profiteretur
2046 1370 2093 1585 celebra-

2148 2858 2204 3033 retque
2140 2774 2187 2824 in
2138 2549 2197 2740 fabulis,
2137 2354 2197 2514 itaque
2133 2092 2196 2321 placitum
2131 1744 2191 2057 Anaxagorae
2127 1674 2173 1723 in
2124 1368 2189 1646 Menalippa

2221 2780 2283 3029 exposuit,
2218 2599 2265 2732 cuius
2214 2325 2262 2550 orationis
2211 1984 2276 2274 principium
2212 1754 2272 1939 gratam
2205 1506 2253 1716 doctoris
2220 1369 2252 1472 me-

2300 2826 2347 3027 moriam
2297 2561 2355 2789 ostendit7
2295 2335 2341 2526 dIcente
2290 2004 2351 2302 Menalippa:

2377 2799 2425 2896 οὐκ
2372 2646 2439 2765 ἐμὸς
2371 2584 2422 2612 ὁ
2375 2359 2436 2549 μῦθος,
2369 2218 2417 2323 ἀλλ’
2366 2056 2431 2179 ἐμῆς
2362 1830 2429 2023 μητρὸς
2362 1656 2426 1797 πάρα
2363 1517 2411 1623 κτλ.

2457 2960 2505 3027 Et
2458 2803 2503 2926 haec
2455 2572 2517 2767 quidem
2459 2366 2516 2538 poetae
2449 2137 2512 2331 propria
2452 2027 2492 2101 est
2446 1825 2509 1993 figura,
2443 1478 2505 1788 Menalippae
2457 1370 2487 1449 au-

2542 2928 2584 3028 tem
2537 2770 2582 2893 haec
2540 2642 2581 2734 est.
2514 2430 2578 2575 Patre
2530 2186 2575 2395 infantes
2532 1929 2586 2153 tanquam
2528 1668 2585 1893 portenta
2521 1364 2568 1643 interficere

2615 2814 2671 3026 volente,
2613 2684 2669 2778 illa,
2626 2453 2658 2647 servare
2607 2218 2654 2416 studens
2604 1957 2667 2181 parvulos
2618 1862 2649 1919 ex
2618 1773 2648 1826 se
2606 1584 2657 1738 natos,
2599 1364 2645 1547 nullum

2694 2756 2757 3028 prodigium
2706 2610 2738 2720 esse
2686 2330 2735 2576 defendit:
2685 2132 2744 2295 itaque
2682 1894 2745 2099 figurata
2685 1722 2726 1861 utens
2678 1360 2725 1686 admonitione

2788 2887 2819 3023 suam
2771 2698 2833 2852 ipsius
2782 2449 2815 2667 caussam
2764 2303 2827 2414 agit.
2762 2153 2807 2233 Sic
2762 1843 2807 2118 uuiversum
2758 1646 2804 1807 drama
2758 1361 2819 1619 figuratum

2856 2921 2909 3024 est,
2849 2630 2910 2870 simulque
2860 2511 2893 2598 nos
2844 2330 2891 2474 docet
2839 2037 2902 2297 Euripides
2839 1820 2885 2002 debere
2853 1657 2895 1785 eum,
2836 1540 2898 1622 qui
2836 1358 2898 1512 figura

2935 2841 2988 3023 utatur,
2928 2674 2974 2806 salva
2925 2487 2987 2640 figura
2920 2232 2984 2453 proxime
2920 2023 2965 2196 abesse
2920 1933 2966 1990 ab
2934 1840 2964 1895 ea
2915 1564 2963 1818 solvenda:
2930 1359 2978 1528 perse-

3015 2911 3057 3021 cuta
3008 2748 3056 2875 enim
3019 2546 3052 2711 omnes
2999 2289 3049 2510 servandi
3013 2062 3045 2255 caussas
3001 1780 3060 2029 postremo
2995 1605 3041 1744 dicit:

3081 2650 3132 2693 εἰ
3078 2561 3131 2615 δὲ
3075 2263 3142 2527 παρθένος
3078 2103 3133 2229 κτλ,

3173 2966 3216 3020 ut
3182 2803 3214 2938 suam
3164 2628 3227 2781 ipsius
3176 2383 3209 2602 caussam
3158 2186 3222 2358 prodat
3157 1954 3219 2160 figurata
3158 1786 3202 1928 utens
3148 1357 3201 1763 deliberatione.'’

3244 2621 3294 2890 Verissime
3240 2328 3301 2584 Dionysius
3238 2193 3283 2283 sub
3235 1836 3297 2144 Menalippae
3248 1584 3296 1791 persona
3231 1354 3293 1551 Euripi-

3327 2881 3383 3018 dem,
3323 2746 3369 2833 sub
3319 2470 3383 2709 Hipponis
3318 2104 3376 2432 Anaxagoram
3314 1916 3359 2069 latere
3312 1680 3359 1882 monuit.
3311 1455 3371 1612 Atque
3309 1352 3355 1420 il-

3406 2927 3452 3018 lius
3418 2796 3449 2891 non
3400 2609 3447 2763 solum
3396 2324 3450 2573 doctrina,
3392 2188 3440 2274 sed
3393 1998 3438 2140 etiam
3390 1770 3437 1961 dicendi
3388 1529 3435 1733 facultas
3388 1350 3450 1493 plena

3482 2685 3538 3017 artificiorum,
3477 2432 3540 2647 quamvis
3491 2370 3520 2396 a
3478 2181 3519 2335 matre
3471 1987 3517 2146 divina
3474 1754 3531 1951 accepta
3484 1607 3514 1717 esse
3467 1351 3528 1574 fingatur,

3568 2852 3609 3015 tamen
3574 2649 3622 2817 parum
3562 2415 3603 2612 naturae
3551 2185 3614 2379 virginis
3549 1874 3597 2130 convenire
3547 1652 3593 1842 videtur
3551 1568 3593 1617 et
3546 1349 3607 1541 vitupe-

3647 2910 3690 3014 rata
3644 2798 3686 2874 est
3639 2690 3685 2748 ab
3634 2385 3684 2654 Aristotele
3637 2219 3695 2349 poet.
3646 2137 3679 2178 c.
3632 2022 3678 2099 15.
3626 1866 3692 1982 (τοῦ
3623 1775 3674 1830 δὲ
3624 1470 3686 1739 ἀπρεποῦς
3620 1348 3672 1435 καὶ

3716 2945 3785 3013 μὴ
3716 2560 3782 2907 ἁρμόττοντος
3710 2185 3776 2511 παράδειγμα
3706 2108 3772 2141 ἡ
3710 1966 3773 2056 τῆς
3704 1574 3769 1919 Matavt'mng
3703 1349 3771 1539 ῥῆσις).

3799 2715 3862 3011 Saepissime
3799 2497 3843 2663 noster
3809 2312 3840 2444 suam
3804 2005 3853 2260 personam
3805 1860 3835 1968 cum
3788 1607 3835 1813 scenicis
3786 1346 3850 1571 personis

3877 2763 3927 3011 miscendo
3876 2625 3922 2711 has
3874 2322 3919 2561 doctiores
3906 2288 3927 2300 ,
3869 2037 3915 2231 virtutis
3868 1678 3926 1997 amantiores,
3865 1347 3929 1612 perfectio-

3974 2898 4013 3010 res,
3971 2693 4019 2834 quam
3969 2551 4017 2638 par
3957 2396 3999 2499 erat
3949 2276 3996 2353 vel
3948 2000 3995 2222 veritatis
3949 1823 3994 1944 ratio
3947 1671 4010 1771 pati
3946 1346 4002 1620 videbatur,

4036 2818 4084 3006 effinxit
4038 2711 4081 2762 et
4033 2614 4080 2663 'in
4033 2490 4079 2582 hac
4030 2351 4078 2453 sola
4045 2263 4075 2318 re
4032 2054 4090 2229 poetae
4027 1856 4074 2020 officia
4026 1658 4074 1821 studio
4022 1344 4088 1625 philosophi

4113 2712 4178 3006 postposuit.
4111 2572 4158 2646 Eo
4110 2330 4158 2537 redeunt
4122 1980 4170 2297 quaecunque
4105 1657 4155 1948 Aristoteles
4105 1574 4153 1623 in
4102 1344 4167 1543 Euripi-

4193 2927 4241 3004 dis
4192 2696 4255 2892 scriptis
4188 2330 4254 2663 reprehendit.
