5010 3336
4004 2170 4061 2250 28

3873 1371 3908 1679 reversurum
3871 1725 3907 1864 esse:
3870 1914 3913 1963 et
3854 2010 3917 2206 quidem
3866 2255 3915 2388 solus
3863 2432 3913 2557 haec
3862 2606 3910 2766 omnia
3845 2799 3907 3040 perficere

3781 1369 3843 1486 vult,
3779 1522 3841 1886 quiescentibus
3786 1921 3839 2162 Troianis.
3786 2227 3835 2485 Gaudente
3785 2518 3833 2596 his
3768 2634 3829 2888 magnifice
3762 2921 3809 3037 pro-

3715 1366 3763 1528 missis
3701 1566 3763 1735 chor0,
3696 1770 3744 1929 neque
3706 1963 3756 2207 Achillem
3691 2242 3739 2402 neque
3704 2436 3753 2637 Aiacem
3702 2670 3751 2800 illius
3696 2835 3749 3036 fortitu-

3636 1366 3683 1466 dini
3620 1499 3667 1669 parem
3631 1706 3664 1817 esse
3617 1852 3678 2062 dicente,
3628 2098 3660 2193 non
3626 2227 3673 2451 consistit
3625 2479 3673 2527 in
3625 2548 3672 2643 hoc
3604 2668 3669 3035 magniloquen-

3557 1365 3604 1465 tiae
3539 1505 3603 1686 gradu,
3552 1738 3599 1826 sed
3549 1872 3598 2078 liberata
3548 2121 3591 2254 terra
3544 2306 3597 2630 Troianorum
3533 2675 3574 2757 se,
3538 2817 3581 3035 assumto

3461 1364 3526 1613 Hectore,
3471 1661 3517 1936 universam
3469 1974 3517 2231 Graeciam
3465 2262 3515 2559 domiturum
3462 2597 3496 2708 esse
3446 2744 3509 3035 pollicetur:

3380 1363 3442 1607 superatis
3392 1644 3440 1774 enim
3377 1810 3437 2082 occisisque
3375 2117 3435 2310 optimis
3369 2349 3433 2643 quibusque,
3368 2681 3429 2764 qui
3364 2799 3428 2847 in
3379 2885 3429 3036 Troia

3299 1362 3360 1645 congregati
3301 1678 3359 1798 sint,
3310 1849 3359 2044 facilem
3309 2080 3359 2188 fore
3307 2222 3355 2475 victoriam
3299 2522 3351 2801 arbitratur.
3286 2871 3348 3033 Quae-

3235 1360 3278 1498 rente
3233 1532 3282 1710 deinde
3218 1735 3280 1969 Hectore,
3229 2004 3276 2054 in
3213 2089 3261 2294 quanam
3225 2328 3273 2576 exercitus
3208 2600 3265 2758 parte,
3220 2794 3268 2841 in
3219 2868 3268 3032 medio

3154 1357 3188 1418 an
3155 1464 3202 1514 in
3153 1559 3200 1786 cornibus
3151 1834 3182 1887 se
3149 1925 3197 2153 collocari
3134 2207 3195 2353 velit,
3144 2401 3194 2555 solum
3143 2592 3175 2646 se
3142 2681 3185 2732 et
3139 2767 3187 2944 cubare
3138 2979 3182 3031 et

3075 1357 3107 1470 cum
3073 1516 3123 1742 hostibus
3055 1790 3117 2025 congredi
3067 2070 3116 2195 velle
3064 2229 3114 2475 ostendit:
3064 2520 3112 2595 sin
3051 2631 3111 2849 Hector,
3046 2900 3107 3032 quod

2996 1355 3043 1414 ab
2992 1449 3042 1767 incendendis
2989 1803 3036 2002 navibus
2972 2040 3036 2357 excludatur,
2969 2394 3016 2540 aegre
2970 2576 3031 2734 ferat,
2982 2771 3013 2826 se
2979 2860 3024 3031 contra

2913 1353 2963 1595 Achillem
2910 1631 2959 1782 aciem
2907 1822 2956 2199 constituturum
2903 2235 2938 2362 esse.
2903 2420 2951 2549 Tum
2901 2585 2950 2648 de
2885 2683 2949 2883 reliquis
2901 2917 2948 3030 viris

2818 1352 2882 1598 primariis
2817 1647 2862 1917 quaerens,
2826 1969 2873 2235 secundum
2823 2281 2871 2527 Achillem
2820 2571 2870 2872 fortissimos
2820 2918 2852 3030 esse

2753 1352 2801 1550 Aiacem
2752 1586 2783 1642 ac
2749 1669 2799 1957 Diomedem
2736 1994 2794 2213 docetur,
2744 2252 2791 2462 maxime
2742 2488 2774 2604 vero
2741 2633 2788 2846 omnium
2724 2875 2788 3027 Ulys—

2674 1352 2721 1419 sis
2673 1456 2718 1686 astutiam
2669 1722 2718 1987 timendam
2656 2023 2699 2159 esse,
2666 2210 2709 2262 ut
2650 2306 2711 2388 qui
2665 2434 2711 2481 iu
2663 2518 2708 2687 urbem
2662 2719 2709 2842 clam
2660 2878 2703 3025 noctu

2577 1349 2640 1598 ingressus
2591 1630 2640 1900 Palladium
2589 1928 2620 1989 ex
2571 2016 2635 2200 templo
2583 2227 2635 2482 Minervae
2569 2512 2632 2790 abstulerit,
2580 2825 2629 3025 iterum-

2497 1350 2544 1445 que
2513 1479 2559 1693 mendici
2510 1727 2558 1944 habitum
2493 1981 2540 2156 gerens
2491 2194 2553 2472 speculator
2504 2506 2550 2552 in
2502 2588 2549 2759 urbem
2500 2789 2548 3025 mediam-

2418 1348 2464 1443 que
2431 1476 2481 1806 Troianorum
2428 1855 2475 2141 concionem
2412 2189 2472 2401 venerit,
2408 2452 2470 2725 occisisque
2405 2772 2462 3024 portarum

2340 1348 2400 1664 custodibuS,
2336 1700 2383 1871 magua
2349 1908 2397 2059 caede
2335 2096 2395 2301 effecta,
2344 2339 2392 2498 salvus
2332 2532 2390 2767 redierit,
2324 2813 2388 3024 denique

2256 1347 2304 1547 semper
2256 1580 2304 1735 prope
2270 1772 2318 1942 urbem
2269 1979 2316 2039 ad
2267 2076 2299 2206 aram
2250 2234 2315 2598 Thymbraeam
2261 2635 2310 2869 insidians
2260 2906 2291 3021 con—

2192 1346 2240 1451 silia
2191 1474 2241 1799 Troianorum
2173 1828 2236 2066 exploret.
2187 2119 2235 2210 His
2185 2239 2233 2418 auditis
2182 2445 2232 2641 Rhesus
2181 2678 2230 2839 furem
2163 2877 2223 3023 atque

2111 1345 2158 1582 latronem
2110 1617 2158 1773 vivum
2111 1810 2142 1836 a
2109 1874 2141 1928 se
2091 1969 2152 2192 captum,
2089 2230 2151 2504 adactoque
2086 2538 2134 2627 per
2101 2660 2149 2873 medium
2100 2910 2131 3020 cor-

2015 1344 2063 1436 pus
2014 1484 2077 1678 stipite,
2014 1728 2075 1811 qui
2012 1858 2059 1949 per
2027 1996 2059 2050 os
2010 2088 2067 2336 emergat,
2023 2387 2055 2549 escam
2018 2586 2069 2864 volucribus
2002 2900 2051 3016 pro-

1934 1341 1998 1553 positum
1951 1589 1997 1650 iri
1932 1684 1995 1938 praedicit.
1946 2000 1995 2127 Tum
1944 2162 1992 2350 Hector
1931 2384 1991 2563 locum,
1941 2600 1987 2649 iu
1925 2686 1973 2780 quo
1923 2806 1986 3017 separati

1872 1341 1901 1367 a
1854 1402 1918 1603 reliquis
1855 1639 1916 1843 cubent,
1867 1892 1914 2038 sociis
1851 2093 1911 2304 assignat
1848 2352 1911 2597 simulque
1860 2631 1903 2870 tesseram
1859 2906 1890 3014 cum

1791 1340 1837 1399 iis
1777 1437 1836 1787 communicat,
1788 1841 1835 2041 chorum
1786 2090 1829 2251 autem
1768 2286 1832 2473 vigilias
1768 2510 1814 2655 agere
1780 2691 1822 2742 et
1778 2777 1828 3017 Dolonem

1708 1340 1753 1668 revertentem
1693 1693 1755 1909 opperiri
1706 1937 1754 2087 iubet.
1705 2121 1753 2215 His
1703 2242 1750 2500 transactis
1700 2527 1750 2725 Rhesus
1698 2756 1741 2806 et
1698 2827 1746 3018 Hector

1616 1338 1678 1549 abeunt,
1613 1588 1660 1709 quos
1613 1745 1675 1963 sequitur
1626 1999 1674 2147 etiam
1611 2182 1672 2391 chorus,
1619 2429 1669 2728 excitaturus
1618 2766 1649 2794 e
1605 2829 1650 3016 somno,

1534 1337 1597 1422 qui
1534 1457 1595 1738 succedant,
1547 1776 1579 1861 eos
1533 1898 1594 2096 militeS,
1530 2133 1592 2306 quibus
1528 2344 1585 2514 quarta
1525 2541 1587 2701 vigilia
1524 2725 1586 2910 agenda
1535 2937 1586 3014 sit.

1453 1468 1517 1679 Egregie
1467 1727 1515 1823 hoc
1466 1867 1509 1978 actu
1464 2023 1513 2214 Hector
1447 2249 1511 2489 gloriosus
1461 2526 1504 2576 et
1443 2611 1507 2948 magniloquus
1456 2985 1487 3013 a

1388 1334 1437 1502 Rheso
1373 1536 1437 1824 gloriosiore
1386 1858 1431 1909 et
1368 1942 1433 2416 magniloquentiore
1365 2451 1423 2741 superatur,
1364 2790 1411 2886 quo
1366 2938 1425 3013 fit,

1308 1335 1351 1391 ut
1296 1425 1358 1523 ille,
1292 1558 1355 1930 obstupefactus
1303 1966 1351 2190 vastitate
1291 2226 1351 2313 rei,
1303 2351 1352 2495 cedat
1285 2529 1347 2797 provincia,
1297 2834 1345 2881 in
1279 2919 1327 3014 qua

1212 1333 1276 1542 primam
1211 1575 1260 1833 personam
1211 1870 1258 2015 agere
1209 2050 1267 2287 nequeat,
1211 2332 1266 2408 et,
1223 2457 1271 2518 ad
1217 2569 1268 2888 sobrietatem
1216 2931 1248 3011 re-

1137 1330 1181 1524 versus,
1147 1558 1195 1695 illum
1130 1732 1179 1925 quoque
1146 1959 1177 1986 a
1128 2019 1191 2257 partibus,
1128 2294 1176 2414 quas
1141 2448 1190 2610 victus
1124 2647 1187 2882 deseruit,
1136 2921 1184 3009 de-

1066 1329 1115 1529 trahere
1065 1563 1110 1781 conetur.
1065 1851 1114 1991 Haec
1048 2040 1111 2233 penitus
1063 2286 1095 2345 ex
1062 2392 1110 2542 animi
1058 2590 1109 2793 humani
1056 2839 1101 3009 natura

986 1328 1036 1507 hausta
986 1553 1019 1663 esse
986 1711 1034 1755 si
969 1788 1033 1897 quis
967 1940 1032 2162 ignorat,
966 2208 1027 2376 potest
978 2412 1028 2672 occasione
977 2708 1026 2820 data
960 2855 1009 3003 expe-

906 1328 955 1539 rimento
906 1576 955 1758 doceri.
888 1821 954 1996 Neque
888 2029 950 2216 dubito,
886 2253 949 2369 quin
884 2399 950 2667 Euripides
881 2703 946 2810 ipse
897 2842 946 2892 in
896 2927 945 3004 his

825 1328 877 1507 ducum
809 1533 874 1864 exprimendis
821 1891 871 2105 moribus
818 2141 865 2305 certos
816 2330 869 2704 Atheniensium
801 2732 861 3002 praetoreS,
