5010 3336
3914 2168 3972 2289 126

3775 1398 3826 1648 miscendo
3760 1683 3822 2017 argumentum
3775 2054 3825 2285 dramatis
3775 2320 3824 2511 restitui
3758 2537 3807 2685 posse
3770 2710 3822 2918 videtur.
3767 2953 3818 3076 Post

3681 1395 3743 1634 insignem
3681 1671 3744 1820 igitur
3696 1853 3745 1985 illam
3683 2021 3744 2359 calamitatem,
3680 2396 3727 2486 qua
3694 2524 3742 2693 Cadmi
3691 2729 3741 2902 domus
3689 2937 3738 3073 The-

3615 1395 3664 1470 bis
3616 1523 3648 1693 eversa
3604 1742 3658 1850 est,
3616 1899 3664 2105 diversis
3616 2142 3663 2230 viis
3615 2266 3656 2487 errantes
3615 2525 3646 2584 ex
3612 2632 3661 2834 Boeotia
3593 2868 3658 3073 aufuge-

3536 1393 3580 1512 runt
3536 1548 3579 1597 et
3536 1634 3585 1845 Cadmus
3536 1882 3567 1990 cum
3536 2028 3568 2180 uxore
3536 2216 3577 2267 et
3518 2301 3582 2487 Agave:
3520 2538 3566 2740 qnorum
3531 2789 3578 2963 itinera
3529 2998 3576 3073 di-

3442 1393 3503 1661 rigentibus
3443 1698 3503 1818 diis,
3449 1857 3504 2062 accidit,
3457 2102 3497 2154 ut
3440 2187 3502 2350 Agave
3456 2386 3501 2442 ad
3439 2482 3501 2701 lllyrios,
3450 2751 3498 2965 Cadmus
3450 3002 3492 3074 at-

3362 1392 3408 1487 que
3376 1533 3423 1795 Harmonia
3378 1836 3423 1895 ad
3375 1942 3425 2307 Encheleenses
3373 2359 3422 2683 deferrentur.
3370 2765 3419 2832 Et
3354 2876 3416 3072 Agaven

3281 1390 3344 1586 quidem
3281 1640 3344 1975 Lycotherses
3297 2023 3328 2110 rex
3297 2160 3342 2250 sibi
3294 2286 3341 2590 matrimonio
3278 2626 3339 2803 iunxit„
3288 2857 3337 3071 Cadmus

3216 1387 3257 1548 autem
3215 1579 3264 1990 Encheleensium
3217 2029 3247 2114 rex
3217 2141 3264 2220 dei
3216 2246 3263 2377 iussu
3214 2408 3255 2598 creatus
3209 2635 3254 2724 est.
3209 2799 3258 2949 Cuius
3208 2982 3255 3070 sub

3121 1386 3183 1613 auspiciis
3121 1663 3167 1808 quum
3122 1855 3185 2186 Lycotherses
3135 2234 3181 2292 ab
3130 2342 3183 2759 Encheleensibns
3128 2797 3176 2953 victus
3129 2990 3160 3069 es-

3047 1387 3100 1491 set,
3042 1530 3103 1722 Agave,
3040 1759 3102 1922 agnito
3040 1959 3100 2123 patre,
3041 2168 3097 2459 tyrannum,
3051 2496 3099 2630 cuius
3048 2668 3095 2959 connubium
3048 2994 3095 3067 in-

2977 1383 3023 1482 vita
2966 1517 3023 1823 toleraverat,
2967 1861 3023 2074 occidit,
2961 2113 3006 2209 quo
2975 2244 3022 2377 facto
2959 2415 3022 2651 Cadmus,
2954 2688 3015 2943 utriusque
2951 2978 2999 3066 po-

2880 1382 2943 1482 puli
2881 1516 2927 1717 regnum
2880 1772 2942 2006 adeptus,
2895 2052 2943 2289 felicitate
2894 2326 2925 2441 usus
2893 2478 2933 2553 est
2890 2587 2922 2698 cum
2878 2731 2935 2857 suis,
2888 2908 2935 3068 donec

2800 1382 2848 1589 corpora
2816 1618 2863 1666 in
2816 1694 2863 1955 draconum
2815 1984 2863 2166 formas
2803 2192 2856 2394 mutata,
2811 2431 2859 2619 animae
2809 2647 2855 2869 autemin
2808 2897 2856 3065 beato-

2736 1379 2768 1489 rum
2735 1528 2783 1732 insulam
2736 1769 2782 1893 lovis
2734 1931 2782 2066 iussu
2734 2105 2782 2296 delatae
2730 2345 2774 2473 sunt.
2730 2558 2780 2768 Videtur
2728 2804 2776 2923 deus
2728 2976 2775 3065 ali-

2640 1380 2703 1505 quis,
2657 1543 2686 1568 a
2656 1605 2687 1795 summo
2655 1833 2702 1945 Iove
2655 1981 2701 2041 ad
2654 2079 2702 2314 Cadmum
2636 2343 2693 2489 atque
2649 2520 2698 2832 Harmoniam
2648 2856 2695 2902 in
2648 2933 2678 3063 cam-

2559 1375 2606 1492 pum
2561 1531 2624 1754 Elysinm
2560 1807 2621 2148 perducendos
2563 2198 2620 2406 missus,
2571 2456 2617 2518 (le
2556 2565 2615 2861 animarum,
2553 2915 2599 3062 quum

2480 1375 2528 1635 corporum
2496 1673 2543 1874 vinculis
2494 1912 2542 2146 liberatae
2479 2183 2531 2377 essent,
2491 2413 2538 2507 vita
2475 2538 2537 2793 docuisse7
2486 2830 2535 2952 haec
2486 2988 2534 3060 in-

2415 1372 2457 1450 ter
2417 1480 2462 1569 alia
2416 1605 2463 1774 dicens
2399 1794 2465 1866 *):

2350 1502 2357 1565 -—
2350 1632 2356 1698 -—-
2322 1767 2384 1996 οὐρανός
2332 2031 2380 2086 θ’
2315 2120 2382 2256 ἡμᾶς
2314 2290 2382 2422 ὕπερ

2254 1503 2305 1699 δίναισι
2242 1733 2302 1935 φοιτῶν
2251 1971 2303 2077 ἐστι
2236 2112 2301 2384 δαιμόνων
2238 2418 2302 2561 ἕδος·

2173 1500 2223 1559 τὸ
2173 1597 2223 1643 δ’
2174 1681 2227 1737 ἐν
2155 1771 2224 1909 μέσῳ
2171 1945 2215 2042 τοῦ
2171 2078 2218 2120 τ’
2154 2158 2219 2395 οὐρανοῦ
2167 2430 2200 2483 τε
2165 2519 2218 2608 καὶ
2150 2640 2216 2839 χθονὸς

2092 1501 2143 1552 οἱ
2078 1585 2143 1681 μὲν
2082 1722 2142 1857 Χάος
2089 1892 2137 2146 καλοῦσιν
2101 2180 2109 2241 —
2101 2311 2107 2373 —
2101 2442 2108 2505 —-
2087 2573 2105 2650 —.

2011 1365 2059 1532 Potuit
2003 1568 2054 1759 tamen,
2011 1806 2058 1854 id
1996 1902 2055 2030 quod
2009 2085 2056 2160 his
2008 2195 2055 2357 verbis
2006 2392 2053 2565 melius
1993 2603 2053 2853 convenit,
2004 2904 2052 3050 etiam

1915 1364 1978 1544 Agave,
1914 1580 1979 1849 inspirante
1920 1884 1978 2108 Baccho,
1911 2146 1968 2410 praecepta
1911 2446 1973 2680 quaedam
1925 2720 1972 2939 barbaris
1924 2974 1956 3051 ar-
1930 3194 1959 3203 l

1851 1363 1882 1482 cana
1851 1517 1899 1727 tradere.
1849 1796 1898 2019 Necesse
1849 2054 1895 2182 enim
1848 2221 1888 2297 est
1847 2333 1892 2456 hanc
1829 2508 1892 2740 singulari
1828 2770 1891 2930 aliqua
1844 2954 1891 3050 vir-
1899 3196 1902 3198 ’

1771 1359 1813 1468 tute
1770 1503 1811 1585 aut
1771 1618 1818 1855 facultate
1769 1891 1817 2255 admirationem
1765 2289 1814 2539 hominum
1765 2566 1812 2784 ferorum
1753 2821 1811 3047 movisse,

1677 1359 1723 1521 neque
1675 1568 1738 1725 potuit
1690 1774 1739 1959 femina
1688 2007 1735 2278 errabunda
1671 2315 1732 2420 ipsa
1669 2456 1716 2545 per
1685 2581 1716 2634 se
1684 2670 1731 2731 ad
1669 2765 1731 2889 regii
1684 2926 1715 3048 con-

1609 1358 1658 1492 nubii
1611 1526 1658 1763 honorem
1610 1801 1656 1931 eniti.
1608 2000 1656 2176 Eidem
1590 2214 1655 2364 igitur
1604 2399 1651 2562 tribuo
1586 2599 1653 2770 fragm.
1602 2823 1650 2914 inc.
1602 2949 1647 3045 97:

1511 2016 1577 2087 μή
1513 2123 1558 2213 μοι
1510 3199 1576 3207 l

1449 1486 1499 1688 λεπτῶν
1433 1722 1499 1944 θίγγανε
1433 1979 1497 2186 μύθων,
1428 2222 1495 2379 ψυχή.

1369 1485 1418 1534 τί
1353 1567 1418 1787 περισσὰ
1352 1823 1412 2071 φρονεῖς,
1365 2110 1416 2165 εἰ
1348 2198 1417 2281 μὴ
1350 2317 1415 2582 μέλλεις

1273 1483 1336 1955 σεμνύνεσθαι
1268 1990 1331 2133 παρ’
1269 2170 1335 2471 ὁμοίοις;

1210 1350 1258 1481 lnter
1207 1527 1254 1675 rudes
1205 1715 1253 1944 barbaros
1203 1982 1252 2142 locum
1202 2174 1234 2268 non
1202 2308 1234 2418 esse
1202 2451 1251 2734 reconditae
1185 2769 1250 3038 sapientiae

1112 1349 1174 1626 praeceptis
1109 1675 1174 1980 intelligens,
1122 2032 1155 2086 se
1122 2137 1152 2163 a
1106 2216 1168 2535 cogitatorum
1119 2584 1170 2883 sublimitate
1102 2929 1167 3036 ipsa

927 1412 981 1455 *)
938 1489 981 1557 Cf.
935 1587 979 1750 Helen.
934 1780 961 1822 v.
932 1853 976 1989 1015:

860 2390 906 2414 ὁ
852 2445 902 2553 νοῦς

795 1590 839 1683 ταῖν
790 1712 836 2043 κατθανόντων
775 2074 833 2125 ζῇ
777 2152 834 2233 μὲν
782 2264 836 2334 οὔ,
776 2365 836 2547 γνώμην
789 2579 833 2620 δ’
777 2648 833 2731 ἔχει

711 1590 772 1846 ἀθάνατον,
712 1878 762 1942 εἰς
717 1971 764 2213 ἀθάνατον
705 2243 765 2393 αἰθέρ’
706 2423 762 2640 ἐμπεσών.
