5010 3336
1439 2992 1441 2994 ·
1418 2842 1462 2947 tur.
1402 2620 1468 2745 Quo
1392 2287 1469 2581 proposito
1405 2124 1441 2249 cum
1391 1733 1455 2079 temporum,
1377 1479 1448 1676 quibus
1378 1278 1426 1441 natae

1033 2087 1066 2169 vn

1170 2366 1235 2553 factiS‚
1166 2251 1219 2329 ita
1180 2001 1229 2217 eorum,
1158 1868 1228 1962 qui
1151 1549 1210 1838 scribendo
1147 1285 1224 1523 gloriam

1184 2609 1246 2952 meruerunt,

1294 2755 1369 2947 adepti
1295 2577 1356 2726 sunt,
1280 2272 1355 2533 operibus
1274 2019 1349 2247 ingenia
1275 1669 1338 1993 mentesque
1262 1280 1318 1640 manifestan-

1517 2630 1571 2944 viderentur
1506 2326 1572 2578 fabulae,
1500 2017 1554 2270 ordinem
1494 1828 1548 1965 mihi
1488 1433 1561 1775 sequendum
1500 1276 1535 1395 esse

1627 2550 1687 2941 existimarem,
1635 2394 1671 2506 non
1613 2206 1688 2367 potui
1628 2071 1663 2183 non
1607 1867 1661 2043 multa
1599 1477 1656 1839 coniectando
1614 1274 1666 1449 quae-

1578 844 1627 850 ι

1643 841 1714 849 ¹÷
1661 815 1708 819 ῖ

1757 2806 1794 2941 rere.
1731 2456 1786 2718 Ceterum
1725 2216 1781 2414 demtis
1724 2086 1790 2182 iis,
1738 1898 1790 2040 quae
1723 1732 1770 1857 sunt
1714 1640 1766 1698 in
1706 1271 1782 1605 suspicioni-
1729 811 1771 847 Ἴ

1852 2838 1903 2940 bus
1846 2588 1920 2799 posita,
1840 2412 1895 2541 satis
1837 2176 1904 2379 multa,
1851 1989 1904 2130 quae
1848 1856 1903 1960 pro
1823 1524 1899 1825 exploratis
1819 1270 1885 1501 habeas,
1805 813 1808 814 '

1959 2698 2029 2937 relinqui
1954 2443 2009 2673 videbis.
1950 2270 2003 2356 De
1948 2134 2001 2245 vita
1941 1800 2016 2109 scriptoriS,
1938 1688 1991 1757 de
1934 1454 1989 1658 saeculi
1933 1266 2004 1428 inge—

2073 2810 2140 2934 ni0,
2069 2668 2123 2741 de
2064 2279 2139 2620 reipublicae
2058 2026 2113 2227 caussis
2054 1795 2124 1976 deque
2044 1367 2102 1747 communibus
2047 1261 2094 1317 et

2182 2694 2257 2934 publicis
2179 2493 2232 2657 rebus
2173 2167 2240 2447 omnibus,
2173 1856 2240 2121 quantum
2179 1593 2216 1820 necesse
2157 1259 2221 1557 videretur,

2298 2789 2349 2930 inter
2294 2557 2365 2738 ipsam
2286 2196 2341 2508 fabularum
2277 1694 2352 2149 explicationem,
2270 1527 2323 1623 ubi
2268 1258 2321 1481 daretur

2404 2678 2469 2924 occasiO,
2416 2352 2472 2632 exponere
2394 1896 2447 2313 constitueram:
2381 1475 2459 1837 postmodum
2380 1257 2433 1438 vitan-

2517 2727 2569 2923 dorum
2512 2340 2583 2686 digressuum
2523 2116 2558 2304 caussa
2500 1799 2573 2079 longiores
2497 1653 2549 1768 eius
2492 1396 2567 1614 generis
2490 1253 2543 1368 dis-

2625 2598 2681 2923 sertationes
2618 2332 2693 2559 singulis
2612 1987 2668 2304 didascaliis
2608 1596 2683 1957 praemittere
2603 1400 2657 1565 satius
2620 1252 2655 1372 esse

2355 803 2372 810 ⁸
2487 807 2489 809 .

2389 838 2394 841 ,
2409 833 2769 841 -..,-.-,-..,..--.-“
2791 833 2823 837 --

2737 2720 2793 2920 censui.
2733 2493 2785 2621 Hoc
2728 2215 2783 2456 monitos
2724 2041 2778 2172 volo
2741 1872 2789 1996 eos,
2719 1734 2792 1826 qui
2717 1629 2770 1697 de
2715 1474 2768 1583 hac
2714 1251 2786 1436 operis

2856 2757 2924 2920 parte
2845 2453 2899 2698 iudicare
2840 2177 2905 2401 volent,
2842 2053 2889 2108 et
2840 1714 2907 2005 praeterea
2847 1571 2883 1661 me
2844 1412 2879 1525 non
2824 1246 2877 1360 hoc

2962 2709 3036 2916 egisse,
2963 2594 3010 2655 ut
2952 2297 3007 2548 iterando
2968 2120 3020 2261 quae
2947 2012 3000 2083 de
2944 1778 2999 1976 iisdem
2942 1578 2995 1739 rebus
2944 1354 2992 1537 essent
2936 1246 2989 1315 ab

3074 2796 3128 2915 aliis
3071 2472 3142 2754 disputata
3060 2102 3138 2439 ignorationi
3059 1800 3112 2071 lectorum
3069 1391 3118 1761 occurrerem,
3048 1244 3102 1345 sed

3192 2852 3239 2914 ut
3179 2516 3254 2794 explendo
3195 2319 3247 2461 quae
3173 2063 3227 2265 omissa
3176 1954 3224 2008 et
3168 1721 3222 1917 melius
3162 1424 3218 1677 docendo
3178 1243 3232 1385 quae

3309 2612 3367 2910 perperam
3288 2421 3341 2572 credi
3292 2105 3358 2386 putarem,
3282 1758 3354 2047 opiniones
3278 1580 3331 1723 falso
3278 1242 3344 1542 conceptas

3411 2853 3458 2908 et
3402 2615 3456 2817 iudicia
3398 2305 3469 2575 iniquiora
3394 1920 3467 2269 corrigerem.

3513 2508 3578 2747 Earum,
3526 2323 3581 2464 quae
3514 1972 3577 2289 temporum
3500 1744 3554 1937 iniuria
3496 1369 3562 1721 interierunt,
3492 1238 3545 1325 fa—

3626 2654 3679 2911 bularum
3640 2490 3675 2603 non
3620 2320 3674 2447 satis
3617 2110 3670 2283 habui
3616 1754 3687 2067 fragmenta
3608 1418 3681 1715 colligere,
3604 1236 3657 1359 col-

3739 2759 3791 2904 lecta
3734 2415 3790 2710 emendare
3738 2307 3784 2361 et
3735 2203 3782 2263 ut
3743 1900 3798 2152 quaeque
3721 1471 3776 1861 sententiarum
3714 1237 3770 1433 vicini-

3856 2788 3902 2902 tate
3848 2646 3901 2752 alia
3846 2538 3900 2608 ad
3845 2397 3898 2503 alia
3840 2081 3914 2360 pertinere
3837 1733 3890 2053 viderentur
3833 1382 3904 1705 disponere,
3845 1235 3878 1335 ne-

3979 2792 4032 2901 que
3962 2420 4033 2744 argumenta
3952 2070 4025 2366 indagare,
3944 1642 4020 1991 interpretari
3939 1336 4011 1597 reliquias
3942 1231 3989 1286 et

4090 2758 4142 2899 quae
4076 2554 4123 2696 esset
4067 2309 4120 2507 harum
4081 2137 4115 2261 cum
4061 1981 4114 2091 illis
4055 1588 4130 1925 conspiratio
4050 1233 4121 1534 exquirere,
4092 767 4129 772 1

4199 2670 4252 2896 quarum
4180 2405 4254 2645 partium
4178 2324 4230 2381 in
4175 2128 4228 2301 altera
4169 1790 4226 2112 Matthiaei
4164 1472 4239 1762 diligentia
4168 1392 4214 1445 et
4158 1231 4213 1363 sub-
