5010 3336
3929 2200 3985 2321 llo

3804 1414 3839 1496 res
3788 1532 3852 1781 agebatur.
3782 1846 3847 2010 Atque
3792 2043 3843 2128 ille
3774 2164 3838 2362 quidem
3780 2399 3835 2717 Cretensibus
3779 2752 3828 2813 ad
3773 2846 3810 2979 arma
3771 3018 3806 3104 vo-

3711 1415 3772 1556 catis,
3704 1591 3770 1878 impetuque
3714 1912 3763 1960 in
3694 1995 3759 2179 regiam
3696 2218 3757 2378 facto,
3688 2413 3749 2690 tyrannum,
3682 2727 3746 2900 opibus
3691 2935 3741 3104 militi—

3628 1413 3693 1602 busque
3622 1650 3685 2054 munitissimum‚
3629 2117 3677 2180 de
3610 2233 3670 2484 potentiae
3603 2530 3670 2730 fastigio
3597 2773 3661 3102 praecipitare

3561 1410 3607 1694 conabatur.
3556 1766 3605 1865 Aut
3553 1900 3600 2029 enim
3534 2065 3598 2256 integra
3545 2290 3586 2371 aut
3540 2404 3590 2655 levissime
3535 2691 3578 2875 mutata
3516 2899 3584 2949 *)
3530 2986 3580 3100 red-

3481 1408 3532 1536 didit
3461 1567 3528 1923 Aristophanes
3472 1958 3520 2039 illa
3469 2074 3516 2123 in
3465 2159 3516 2309 Ranis
3464 2344 3495 2387 v.
3458 2427 3506 2555 1356
3440 2591 3491 2754 seqq.:

3399 1536 3451 1646 ἀλλ’
3397 1685 3454 1725 ὦ
3375 1762 3443 1981 Κρῆτες,
3377 2016 3446 2161 Ἴδας
3368 2195 3436 2367 τέκνα,

3317 1532 3370 1597 τὰ
3303 1630 3366 1755 τόξα
3295 1787 3361 2039 λαβόντες
3287 2072 3359 2386 ἐπαμύνατε,

3235 1530 3286 1595 τὰ
3233 1628 3283 1772 κῶλά
3231 1806 3278 1849 τ’
3213 1884 3278 2186 ἀμπάλλετε,

3136 1527 3201 1885 κυκλούμενοι
3129 1918 3197 2016 τὴν
3139 2052 3192 2257 οἰκίαν·

3059 1527 3126 1637 ἅμα
3070 1671 3121 1727 δὲ
3061 1762 3118 2041 Δίκτυννα
3047 2073 3105 2197 παῖς

2974 1523 3049 1765 ’Ἄρτεμις
2982 1797 3035 1933 καλὰ

2899 1524 2961 1617 τὰς
2891 1650 2955 1904 κυνίσκας
2883 1939 2953 2114 ἔχουσ’
2892 2150 2948 2346 ἐλθέτω

2827 1520 2880 1610 διὰ
2809 1645 2876 1826 δόμων
2798 1858 2862 2098 πανταχῆ
2837 2120 2849 2130 ·

2746 1519 2803 1586 σὺ
2732 1612 2795 1676 δ’,
2742 1716 2798 1757 ὦ
2724 1793 2787 1940 Διός,
2718 1979 2785 2277 διαπύρους
2710 2316 2782 2580 ἀνέχουσα

2647 1516 2712 1799 λαμπάδας
2644 1832 2707 2112 ὀξυτάταιν
2635 2146 2683 2248 χει-

2567 1513 2628 1649 ροῖν,
2561 1690 2634 1896 Ἑκάτα,
2553 1931 2619 2269 παράφηνον.

2502 1383 2553 1482 Sed
2498 1516 2547 1672 multo
2481 1708 2535 1849 ante,
2475 1900 2522 2043 quam
2485 2091 2534 2334 Daedalus
2482 2385 2532 2510 hanc
2465 2557 2514 2773 pugnam
2467 2809 2529 2983 iniret,
2476 3033 2524 3080 in

2408 1380 2455 1474 qua
2416 1510 2464 1700 occisus
2400 1740 2454 1841 est,
2407 1890 2459 2079 Icarum
2403 2116 2452 2324 volando
2400 2377 2448 2584 salutem
2382 2633 2447 2827 petisse
2395 2871 2428 3079 necesse

2340 1377 2383 1469 est.
2337 1543 2386 1617 Cf.
2330 1658 2382 1799 ovid.
2329 1834 2377 1957 Met.
2312 1995 2376 2119 Vm,
2323 2159 2368 2281 185:

2270 1508 2279 1572 -—
2266 1642 2274 1702 -—-
2239 1771 2299 2000 „Terras
2234 2035 2292 2174 licet,
2223 2212 2289 2395 inquit,
2239 2435 2281 2486 et
2235 2520 2285 2690 undas

2159 1512 2224 1770 Obstruat,
2169 1811 2209 1866 at
2163 1904 2211 2099 coelam
2161 2138 2201 2278 certe
2141 2306 2199 2491 patet:
2155 2527 2204 2711 ibimus
2149 2747 2200 2886 illac.

2091 1508 2142 1696 Omnia
2072 1723 2134 2008 possideat,
2081 2046 2113 2148 72072
2062 2175 2125 2409 possidet
2074 2446 2107 2574 aera
2068 2615 2135 2840 'Minos”.

2013 1370 2065 1579 Videtur
2006 1627 2059 1831 Ovidius
2002 1878 2051 2025 etiam
1995 2077 2047 2459 admonitionem
1977 2506 2038 2662 patris
1986 2696 2037 2920 imitatus
1983 2956 2017 3069 esse

1932 1365 1984 1415 in
1931 1447 1980 1612 hisce:

1838 1497 1898 1759 „Instruit
1842 1800 1884 1852 et
1837 1887 1882 2102 natum:
1815 2142 1886 2422 Mediaque
1831 2456 1873 2514 ut
1827 2551 1877 2718 limite
1810 2754 1857 2950 curras,

1754 1497 1817 1667 Icare,
1752 1706 1810 1798 ait,
1744 1835 1793 2041 moneo,
1742 2079 1788 2159 ne,
1754 2196 1801 2242 si
1749 2277 1801 2543 demissior
1733 2574 1794 2689 ibis,

1686 1503 1738 1656 Unda
1669 1688 1723 1873 gravet
1662 1903 1710 2121 pennas,
1674 2157 1720 2206 si
1657 2239 1719 2434 celsior,
1650 2473 1715 2609 ignis
1659 2644 1713 2851 adurat.

1620 1489 1629 1557 —-
1618 1622 1627 1689 *-
1598 1757 1651 1964 Pariter
1573 1994 1632 2282 praecepta
1586 2316 1635 2531 volandi

1524 1496 1576 1682 Tradit
1521 1719 1563 1770 et
1503 1804 1566 2011 ignotas
1509 2046 1561 2272 humeris
1501 2310 1551 2659 accommodat
1496 2697 1547 2823 alas.

1445 1486 1495 1635 Inter
1423 1670 1473 1796 opus
1413 1830 1481 2155 monitusque
1412 2190 1459 2361 genae
1421 2395 1471 2645 maduere
1417 2677 1465 2865 seniles

1364 1483 1413 1562 Et
1345 1595 1405 1807 patriae
1350 1842 1397 2103 tremuere
1346 2136 1379 2334 mamis.
1341 2405 1391 2566 Dedit
1336 2603 1385 2778 oscula
1332 2813 1376 2939 nato

1282 1485 1332 1609 Non
1274 1644 1326 1836 iterum
1255 1870 1317 2159 repetenda
1265 2191 1315 2317 sao⁷'
1263 2354 1307 2448 etc.

1200 1480 1251 1669 Icarum
1197 1707 1244 1754 in
1192 1790 1225 1924 mare
1185 1956 1237 2204 decidisse
1181 2259 1225 2486 constans
1177 2524 1220 2601 est
1157 2635 1223 2934 scriptorum
1167 2970 1212 3045 te-

1118 1349 1170 1640 stimonium.
1115 1711 1164 1819 Non
1097 1855 1152 2021 potest
1091 2055 1154 2201 igitur
1100 2236 1149 2463 monodia
1083 2495 1146 2605 illa,
1079 2643 1126 2787 quam
1086 2825 1122 3041 comme-

1000 1402 1055 1452 >¹f)
1007 1483 1054 1766 scholiastae
1004 1792 1042 1919 nota:
998 1949 1040 2098 ταῦτα
996 2126 1040 2175 δὲ
979 2206 1039 2358 παρὰ
992 2388 1036 2453 τὰ
989 2479 1035 2526 ἐκ
974 2547 1027 2743 Κρητῶν
966 2763 1024 3039 Εὐριπίδου,

927 1484 982 1729 depravata
934 1759 961 1854 esse
917 1884 971 2078 genuina
910 2107 967 2333 Euripidis
919 2364 961 2503 verba
911 2544 957 2758 declarat.
910 2816 951 2927 Eius
906 2967 944 3038 ta·

869 1479 898 1582 men
853 1625 908 1955 depravationis
839 1992 897 2209 vestigia,
838 2241 888 2421 praeter
842 2452 889 2690 ridiculam
826 2718 878 3034 appendicem:

790 1480 842 1526 ἐς
796 1554 835 1598 Γ
781 1595 837 1746 λύπης,
780 1773 838 1899 ὅπως
786 1929 834 1987 31¹²!
773 2013 825 2282 εἰςελθοῦσα
762 2300 820 2517 φωράσω,
758 2547 812 2759 deprendi
762 2778 804 2901 nulla
761 2919 805 3033 mihi

716 1477 755 1608 posse
717 1638 764 1853 videntur.

2513 3197 2539 3200 !
