5010 3336
3851 2038 3905 2159 438

3707 1392 3766 1644 „Publica
3700 1672 3764 1894 privatis
3700 1928 3745 2219 secernere,
3709 2256 3743 2404 sacra
3690 2431 3752 2687 profanis,

3637 1393 3686 1673 Concubitu
3620 1701 3683 1971 prohibere
3615 2006 3664 2150 vago,
3630 2190 3679 2315 dare
3628 2351 3675 2468 iura
3611 2503 3670 2719 maritis,

3541 1390 3606 1594 Oppida
3556 1628 3603 1800 moliri
3543 1816 3565 1828 ,
3536 1867 3601 2007 leges
3550 2043 3599 2272 incidere
3531 2309 3596 2484 ligno:

3479 1387 3529 1479 Sic
3477 1515 3526 1672 honor
3476 1711 3516 1759 et
3474 1797 3506 1979 nomen
3471 2015 3520 2201 divinis
3467 2235 3515 2436 vatibus
3448 2475 3507 2630 atque

3396 1391 3448 1711 Carminibus
3394 1747 3440 1882 venit
3416 1892 3434 1918 ’³
3394 1937 3423 1954 :

3320 1249 3369 1400 iidem
3303 1435 3366 1706 iniquarum
3299 1753 3363 1910 legum
3311 1961 3360 2162 vinculis
3307 2214 3354 2501 constrictos
3288 2536 3353 2745 populos
3301 2781 3351 2829 in
3302 2864 3350 2926 li-

3239 1249 3288 1489 bertatem
3235 1527 3285 1771 vindicare
3221 1807 3281 1990 solent,
3232 2038 3278 2096 ad
3229 2144 3277 2328 divinas
3212 2363 3275 2522 leges,
3223 2560 3256 2654 non
3207 2698 3270 2926 scriptas,

3160 1248 3207 1337 sed
3142 1361 3207 1664 ingeneratas
3155 1691 3202 1840 menti
3135 1882 3200 2274 uniuscuiusque,
3149 2312 3179 2338 a
3132 2372 3190 2684 tyrannorum
3139 2720 3190 2925 libidine

3065 1245 3113 1526 provocare,
3076 1565 3125 1624 ad
3075 1661 3123 1900 rationem
3055 1938 3120 2290 veritatemque
3068 2326 3115 2385 ab
3051 2422 3112 2705 opinionum
3060 2740 3108 2922 errori-

3001 1244 3048 1335 bus
2996 1363 3046 1638 traducere.
2984 1710 3043 1854 lnde,
2980 1900 3025 2024 quae
2991 2074 3039 2224 fuerit
2972 2271 3034 2594 satyricorum
2979 2644 3029 2922 dramatum

2910 1244 2969 1332 vis,
2918 1370 2966 1613 aestimari
2901 1648 2958 1814 potest
2900 1849 2965 1917 *).
2911 1987 2961 2263 Divinorum
2906 2301 2957 2549 hominum
2890 2586 2950 2767 virtus,
2899 2804 2949 2921 dum

2841 1241 2885 1443 naturae
2838 1481 2887 1693 bonitate
2837 1729 2883 1788 ad
2826 1824 2882 1981 iusta,
2833 2028 2865 2140 vera
2812 2176 2879 2482 honestaque
2808 2532 2868 2779 sequenda
2819 2826 2867 2919 im-

2747 1240 2809 1504 pelluntur,
2742 1540 2807 1731 legibus,
2756 1767 2804 1914 facile
2742 1941 2795 2089 caret,
2737 2124 2784 2286 neque
2738 2315 2796 2478 iidem,
2744 2516 2791 2705 etiamsi
2727 2726 2786 2919 quando

2683 1238 2730 1348 vino
2682 1385 2728 1460 vel
2663 1498 2727 1827 voluptatibus
2674 1866 2723 2066 liberius
2655 2102 2719 2400 indulgeant,
2667 2439 2697 2464 a
2665 2490 2708 2621 recta
2665 2656 2710 2727 via
2661 2763 2710 2916 decli-

2603 1237 2644 1371 nant.
2600 1443 2648 1601 Iluius
2584 1637 2643 1831 generis
2596 1868 2643 1959 suit
2582 1995 2641 2247 Bacchus,
2574 2298 2635 2377 qui
2589 2414 2619 2438 a
2586 2482 2634 2644 Sileno
2580 2680 2631 2917 educatus

2506 1236 2569 1514 satyrisque
2504 1550 2565 1756 stipatus
2515 1795 2562 1962 orbem
2512 2002 2555 2239 terrarum
2508 2269 2557 2426 victor
2489 2454 2552 2757 peragravit3
2500 2794 2550 2912 item

2429 1235 2492 1509 HerculeS,
2425 1546 2485 1625 qui
2437 1661 2480 1814 terras
2437 1852 2478 1902 et
2433 1937 2479 2084 maria
2431 2122 2478 2250 intra
2415 2287 2476 2559 columnas,
2410 2599 2456 2723 quae
2422 2756 2468 2815 ab
2420 2852 2453 2913 eo

2362 1233 2397 1410 nomen
2346 1447 2402 1726 traxerunt,
2355 1766 2403 1881 sitas
2352 1917 2399 2146 monstris
2334 2184 2391 2327 atque
2345 2362 2396 2633 latronibus
2327 2670 2389 2911 purgavit,

2265 1232 2329 1621 quotiescunque
2278 1672 2310 1725 se
2274 1771 2321 2051 remittebat
2256 2085 2313 2230 atque
2270 2265 2299 2290 a
2267 2326 2316 2573 laboribus
2246 2609 2312 2910 quiescebat,

2189 1232 2246 1506 satyrorum
2196 1544 2247 1831 festivorum
2194 1868 2242 2000 lusus
2191 2037 2237 2254 amabat:
2187 2308 2235 2438 unde
2184 2486 2235 2664 sactum
2169 2702 2225 2808 est,
2180 2855 2222 2909 ut

2122 1230 2175 1477 Hercules
2120 1513 2168 1642 inter
2102 1677 2159 1866 satyros
2113 1903 2159 2160 convivans
2094 2191 2158 2438 plerisque
2104 2465 2154 2643 sabulis
2088 2681 2149 2907 satyricis

2041 1230 2093 1563 exhiberetur.
2039 1634 2087 1684 ln
2020 1713 2086 1939 Cyclopis
2034 1976 2082 2139 sabula
2030 2166 2080 2395 Herculis
2013 2422 2070 2586 partes
2010 2611 2073 2782 Ulyssi
2022 2817 2070 2904 de-

1966 1224 2015 1353 latae
1951 1388 2005 1514 sunt,
1959 1555 2007 1832 comissatio
1955 1868 1998 2030 autem
1954 2078 2001 2137 ab
1951 2173 2001 2326 heroe
1949 2372 1997 2432 ad
1946 2469 1995 2705 latronem
1943 2744 1988 2903 trans-

1887 1223 1935 1322 lata
1885 1358 1927 1448 est.

1804 1353 1853 1492 Haec
1801 1528 1851 1636 sere
1799 1671 1843 1841 natura
1797 1888 1839 1965 est
1796 2012 1838 2061 et
1791 2096 1841 2313 conditio
1775 2350 1837 2672 satyricorum
1784 2709 1834 2900 drama-

1728 1221 1772 1325 tum
1709 1364 1774 1645 Euripidis3
1705 1698 1767 1996 reliquorum
1700 2046 1755 2299 poetarum
1694 2346 1743 2495 opera
1708 2530 1755 2588 ab
1706 2623 1754 2769 huius
1704 2803 1737 2899 non

1647 1221 1694 1428 multum
1627 1466 1692 1773 discrepasse
1640 1807 1685 1928 mihi
1621 1976 1679 2264 persuadeo.
1615 2335 1679 2519 Legem
1628 2564 1674 2691 enim
1623 2725 1668 2898 natura

1552 1218 1615 1325 ipsa
1549 1361 1612 1643 scripserat,
1546 1681 1593 1824 quam
1542 1864 1590 2073 sequens
1553 2110 1602 2284 ducem
1534 2321 1599 2720 Schacisperius,
1531 2754 1577 2896 grae-

1487 1218 1521 1384 carum
1482 1419 1533 1692 fabularum
1466 1723 1527 1935 ignarus,
1474 1973 1522 2192 dramata
1471 2210 1521 2400 illorum
1469 2436 1519 2614 fabulis
1464 2651 1515 2894 simillima

1391 1221 1451 1513 composuit,
1403 1550 1449 1596 in
1387 1634 1448 1809 quibus
1394 1838 1446 2169 Falistaffium
1393 2199 1424 2307 cum
1389 2344 1439 2589 sodalibus
1387 2625 1435 2728 eius
1386 2761 1434 2892 haud

1313 1215 1378 1459 disparem
1322 1511 1371 1678 Sileno
1302 1726 1365 2002 satyrisque
1303 2048 1362 2260 induxit,
1297 2320 1362 2538 Dionysii
1308 2599 1351 2765 autem
1306 2813 1353 2889 vel

1246 1213 1298 1441 Herculis
1228 1476 1285 1643 partes
1238 1678 1288 1896 Henrico
1221 1933 1284 2036 regi
1232 2072 1282 2248 detulit
1231 2290 1275 2341 et
1229 2391 1279 2621 ridiculas
1227 2657 1260 2739 res
1211 2772 1259 2888 per-

1097 1267 1150 1314 si)
1093 1344 1149 1539 Dignum
1101 1582 1138 1645 est
1088 1694 1140 1809 quod
1098 1857 1138 1946 hoc
1096 1997 1136 2094 loco
1080 2144 1122 2512 commemorem,
1076 2563 1128 2817 neglectum
1086 2856 1115 2885 a

1025 1348 1078 1612 Welckero,
1029 1664 1071 1820 drama
1025 1862 1069 2145 Pherecratis
1009 2187 1062 2428 satyricum
1006 2470 1061 2882 misanthropi,

954 1346 1006 1420 qui
962 1438 1006 1691 iniustitiam
957 1716 1000 1944 hominum
956 1966 997 2011 in
953 2027 996 2279 civitatibus
938 2304 993 2557 degentium
938 2577 990 2723 perosi
936 2746 975 2881 quum

897 1347 938 1390 in
891 1421 935 1703 solitudinem
870 1736 929 2060 confugissent,
884 2093 925 2137 in
868 2167 923 2445 Eurybatum
881 2477 918 2520 et
867 2548 920 2881 Pluynondam,

826 1345 867 1466 feros
810 1507 863 1723 latreum,
804 1770 860 2042 inciderunt,
800 2083 854 2369 Scyllamque
797 2411 851 2697 Charybdide
807 2737 847 2878 multo

754 1346 796 1594 saeviorem
750 1624 790 1740 nacti
744 1770 788 1933 civium
741 1963 784 2284 humanitatem
728 2315 784 2643 (lesidcrarunt3
736 2676 780 2731 cf.
736 2761 778 2876 Plat.

670 1342 728 1521 Protag.
671 1556 708 1595 p.
680 1624 723 1721 327.
677 1754 719 1807 D.
