5010 3336
4064 2154 4118 2230 10

3925 1363 3975 1511 ach.
3928 1533 3961 1579 n.
3928 1606 3975 1703 459
3928 1731 3977 1835 sive
3926 1861 3977 1940 01.
3914 1971 3973 2049 80,
3927 2066 3973 2109 1.
3912 2160 3974 2458 Dramatum,
3910 2486 3957 2610 quae
3909 2633 3971 2803 primis
3905 2830 3965 3017 tempe—-

3847 1363 3895 1496 ribus
3849 1531 3896 1673 docta
3849 1707 3882 1818 esse
3836 1853 3892 2066 constat,
3830 2111 3895 2427 Hippolytum
3829 2476 3892 2685 priorem
3843 2735 3891 2850 huic
3841 2894 3885 3019 tem-

3753 1362 3814 1470 pori
3753 1516 3816 1859 assignaverim
3767 1910 3817 2094 duabus
3767 2143 3814 2206 de
3763 2240 3812 2441 caussis,
3764 2510 3813 2727 Primum
3763 2764 3812 2892 enim
3762 2926 3795 3020 non

3689 1360 3736 1551 videtur
3673 1581 3737 1846 Euripides
3688 1880 3736 2010 idem
3672 2045 3728 2410 argumentum,
3668 2454 3731 2667 quamvis
3669 2701 3731 3020 immutatum,

3593 1360 3651 1533 postea
3609 1556 3657 1735 iterum
3608 1769 3650 2023 ornaturus
3608 2054 3650 2103 et
3608 2127 3655 2176 in
3604 2200 3649 2446 certamen
3603 2475 3650 2825 commissurus
3591 2850 3651 3021 fuisse,

3530 1360 3578 1454 nisi
3529 1496 3576 1544 in
3513 1589 3577 1756 priore
3529 1803 3575 2071 certamine
3511 2107 3573 2350 suppositi
3523 2385 3572 2583 alicuius
3507 2619 3565 2795 poetae
3521 2827 3570 3022 nomine

3436 1359 3482 1491 usus,
3449 1529 3498 1684 celato
3439 1720 3482 1828 suo,
3449 1861 3497 2051 fuisset.
3448 2110 3497 2295 Deinde
3432 2331 3478 2475 quum
3444 2511 3476 2591 res
3443 2626 3490 2754 illius
3442 2790 3491 3022 dramatis

3354 1357 3417 1434 agi
3355 1477 3417 1778 fingerentur
3357 1814 3418 2062 Corinthi,
3352 2110 3412 2449 opportunitas
3363 2496 3411 2699 dabatur
3364 2744 3410 2804 ad
3362 2852 3411 3022 Corin-

3281 1354 3337 1598 thiorum,
3276 1646 3322 1770 quae
3289 1818 3332 1922 tum
3277 1969 3332 2101 erat,
3287 2149 3336 2449 voluntatem
3268 2492 3334 2822 infestumque
3283 2865 3331 3022 Athe-

3209 1355 3258 1602 niensibus
3210 1638 3258 1847 animum
3208 1884 3257 2159 alludendi:
3192 2205 3239 2298 qua
3207 2333 3254 2395 de
3206 2429 3237 2483 re
3203 2520 3253 2848 conferendus
3203 2886 3251 3021 Thu-

3113 1356 3177 1560 cydides
3120 1595 3178 1632 l,
3130 1666 3177 1778 103.
3129 1809 3171 1860 et
3129 1886 3175 1996 105.
3113 2065 3176 2239 Neque
3126 2274 3173 2400 enim
3109 2437 3173 2542 ipsa
3124 2579 3171 2845 carminum
3107 2880 3154 3023 prae-

3048 1355 3096 1531 stantia
3049 1567 3098 1783 favorem
3034 1818 3096 1948 vulgi
3048 1984 3097 2077 sibi
3046 2114 3094 2372 conciliare
3045 2406 3092 2481 vel
3044 2515 3092 2772 victoriam
3026 2820 3091 3025 adipisci

2954 1356 3014 1581 poterant
2954 1624 3013 1825 poetae,
2968 1873 3016 1967 nisi
2968 2013 3015 2084 sic
2951 2130 3008 2415 argumenta
2949 2458 3007 2822 temperarent,
2963 2875 3006 2930 ut
2963 2963 3010 3022 ad

2873 1356 2934 1662 praesentem
2872 1712 2936 2014 reipublicae
2886 2060 2934 2385 conditionem
2870 2434 2932 2597 aliquo
2883 2648 2931 2794 modo
2882 2828 2931 3025 fabulae

2795 1354 2857 1603 pertinere
2796 1637 2858 1943 viderentur,
2807 1993 2850 2044 et
2807 2079 2856 2299 studiose
2789 2335 2853 2620 Euripidem
2804 2658 2834 2685 a
2786 2718 2851 2890 primis
2803 2926 2846 3023 sta-

2730 1354 2778 1443 tim
2715 1490 2778 1796 temporibus
2730 1842 2776 1938 hoc
2728 1986 2770 2207 secutum
2714 2258 2759 2397 esse,
2718 2447 2768 2526 ut,
2708 2590 2754 2715 quae
2708 2758 2770 3023 antiquitus

2650 1353 2698 1532 tradita
2650 1559 2698 1857 dramatibus
2639 1886 2691 2160 exornaret,
2649 2198 2695 2257 ad
2632 2287 2687 2574 praesentes
2645 2605 2676 2723 usus
2644 2751 2676 3025 accommo-

2557 1351 2619 1523 daret,
2556 1573 2617 1689 quin
2570 1732 2616 1876 etiam
2569 1912 2600 1969 ea
2551 2005 2600 2202 semper
2566 2236 2614 2298 de
2566 2331 2614 2572 industria
2548 2607 2606 2891 argumenta
2563 2925 2605 3025 tra*

2490 1353 2537 1529 ctanda
2478 1574 2537 1832 sumsisse,
2474 1882 2536 2055 quibus
2488 2102 2534 2310 maxima
2487 2360 2528 2492 esset
2486 2536 2517 2644 cum
2471 2679 2530 2854 rebus,
2469 2903 2515 3026 quae

2410 1352 2458 1674 cummaxime
2394 1720 2458 1902 populo
2408 1951 2440 2096 curae
2396 2144 2450 2310 erant,
2394 2371 2454 2665 similitudo,
2405 2725 2437 2820 non
2403 2870 2453 3027 Rhesi

2320 1352 2373 1570 tantum,
2330 1607 2377 1694 sed
2329 1731 2378 1983 Peliadum
2313 2019 2361 2213 quoque
2311 2248 2374 2473 exemplo
2323 2508 2374 2759 docemur.

2249 1478 2297 1671 Eodem
2239 1707 2282 1858 anno,
2234 1896 2280 1991 quo
2233 2027 2295 2231 primam
2247 2265 2294 2517 victoriam
2231 2544 2294 2818 Aeschylus
2229 2854 2277 3024 repor—

2159 1351 2215 1496 tavit,
2169 1532 2214 1675 natus
2169 1712 2212 1788 est
2153 1823 2217 2103 Euripides.
2152 2167 2215 2406 Insignem
2166 2444 2214 2682 Graeciae
2153 2718 2214 3025 felicitatem,

2072 1352 2118 1444 qua
2088 1479 2135 1575 duo
2073 1610 2135 1826 tragicae
2072 1860 2120 2072 poeseos
2070 2107 2135 2387 principes,
2069 2428 2134 2703 Sophocles
2070 2738 2128 2885 atque
2085 2918 2132 3024 Eu-

1993 1352 2056 1561 ripides,
2009 1599 2055 1680 uni
1993 1716 2056 1963 Aeschylo
1995 1996 2050 2371 successerunt,
2006 2424 2054 2604 Graeci
1990 2638 2052 2733 ipsi
1989 2768 2052 3022 praedica-

1917 1351 1972 1481 runt,
1931 1519 1961 1545 a
1914 1581 1961 1740 pugna
1928 1768 1977 2030 Salaminia
1927 2066 1959 2257 omnem
1926 2290 1973 2496 civitatis
1926 2525 1973 2697 florem
1925 2725 1967 2885 ortum
1925 2914 1957 3025 esse

1833 1353 1897 1700 significantes
1848 1779 1896 1931 Aiunt
1848 1968 1895 2093 enim
1847 2130 1894 2302 eodem
1834 2341 1894 2450 die,
1832 2503 1878 2598 quo
1830 2634 1893 3025 praeclarissima

1770 1352 1817 1552 victoria
1759 1586 1818 1970 ThemistocliS,
1767 2018 1814 2194 summi
1755 2228 1814 2392 ducis,
1766 2431 1814 2630 consilio
1766 2667 1809 2718 et
1765 2750 1812 2930 virtute
1765 2964 1813 3026 (le

1688 1352 1737 1571 barbaris
1674 1606 1733 1852 reportata
1676 1888 1734 1976 sit,
1688 2015 1719 2256 summum
1671 2291 1728 2485 poetam
1669 2519 1734 2811 Euripidem
1685 2852 1733 2901 in
1686 2937 1735 3024 Sa-

1608 1354 1657 1529 lamine
1609 1563 1658 1720 insula
1608 1753 1656 1801 in
1607 1835 1655 1997 lucem
1608 2031 1654 2215 editum
1606 2246 1638 2358 esse
1606 2393 1648 2444 et
1607 2481 1654 2540 ab
1606 2569 1637 2628 eo
1590 2654 1653 2857 proelio,
1591 2894 1653 3024 quod

1529 1353 1573 1461 erat
1512 1496 1576 1660 paullo
1527 1695 1571 1810 ante
1527 1845 1574 1907 ad
1525 1939 1575 2197 Euboeam
1527 2233 1574 2363 haud
1511 2399 1574 2542 longe
1527 2576 1573 2635 ab
1512 2669 1575 2843 Euripi
1525 2891 1574 3024 freto

1435 1353 1497 1695 commissum,
1446 1746 1480 1923 nomen
1431 1970 1494 2250 accepisse,
1447 2310 1495 2495 addunt
1434 2539 1497 2841 Aeschylum
1447 2887 1496 3021 Sala-

1370 1352 1417 1500 minio
1354 1535 1417 1723 proelio
1352 1758 1409 2054 pugnantem
1354 2089 1416 2400 interfuisse,
1352 2448 1416 2774 Sophoclem,
1367 2822 1411 2878 ut
1367 2920 1416 3023 for-

1290 1356 1323 1547 mosum
1275 1582 1337 1962 adolescentem,
1288 1998 1335 2047 in
1287 2083 1334 2232 choro
1274 2262 1335 2483 saltasse,
1273 2520 1320 2666 quum
1271 2691 1331 2897 propter
1287 2917 1320 3023 eam

1210 1354 1258 1603 victoriam
1208 1645 1258 1832 festum
1207 1879 1255 2226 celebraretur.
1207 2306 1255 2470 Huius
1191 2515 1255 2709 generis
1192 2754 1256 2964 plurima
1208 2995 1240 3025 a

1130 1355 1179 1562 Graecis
1128 1591 1177 1721 belle
1113 1747 1177 2009 lepideque
1113 2034 1175 2302 excogitata
1128 2326 1161 2438 esse
1128 2465 1172 2516 et
1111 2538 1161 2629 pro
1127 2650 1175 2780 veris
1117 2812 1177 3023 vendita,

1037 1303 1041 1308 ,
1035 1356 1099 1465 quis
1050 1516 1093 1594 est
1035 1644 1097 1727 qui
1034 1772 1097 2004 ignoret?
1034 2061 1097 2387 Quamobrem
1048 2432 1080 2512 me
1032 2555 1081 2715 neque
1048 2759 1097 3024 multitudo

970 1356 1018 1553 testium
955 1590 1003 1751 neque
968 1795 1017 2089 confidentia
956 2133 1013 2319 movet,
969 2367 1013 2421 ut
968 2452 1016 2569 huic
968 2604 1014 2878 commento
954 2912 1019 3024 plus

877 1356 924 1497 quam
889 1548 937 1801 marmoris
888 1849 937 2046 calculis
888 2095 937 2379 certissimis
879 2437 936 2680 tribuam,
874 2736 938 3024 praesertim
