5010 3336
3925 2198 3980 2278 94

3792 1488 3842 1614 Tum
3778 1664 3824 1809 vero,
3787 1861 3838 2147 destitutam
3785 2202 3818 2257 se
3783 2312 3832 2493 auxilio
3780 2542 3814 2655 esse
3765 2702 3827 2892 videm,
3757 2943 3822 3078 virgo

3696 1388 3763 1631 frangitur
3711 1666 3758 1827 animo
3709 1862 3753 1913 et
3708 1949 3755 2009 ad
3691 2042 3739 2218 preces
3701 2255 3750 2586 convertitur:

3621 1516 3680 1840 „Ea-cidit
3625 1877 3674 2222 orationis
3622 2259 3669 2471 omnis
3603 2508 3665 2976 confidentia’'

3548 1515 3574 2759 ——-—.o—-—.—-—⁴

3453 1513 3520 1842 „Indigne
3451 1881 3514 2117 exigor
3449 2146 3509 2382 patria
3454 2417 3507 2790 innocens.''

3392 1380 3442 1606 Abducta
3374 1642 3437 1828 virgine
3388 1865 3429 1914 et
3388 1947 3434 1995 in
3386 2032 3417 2167 mare
3383 2205 3415 2312 cum
3380 2350 3429 2503 filiolo
3360 2540 3424 2760 abiecta
3351 2810 3413 3071 sumtoque

3314 1380 3360 1526 etiam
3312 1553 3358 1615 de
3293 1641 3356 1860 leliquis,
3291 1900 3354 1982 qui
3306 2013 3353 2217 sceleris
3304 2238 3349 2357 socii
3285 2386 3341 2529 atque
3277 2557 3342 2823 participes
3272 2851 3338 3070 suffiunt,

3217 1377 3279 1635 supplicio
3230 1674 3277 1831 dol01i
3212 1868 3275 2086 indulget
3211 2122 3271 2374 AcrisiuS,
3203 2420 3266 2581 deque
3207 2628 3257 2953 mutabilitate
3204 2989 3235 3068 re-

3155 1376 3185 1482 ium
3137 1518 3200 1855 humanarum,
3149 1912 3178 1938 a
3145 1974 3194 2162 laetitia
3144 2198 3190 2246 in
3126 2282 3187 2636 aeg1itudinem
3130 2674 3178 2836 subito
3111 2873 3171 3064 p1aeci-

3059 1374 3121 1571 pitatus
3056 1610 3114 1943 conqueritur.

2983 1503 3042 1575 εἰς
2988 1608 3039 1803 ταύτὸν
2971 1838 3037 1984 ἥκειν
2969 2019 3035 2156 φημὶ
2972 2190 3029 2302 ταῖς
2967 2339 3030 2550 βροτῶν
2960 2579 3025 2757 τύχαις

2898 1502 2960 1664 τόνδ’,
2908 1701 2961 1764 ὃν
2903 1798 2950 2053 καλοῦσιν
2887 2089 2953 2275 αἰθέρ’,
2885 2314 2950 2355 ᾡ
2898 2390 2948 2502 τάδ’
2895 2539 2946 2645 ἔστι
2875 2681 2943 2765 δή.

2818 1504 2889 1661 οὗτος
2812 1694 2878 1891 θέρους
2823 1925 2855 1977 τε
2806 2010 2871 2251 λαμπρὸν
2802 2288 2873 2533 ἐκλάμπει
2802 2568 2865 2720 σέλας

2733 1499 2794 1730 χειμῶνά
2745 1764 2791 1807 τ’
2730 1844 2792 2002 αὔξει,
2728 2041 2790 2310 συντιθεὶς
2733 2343 2784 2552 πυκνὸν
2717 2587 2785 2767 νέφος,

2665 1497 2716 1714 θάλλειν
2663 1747 2694 1799 τε
2661 1835 2711 1922 καὶ
2645 1956 2709 2045 μή,
2642 2086 2706 2179 ζῆν
2658 2213 2689 2264 τε
2655 2299 2706 2389 καὶ
2640 2424 2702 2641 φθίνειν
2644 2674 2695 2830 ποιεῖ.

2585 1500 2636 1637 οὕτω
2583 1675 2632 1730 δὲ
2565 1764 2628 1980 θνητῶν
2563 2015 2630 2240 σπέρμα·
2575 2272 2623 2379 τῶν
2561 2414 2626 2510 μὲν
2554 2545 2621 2752 εὐτυχεῖ

2488 1495 2552 1706 λαμπρὰ
2483 1740 2548 1961 γαλήνη,
2498 1998 2545 2106 τῶν
2495 2142 2547 2198 δὲ
2478 2233 2538 2492 συννεφεῖ
2478 2522 2539 2696 πάλιν,

2412 1497 2470 1653 ζῶσίν
2420 1688 2452 1740 τε
2418 1778 2474 1878 σὺν
2405 1911 2462 2182 κακοῖσιν,
2413 2222 2463 2275 οἱ
2412 2310 2462 2357 δ’
2396 2394 2460 2559 ὄλβου
2393 2596 2458 2725 μέτα

2326 1493 2390 1767 qpffivovo’³
2326 1805 2390 1984 ἐτείοις
2317 2017 2386 2328 προςφερεῖς
2312 2362 2376 2730 μεταλλαγαῖς..

2263 1361 2310 1434 Ad
2261 1488 2309 1617 hunc
2258 1665 2306 1843 deiude
2253 1890 2301 2239 consolandum
2230 2293 2297 2773 praedicendamque
2242 2826 2292 2955 filiae
2239 3002 2282 3052 et

2166 1359 2229 1552 nepotis
2178 1600 2227 1806 salutem
2176 1860 2218 1908 et
2173 1955 2222 2168 futuram
2169 2227 2219 2396 Persei
2151 2443 2214 2647 gloriam
2162 2700 2212 2923 Minerva
2160 2961 2207 3048 de-

2100 1358 2147 1565 scendit.
2081 1645 2148 2071 'l'ranquillitatem
2091 2122 2136 2266 maris
2090 2314 2121 2339 a
2073 2388 2136 2615 Neptuno
2082 2651 2132 2879 effectam
2066 2918 2111 3046 esse,

2021 1357 2062 1410 ut
2020 1443 2061 1550 tuto
2008 1587 2065 1736 cista,
2000 1783 2054 1988 regente
2010 2024 2043 2221 cursum
1995 2257 2058 2399 Iove,
2006 2449 2054 2500 in
1988 2535 2054 2802 Seriphum
1997 2838 2048 3044 insulam

1939 1354 1988 1542 deferri
1922 1580 1983 1750 possit,
1931 1786 1979 2025 ostendit:

1842 1486 1908 1754 οἷκύματος
1853 1791 1906 1845 δὲ
1836 1880 1901 2127 πορθμὸς
1849 2163 1901 2221 ἐν
1831 2257 1899 2421 φρίκῃ
1829 2456 1894 2582 γελᾷ
1829 2606 1895 2671 *).

1778 1351 1828 1424 De
1774 1460 1816 1717 venustate
1773 1753 1820 1897 liuius
1771 1934 1819 2129 fabulae
1752 2179 1815 2439 quidquam
1765 2490 1797 2689 mouere
1747 2737 1808 3038 superfluum

1698 1350 1729 1463 esse
1681 1499 1736 1631 puto.
1691 1703 1741 2016 Celelnitatis
1690 2053 1737 2274 eiusdem
1686 2311 1734 2593 testimonia
1682 2628 1727 2820 exstant
1680 2848 1728 3037 Aristo-

1601 1349 1665 1543 phanis,
1601 1581 1663 1776 Naexii,
1596 1814 1661 2037 Horatii
1608 2073 1657 2327 Plutarchi
1589 2361 1654 2694 aliorumque,
1586 2731 1633 2852 quos
1582 2889 1632 3037 supra

1535 1348 1584 1713 nominavimus

1320 1401 1372 1444 *)
1315 1476 1373 1657 Fragm.
1327 1688 1370 1772 inc.
1326 1803 1353 1845 n.
1323 1875 1369 1973 208.
