5010 3336
1006 2096 1061 2213 239

1165 2722 1213 2972 firmantur
1158 2582 1217 2689 his,
1171 2426 1219 2546 quae
1152 2135 1215 2391 disputavi,
1162 1821 1209 2100 graecorum
1142 1539 1191 1783 hominum
1141 1331 1189 1503 iudicia

1246 2910 1292 2972 de
1239 2553 1302 2875 Aristophane
1233 2225 1296 2520 reliquisque
1228 1996 1276 2188 comicis
1225 1792 1281 1947 sacta,
1223 1615 1268 1745 velut
1219 1328 1267 1570 Plutarchi

1324 2922 1369 2971 in
1321 2805 1367 2888 vit.
1318 2599 1366 2768 l'cricl.
1332 2524 1363 2563 c.
1316 2400 1358 2485 13:
1307 2266 1358 2352 καὶ
1306 2174 1355 2222 τί
1307 2065 1353 2131 ἄν
1320 1942 1361 2016 τις
1300 1580 1363 1896 ἀνθρώπους
1309 1330 1359 1533 σατυρι-

1392 2843 1458 2971 κοὺς
1400 2688 1455 2797 τοῖς
1395 2510 1459 2643 βίοις
1386 2378 1439 2463 καὶ
1386 2238 1445 2328 τὰς
1383 2075 1435 2206 κατὰ
1384 1936 1431 2040 τῶν
1379 1594 1443 1902 κρειττόνων
1380 1326 1441 1559 βλασφη-

1479 2835 1545 2969 μίας,
1475 2635 1537 2799 ὥςπερ
1474 2389 1535 2597 δαίμονι
1467 2181 1533 2356 κακῷ,
1465 2051 1532 2135 τῷ
1460 1780 1526 2013 φθόνῳ
1460 1618 1507 1745 τῶν
1459 1324 1507 1584 πολλῶν

1557 2526 1611 2967 ἀποθύοντας
1548 2162 1599 2471 ἑκάστοτε
1540 1650 1605 2105 θαυμάσειενς
1539 1402 1586 1602 Luciani
1539 1324 1585 1369 in

1642 2892 1688 2966 bis
1654 2701 1685 2857 accus.
1635 2614 1696 2664 §-
1637 2501 1680 2584 313:
1627 2374 1679 2465 τὸν
1630 2114 1676 2350 Εὔπολιν
1620 1994 1673 2081 καὶ
1618 1880 1670 1971 τὸν
1614 1456 1680 1853 Ἀριστοφάνην,
1616 1320 1664 1420 δει-

1712 2835 1777 2965 νοὺς
1715 2608 1777 2803 ἄνδρας
1708 2030 1771 2557 ἐπικερτομῆσαι
1700 1924 1751 1998 τὰ
1697 1685 1763 1891 σεμνὰ
1696 1543 1746 1650 καὶ
1698 1319 1760 1491 χλευ-

1799 2787 1859 2963 άζειν
1793 2683 1844 2755 τὰ
1792 2432 1849 2649 καλῶς
1788 2144 1852 2400 ἔχοντα.
1782 1886 1832 2073 Aeliani
1780 1801 1829 1858 V.
1780 1711 1827 1771 ΙΙ.
1779 1619 1838 1675 11,
1780 1492 1823 1579 13:
1769 1317 1837 1452 Ἀρι-

1875 2694 1938 2964 στοφοίνην
1869 2571 1922 2662 τὸν
1868 2261 1935 2537 κωμῳδίας
1862 1997 1928 2230 ποιητήν,
1857 1557 1924 1960 βωμολόχον
1855 1313 1917 1523 ἄνδρα

1955 2853 2008 2964 καὶ
1956 2528 2019 2797 γελοῖον
1952 2356 2001 2481 ὄντα
1946 2226 1999 2311 καὶ
1940 2035 1995 2170 εἶναι
1939 1670 1990 1977 σπεύδοντα.
1936 1312 1985 1589 Aristotelis

2038 2823 2085 2964 Poet.
2038 2740 2094 2787 4,
2039 2644 2082 2703 7:
2028 2370 2095 2595 οἱμὲν
2027 2205 2093 2327 γὰρ
2022 1764 2087 2168 σεμνότεροι
2016 1641 2075 1731 τὰς
2013 1447 2073 1607 καλὰς
2011 1312 2078 1414 ἐμι-

2120 2763 2181 2962 μοῦντο
2112 2530 2176 2736 πράξεις
2108 2307 2168 2505 καὶτὰς
2108 2164 2157 2269 τῶν
2102 1854 2159 2136 τοιούτων,
2098 1767 2148 1817 οἱ
2096 1677 2147 1733 δὲ
2093 1307 2158 1643 εὐτελέστεροι

2196 2869 2256 2961 τὰς
2198 2738 2245 2844 τῶν
2194 2479 2257 2715 φαύλων.
2191 2314 2238 2437 adde
2190 2182 2237 2295 ibid.
2185 2111 2248 2162 g
2188 2012 2230 2088 10.
2181 1821 2243 1984 Quid‘!
2180 1676 2241 1803 quod
2178 1306 2239 1657 Aristophanes

2279 2851 2341 2960 ipse
2277 2714 2323 2832 sein
2274 2462 2337 2694 Euripide
2271 2313 2317 2439 idem
2269 2153 2326 2287 illud,
2263 1942 2327 2128 quodin
2260 1779 2307 1924 Ranis
2257 1443 2304 1754 acerbissime
2254 1306 2302 1429 vitu-

2360 2816 2421 2956 perat
2362 2732 2402 2782 et
2359 2497 2418 2697 propter
2351 2335 2413 2461 quod
2349 2106 2409 2299 dignum
2332 1916 2391 2070 fuisse
2340 1751 2397 1882 dicit,
2338 1637 2401 1714 qui
2336 1427 2383 1611 medius
2334 1305 2380 1401 dis-

2440 2648 2498 2955 rumperetur
2435 2564 2492 2631 ²'·²),
2431 2322 2478 2531 maxime
2427 2011 2473 2299 admiratum
2437 1936 2467 1990 ac
2417 1558 2466 1913 studiosissime
2416 1302 2461 1538 imitatum

2531 2843 2563 2954 esse
2514 2629 2560 2809 fatetur
2511 2469 2573 2595 apud
2506 2123 2555 2430 Plutarchum
2503 2014 2548 2075 de
2498 1870 2547 1979 aud.
2502 1707 2560 1833 poet.
2511 1627 2543 1667 c.
2498 1514 2539 1588 11.
2510 1428 2555 1474 p.
2495 1300 2539 1390 30:

2592 2923 2643 2951 ὁ
2591 2814 2643 2869 δὲ
2589 2511 2653 2762 ἐμφύεται
2588 2408 2654 2479 τῷ
2584 2202 2635 2373 κάλλει
2578 2084 2631 2169 καὶ
2584 1990 2643 2053 τῇ
2579 1662 2638 1953 κατασκευῇ
2574 1521 2622 1626 τῶν
2570 1298 2633 1488 ὀνομά-

2691 2830 2736 2953 των,
2670 2556 2733 2794 καθάπερ
2660 2104 2731 2525 δἈριστοφοένης
2656 1953 2721 2070 περὶ
2660 1825 2706 1921 τοῦ
2652 1491 2716 1789 Εὐριπίδου
2650 1297 2715 1456 φησί·

2752 2625 2817 2821 χρῶμαι
2747 2491 2814 2590 γὰρ
2746 2289 2795 2453 αὐτοῦ
2746 2158 2793 2255 τοῦ
2740 1866 2802 2120 στόματος
2736 1763 2803 1834 τῷ
2732 1408 2798 1724 στρογγύλῳ,

2834 2722 2898 2947 quodque
2848 2614 2878 2672 ea
2829 2299 2876 2566 imitatione
2825 2121 2871 2252 illum
2821 1867 2869 2074 alterum
2816 1525 2879 1811 Euripidem
2813 1293 2861 1475 factum

2931 2836 2964 2945 esse
2912 2572 2960 2800 Cratinus
2907 2322 2955 2535 comicus
2901 2042 2951 2287 testatur‘3

2990 2740 3051 2815 τίς
2988 2649 3040 2703 δὲ
2986 2526 3045 2615 6153
2983 2284 3048 2487 κομψός
2998 2176 3040 2250 τις
2980 1971 3043 2141 ἔροιτο
2975 1721 3041 1935 θεατής·

3066 2250 3130 2812 ὑπολεπτόλογος,
3058 1684 3126 2221 γνωμοδιώκτης,
3049 1290 3114 1654 Εὐριπιδα-

3135 1583 3205 2094 ριστοφανίζων
3135 1452 3191 1556 ²²³²²²);

3231 2724 3279 2808 Sui
3229 2533 3291 2679 igitur
3227 2334 3289 2483 ipsius
3222 2055 3284 2277 exemplo
3218 1702 3267 2005 confirmavit
3229 1474 3259 1639 verum
3226 1286 3266 1412 esse,

3313 2808 3378 2935 quod
3308 2488 3371 2773 Euripidem
3302 2133 3367 2441 praecipuum
3298 1808 3346 2094 eruditionis
3292 1404 3342 1772 Atheniensium
3305 1285 3335 1367 au-

3402 2749 3442 2935 ctorem
3388 2563 3434 2714 suisse
3390 2470 3431 2519 et
3384 2364 3430 2423 ad
3395 2116 3427 2328 summos
3378 1794 3438 2082 infimosque
3373 1619 3419 1759 huius
3375 1410 3431 1582 poetae
3368 1283 3413 1375 vim

3478 2787 3533 2934 atque
3466 2452 3529 2751 disciplinam
3475 2195 3509 2415 manasse
3463 1953 3505 2160 testatus
3460 1826 3502 1915 est.
3450 1611 3512 1757 Atqui
3449 1481 3494 1577 hoc
3449 1281 3494 1443 obtre-

3556 2723 3599 2932 ctatores
3545 2540 3593 2686 hodie
3558 2414 3590 2504 non
3547 2280 3588 2379 tam
3538 2058 3585 2251 virtutis
3542 1839 3598 2029 poetae,
3547 1660 3594 1800 quam
3526 1281 3590 1635 depravationis

3628 2763 3696 2932 populi
3624 2364 3675 2728 Atheniensium
3621 2139 3684 2327 siguum
3631 1993 3663 2102 esse
3614 1780 3660 1959 volunt,
3609 1617 3669 1709 Qui
3608 1534 3655 1575 si
3606 1279 3653 1503 sibicon-

3716 2799 3758 2931 stare
3707 2588 3764 2764 volent,
3719 2456 3750 2552 non
3700 2102 3749 2423 Athenienses
3695 1938 3742 2067 solos
3708 1792 3739 1901 cum
3688 1598 3744 1760 sociis,
3686 1474 3733 1560 sed
3685 1277 3732 1447 hostes

3804 2736 3853 2927 quoque
3800 2516 3842 2701 eorum,
3777 2085 3843 2487 Peloponnesios,
3791 1959 3821 2047 nec
3778 1746 3819 1931 tantum
3784 1632 3815 1715 eos
3765 1382 3830 1604 populos,
3763 1274 3825 1354 qui

3868 2812 3916 2927 belli
3860 2381 3930 2779 perniciosissimi
3859 2238 3905 2345 labe
3856 1830 3917 2205 inquinarentur,
3848 1706 3896 1793 sed
3848 1526 3894 1669 etiam
3859 1389 3902 1490 eos,
3841 1273 3903 1353 qui

3945 2627 4010 2924 contagionis
3942 2375 3990 2609 malornm
3943 2122 4000 2347 expertes
3940 1909 3987 2089 essent,
3944 1715 3991 1871 neque
3926 1506 3975 1687 vicinos
3926 1275 3970 1482 tantum-

4102 2818 4154 2866 Χ)
4102 2742 4141 2786 V.
4100 2602 4142 2711 955:
4098 2509 4148 2568 αἱς
4098 2376 4154 2480 πρὶν
4094 2164 4147 2345 διδάξαι
4090 2104 4147 2141 γ’
4088 1906 4145 2073 ὤφελες
4087 1747 4143 1879 μέσος
4080 1401 4139 1717 δῑαρῥαγῆναι·

4172 2813 4223 2892 Μ)
4171 2632 4213 2783 Attulit
4170 2431 4224 2603 Pssugk.
4168 2356 4210 2399 in
4164 2140 4221 2325 praefat.
4178 2066 4217 2108 p.
4159 1796 4203 2033 XXXVIII·
