<?xml version="1.0" encoding="UTF-8"?>
<!DOCTYPE html PUBLIC "-//W3C//DTD XHTML 1.0 Transitional//EN"
    "http://www.w3.org/TR/xhtml1/DTD/xhtml1-transitional.dtd">
<html xmlns="http://www.w3.org/1999/xhtml" xml:lang="en" lang="en">
 <head>
  <title>
</title>
<meta http-equiv="Content-Type" content="text/html;charset=utf-8" />
  <meta name='ocr-system' content='tesseract 3.04.00' />
  <meta name='ocr-capabilities' content='ocr_page ocr_carea ocr_par ocr_line ocrx_word'/>
</head>
<body>
  <div class='ocr_page' id='page_1' title='image "./euripidesrestitu00hartuoft_raw_0349.png"; bbox 0 0 5010 3336; ppageno 0'>
   <div class='ocr_carea' id='block_1_1' title="bbox 4 3336 3336 3336">
    <p class='ocr_par' dir='ltr' id='par_1_1' title="bbox 4 3336 3336 3336">
     <span class='ocr_line' id='line_1_1' title="bbox 4 3336 1035 3336; textangle 90"><span class='ocrx_word' id='word_1_1' title='bbox 4 3336 425 3336; x_wconf 95' lang='lat' dir='ltr'><strong> </strong></span> <span class='ocrx_word' id='word_1_2' title='bbox 4 3336 1035 3336; x_wconf 95' lang='lat' dir='ltr'><strong> </strong></span> 
     </span>
     <span class='ocr_line' id='line_1_2' title="bbox 4 3336 3336 3336; textangle 90"><span class='ocrx_word' id='word_1_3' title='bbox 4 3336 3336 3336; x_wconf 95' lang='lat' dir='ltr'><strong>                                           </strong></span> 
     </span>
    </p>
   </div>
   <div class='ocr_carea' id='block_1_2' title="bbox 1887 3273 1939 3318">
    <p class='ocr_par' dir='ltr' id='par_1_2' title="bbox 1887 3273 1939 3318">
     <span class='ocr_line' id='line_1_3' title="bbox 1887 3273 1939 3318; textangle 90"><span class='ocrx_word' id='word_1_4' title='bbox 1887 3273 1939 3318; x_wconf 57' lang='lat' dir='ltr'><strong>ze),</strong></span> 
     </span>
    </p>
   </div>
   <div class='ocr_carea' id='block_1_3' title="bbox 1252 3333 2255 3336">
    <p class='ocr_par' dir='ltr' id='par_1_3' title="bbox 1252 3333 2255 3336">
     <span class='ocr_line' id='line_1_4' title="bbox 1252 3333 2255 3336; textangle 90"><span class='ocrx_word' id='word_1_5' title='bbox 1252 3333 2255 3336; x_wconf 95' lang='lat' dir='ltr'><strong> </strong></span> 
     </span>
    </p>
   </div>
   <div class='ocr_carea' id='block_1_4' title="bbox 1252 3331 2255 3334">
    <p class='ocr_par' dir='ltr' id='par_1_4' title="bbox 1252 3331 2255 3334">
     <span class='ocr_line' id='line_1_5' title="bbox 1252 3331 2255 3334; textangle 90"><span class='ocrx_word' id='word_1_6' title='bbox 1252 3331 2255 3334; x_wconf 95' lang='lat' dir='ltr'><strong> </strong></span> 
     </span>
    </p>
   </div>
   <div class='ocr_carea' id='block_1_5' title="bbox 2868 3281 2895 3336">
    <p class='ocr_par' dir='ltr' id='par_1_5' title="bbox 2868 3281 2895 3336">
     <span class='ocr_line' id='line_1_6' title="bbox 2868 3281 2895 3336; textangle 90"><span class='ocrx_word' id='word_1_7' title='bbox 2868 3281 2895 3336; x_wconf 51' lang='lat' dir='ltr'><strong>*vn-</strong></span> 
     </span>
    </p>
   </div>
   <div class='ocr_carea' id='block_1_6' title="bbox 3026 3280 3061 3327">
    <p class='ocr_par' dir='ltr' id='par_1_6' title="bbox 3026 3280 3061 3327">
     <span class='ocr_line' id='line_1_7' title="bbox 3026 3280 3061 3327; textangle 90"><span class='ocrx_word' id='word_1_8' title='bbox 3026 3280 3061 3327; x_wconf 72' lang='lat' dir='ltr'><strong>llll,</strong></span> 
     </span>
    </p>
   </div>
   <div class='ocr_carea' id='block_1_7' title="bbox 3188 3271 3217 3336">
    <p class='ocr_par' dir='ltr' id='par_1_7' title="bbox 3188 3271 3217 3336">
     <span class='ocr_line' id='line_1_8' title="bbox 3188 3271 3217 3336; textangle 90"><span class='ocrx_word' id='word_1_9' title='bbox 3202 3330 3213 3336; x_wconf 81' lang='grc' dir='ltr'>ι</span> <span class='ocrx_word' id='word_1_10' title='bbox 3188 3271 3217 3306; x_wconf 52' lang='lat' dir='ltr'><strong>[tr</strong></span> 
     </span>
    </p>
   </div>
   <div class='ocr_carea' id='block_1_8' title="bbox 3331 3266 3378 3294">
    <p class='ocr_par' dir='ltr' id='par_1_8' title="bbox 3331 3266 3378 3294">
     <span class='ocr_line' id='line_1_9' title="bbox 3331 3266 3378 3294; textangle 90"><span class='ocrx_word' id='word_1_11' title='bbox 3331 3266 3378 3294; x_wconf 84' lang='lat' dir='ltr'><strong>ld</strong></span> 
     </span>
    </p>
   </div>
   <div class='ocr_carea' id='block_1_9' title="bbox 3419 3267 3461 3333">
    <p class='ocr_par' dir='ltr' id='par_1_9' title="bbox 3416 3267 3461 3333">
     <span class='ocr_line' id='line_1_10' title="bbox 3419 3267 3461 3333; textangle 90"><span class='ocrx_word' id='word_1_12' title='bbox 3438 3328 3461 3333; x_wconf 60' lang='lat' dir='ltr'><strong>i</strong></span> <span class='ocrx_word' id='word_1_13' title='bbox 3419 3303 3453 3308; x_wconf 78' lang='lat' dir='ltr'><strong>l</strong></span> <span class='ocrx_word' id='word_1_14' title='bbox 3429 3267 3453 3289; x_wconf 66' lang='lat'><strong>17-</strong></span> 
     </span>
    </p>
   </div>
   <div class='ocr_carea' id='block_1_10' title="bbox 2550 3331 4854 3336">
    <p class='ocr_par' dir='ltr' id='par_1_10' title="bbox 2550 3331 4854 3336">
     <span class='ocr_line' id='line_1_11' title="bbox 2550 3331 4854 3336; textangle 90"><span class='ocrx_word' id='word_1_15' title='bbox 2550 3331 4854 3336; x_wconf 95' lang='lat' dir='ltr'><strong> </strong></span> 
     </span>
    </p>
   </div>
   <div class='ocr_carea' id='block_1_11' title="bbox 1127 2186 1181 2301">
    <p class='ocr_par' dir='ltr' id='par_1_11' title="bbox 1127 2186 1181 2301">
     <span class='ocr_line' id='line_1_12' title="bbox 1127 2186 1181 2301; textangle 90"><span class='ocrx_word' id='word_1_16' title='bbox 1127 2186 1181 2301; x_wconf 84' lang='lat'><strong>331</strong></span> 
     </span>
    </p>
   </div>
   <div class='ocr_carea' id='block_1_12' title="bbox 1268 1419 2052 3063">
    <p class='ocr_par' dir='ltr' id='par_1_12' title="bbox 1268 1428 1406 3063">
     <span class='ocr_line' id='line_1_13' title="bbox 1268 1428 1326 3063; textangle 90"><span class='ocrx_word' id='word_1_17' title='bbox 1293 2937 1326 3063; x_wconf 88' lang='lat' dir='ltr'><strong>rum</strong></span> <span class='ocrx_word' id='word_1_18' title='bbox 1274 2365 1323 2887; x_wconf 83' lang='lat' dir='ltr'><strong>interfectricem</strong></span> <span class='ocrx_word' id='word_1_19' title='bbox 1272 1983 1320 2312; x_wconf 56' lang='lat' dir='ltr'><strong>tuebitur‘f</strong></span> <span class='ocrx_word' id='word_1_20' title='bbox 1270 1675 1318 1901; x_wconf 83' lang='lat' dir='ltr'><strong>Ceterum</strong></span> <span class='ocrx_word' id='word_1_21' title='bbox 1268 1522 1317 1629; x_wconf 90' lang='lat' dir='ltr'><strong>vide</strong></span> <span class='ocrx_word' id='word_1_22' title='bbox 1284 1428 1316 1487; x_wconf 89' lang='lat' dir='ltr'><strong>ne</strong></span> 
     </span>
     <span class='ocr_line' id='line_1_14' title="bbox 1355 2631 1406 3063; textangle 90"><span class='ocrx_word' id='word_1_23' title='bbox 1356 2759 1406 3063; x_wconf 85' lang='lat' dir='ltr'><strong>scribendum</strong></span> <span class='ocrx_word' id='word_1_24' title='bbox 1355 2631 1402 2722; x_wconf 83' lang='lat' dir='ltr'><strong>sit:</strong></span> 
     </span>
    </p>

    <p class='ocr_par' dir='ltr' id='par_1_13' title="bbox 1426 2227 1495 2934">
     <span class='ocr_line' id='line_1_15' title="bbox 1426 2227 1495 2934; textangle 90"><span class='ocrx_word' id='word_1_25' title='bbox 1435 2826 1491 2934; x_wconf 81' lang='grc' dir='ltr'><strong>πῶς</strong></span> <span class='ocrx_word' id='word_1_26' title='bbox 1426 2693 1482 2790; x_wconf 79' lang='grc' dir='ltr'><strong>οὖν</strong></span> <span class='ocrx_word' id='word_1_27' title='bbox 1431 2508 1495 2658; x_wconf 78' lang='grc' dir='ltr'><em>ἱερῶν</em></span> <span class='ocrx_word' id='word_1_28' title='bbox 1428 2227 1492 2474; x_wconf 80' lang='grc' dir='ltr'>ποταμῶν</span> 
     </span>
    </p>

    <p class='ocr_par' dir='ltr' id='par_1_14' title="bbox 1509 2412 1575 2936">
     <span class='ocr_line' id='line_1_16' title="bbox 1509 2412 1575 2936; textangle 90"><span class='ocrx_word' id='word_1_29' title='bbox 1512 2672 1575 2936; x_wconf 80' lang='grc' dir='ltr'><em>πόμπιμός</em></span> <span class='ocrx_word' id='word_1_30' title='bbox 1524 2584 1560 2637; x_wconf 79' lang='grc' dir='ltr'><strong>σε</strong></span> <span class='ocrx_word' id='word_1_31' title='bbox 1509 2412 1573 2551; x_wconf 79' lang='grc' dir='ltr'><em>χώρα</em></span> 
     </span>
    </p>

    <p class='ocr_par' dir='ltr' id='par_1_15' title="bbox 1590 2455 1659 2937">
     <span class='ocr_line' id='line_1_17' title="bbox 1590 2455 1659 2937; textangle 90"><span class='ocrx_word' id='word_1_32' title='bbox 1593 2904 1659 2937; x_wconf 71' lang='grc' dir='ltr'><strong>’ἢ</strong></span> <span class='ocrx_word' id='word_1_33' title='bbox 1593 2723 1651 2869; x_wconf 76' lang='grc' dir='ltr'><em>πόλις</em></span> <span class='ocrx_word' id='word_1_34' title='bbox 1590 2658 1639 2689; x_wconf 71' lang='grc' dir='ltr'><strong>οἳ</strong></span> <span class='ocrx_word' id='word_1_35' title='bbox 1590 2455 1654 2622; x_wconf 80' lang='grc' dir='ltr'><em>φίλων</em></span> 
     </span>
    </p>

    <p class='ocr_par' dir='ltr' id='par_1_16' title="bbox 1664 1419 2052 3063">
     <span class='ocr_line' id='line_1_18' title="bbox 1664 2261 1732 2936; textangle 90"><span class='ocrx_word' id='word_1_36' title='bbox 1672 2840 1722 2936; x_wconf 77' lang='grc' dir='ltr'><strong>τὰν</strong></span> <span class='ocrx_word' id='word_1_37' title='bbox 1670 2421 1732 2807; x_wconf 78' lang='grc' dir='ltr'><em>παιδολέτειραν</em></span> <span class='ocrx_word' id='word_1_38' title='bbox 1664 2261 1726 2386; x_wconf 36' lang='grc' dir='ltr'><em>ἕξει,-</em></span> 
     </span>
     <span class='ocr_line' id='line_1_19' title="bbox 1741 1422 1816 3060; textangle 90"><span class='ocrx_word' id='word_1_39' title='bbox 1755 2916 1802 3060; x_wconf 85' lang='lat' dir='ltr'><strong>Certe</strong></span> <span class='ocrx_word' id='word_1_40' title='bbox 1755 2755 1801 2880; x_wconf 89' lang='lat' dir='ltr'><strong>enim</strong></span> <span class='ocrx_word' id='word_1_41' title='bbox 1753 2561 1816 2718; x_wconf 87' lang='lat' dir='ltr'><strong>aptius</strong></span> <span class='ocrx_word' id='word_1_42' title='bbox 1756 2338 1804 2526; x_wconf 83' lang='lat' dir='ltr'><strong>terrae,</strong></span> <span class='ocrx_word' id='word_1_43' title='bbox 1759 2150 1807 2290; x_wconf 84' lang='lat' dir='ltr'><strong>quam</strong></span> <span class='ocrx_word' id='word_1_44' title='bbox 1742 1910 1800 2113; x_wconf 84' lang='lat' dir='ltr'><strong>civitati,</strong></span> <span class='ocrx_word' id='word_1_45' title='bbox 1741 1744 1788 1875; x_wconf 84' lang='lat' dir='ltr'><strong>fluvii</strong></span> <span class='ocrx_word' id='word_1_46' title='bbox 1741 1422 1789 1710; x_wconf 84' lang='lat' dir='ltr'><strong>tribuuntur.</strong></span> 
     </span>
     <span class='ocr_line' id='line_1_20' title="bbox 1822 1420 1887 3063; textangle 90"><span class='ocrx_word' id='word_1_47' title='bbox 1832 2894 1880 3063; x_wconf 81' lang='lat' dir='ltr'><strong>Movet</strong></span> <span class='ocrx_word' id='word_1_48' title='bbox 1850 2783 1880 2861; x_wconf 90' lang='lat' dir='ltr'><strong>me</strong></span> <span class='ocrx_word' id='word_1_49' title='bbox 1839 2578 1887 2755; x_wconf 84' lang='lat' dir='ltr'><strong>autem,</strong></span> <span class='ocrx_word' id='word_1_50' title='bbox 1833 2487 1876 2542; x_wconf 89' lang='lat' dir='ltr'><strong>ut</strong></span> <span class='ocrx_word' id='word_1_51' title='bbox 1827 2386 1873 2455; x_wconf 89' lang='lat' dir='ltr'><strong>sic</strong></span> <span class='ocrx_word' id='word_1_52' title='bbox 1825 2128 1887 2361; x_wconf 85' lang='lat' dir='ltr'><strong>scriptum</strong></span> <span class='ocrx_word' id='word_1_53' title='bbox 1823 1938 1869 2093; x_wconf 86' lang='lat' dir='ltr'><strong>fuisse</strong></span> <span class='ocrx_word' id='word_1_54' title='bbox 1822 1655 1880 1919; x_wconf 69' lang='lat' dir='ltr'><strong>coniiciam,</strong></span> <span class='ocrx_word' id='word_1_55' title='bbox 1822 1420 1867 1625; x_wconf 84' lang='lat' dir='ltr'><strong>maxime</strong></span> 
     </span>
     <span class='ocr_line' id='line_1_21' title="bbox 1899 1419 1974 3062; textangle 90"><span class='ocrx_word' id='word_1_56' title='bbox 1913 2608 1974 3062; x_wconf 86' lang='lat' dir='ltr'><strong>antistrophicorum</strong></span> <span class='ocrx_word' id='word_1_57' title='bbox 1908 2434 1971 2573; x_wconf 88' lang='lat' dir='ltr'><strong>plane</strong></span> <span class='ocrx_word' id='word_1_58' title='bbox 1904 2150 1967 2399; x_wconf 83' lang='lat' dir='ltr'><strong>deplorata</strong></span> <span class='ocrx_word' id='word_1_59' title='bbox 1902 1893 1961 2115; x_wconf 72' lang='lat' dir='ltr'><strong>conditio,</strong></span> <span class='ocrx_word' id='word_1_60' title='bbox 1916 1735 1962 1856; x_wconf 81' lang='lat' dir='ltr'><strong>quae</strong></span> <span class='ocrx_word' id='word_1_61' title='bbox 1915 1584 1947 1699; x_wconf 85' lang='lat' dir='ltr'><strong>crux</strong></span> <span class='ocrx_word' id='word_1_62' title='bbox 1899 1419 1946 1553; x_wconf 88' lang='lat' dir='ltr'><strong>criti-</strong></span> 
     </span>
     <span class='ocr_line' id='line_1_22' title="bbox 1977 1421 2052 3062; textangle 90"><span class='ocrx_word' id='word_1_63' title='bbox 2006 2895 2037 3062; x_wconf 83' lang='lat' dir='ltr'><strong>corum</strong></span> <span class='ocrx_word' id='word_1_64' title='bbox 1986 2482 2052 2847; x_wconf 81' lang='lat' dir='ltr'><strong>transponendis</strong></span> <span class='ocrx_word' id='word_1_65' title='bbox 1985 2219 2032 2435; x_wconf 84' lang='lat' dir='ltr'><strong>versibus</strong></span> <span class='ocrx_word' id='word_1_66' title='bbox 1981 1943 2028 2170; x_wconf 81' lang='lat' dir='ltr'><strong>facillime</strong></span> <span class='ocrx_word' id='word_1_67' title='bbox 1980 1792 2027 1896; x_wconf 91' lang='lat' dir='ltr'><strong>tolli</strong></span> <span class='ocrx_word' id='word_1_68' title='bbox 1993 1600 2041 1745; x_wconf 87' lang='lat' dir='ltr'><strong>posse</strong></span> <span class='ocrx_word' id='word_1_69' title='bbox 1977 1421 2024 1551; x_wconf 84' lang='lat' dir='ltr'><strong>vide-</strong></span> 
     </span>
    </p>
   </div>
   <div class='ocr_carea' id='block_1_13' title="bbox 2071 1404 4323 3061">
    <p class='ocr_par' dir='ltr' id='par_1_17' title="bbox 2071 2853 2117 3061">
     <span class='ocr_line' id='line_1_23' title="bbox 2071 2853 2117 3061; textangle 90"><span class='ocrx_word' id='word_1_70' title='bbox 2075 2984 2116 3061; x_wconf 86' lang='lat' dir='ltr'><strong>tur</strong></span> <span class='ocrx_word' id='word_1_71' title='bbox 2071 2853 2117 2950; x_wconf 85' lang='lat' dir='ltr'><strong>sic:</strong></span> 
     </span>
    </p>

    <p class='ocr_par' dir='ltr' id='par_1_18' title="bbox 2138 2180 2209 2935">
     <span class='ocr_line' id='line_1_24' title="bbox 2138 2180 2209 2935; textangle 90"><span class='ocrx_word' id='word_1_72' title='bbox 2147 2768 2197 2935; x_wconf 80' lang='grc' dir='ltr'><em>πόθεν</em></span> <span class='ocrx_word' id='word_1_73' title='bbox 2144 2535 2208 2734; x_wconf 76' lang='grc' dir='ltr'><em>θράσος</em></span> <span class='ocrx_word' id='word_1_74' title='bbox 2142 2472 2209 2503; x_wconf 76' lang='grc' dir='ltr'>ἢ</span> <span class='ocrx_word' id='word_1_75' title='bbox 2140 2245 2206 2434; x_wconf 77' lang='grc' dir='ltr'><em>φρενὸς</em></span> <span class='ocrx_word' id='word_1_76' title='bbox 2138 2180 2205 2213; x_wconf 75' lang='grc' dir='ltr'>ἢ</span> 
     </span>
    </p>

    <p class='ocr_par' dir='ltr' id='par_1_19' title="bbox 2220 2018 2291 2934">
     <span class='ocr_line' id='line_1_25' title="bbox 2220 2018 2291 2934; textangle 90"><span class='ocrx_word' id='word_1_77' title='bbox 2225 2744 2291 2934; x_wconf 77' lang='grc' dir='ltr'><em>καρδία</em></span> <span class='ocrx_word' id='word_1_78' title='bbox 2226 2472 2290 2711; x_wconf 49' lang='grc' dir='ltr'><strong>’πιλήψεμ</strong></span> <span class='ocrx_word' id='word_1_79' title='bbox 2223 2306 2285 2435; x_wconf 85' lang='lat' dir='ltr'><strong>(cod.</strong></span> <span class='ocrx_word' id='word_1_80' title='bbox 2221 2136 2270 2268; x_wconf 89' lang='lat' dir='ltr'><strong>Flor.</strong></span> <span class='ocrx_word' id='word_1_81' title='bbox 2220 2018 2277 2099; x_wconf 88' lang='lat' dir='ltr'><strong>A.)</strong></span> 
     </span>
    </p>

    <p class='ocr_par' dir='ltr' id='par_1_20' title="bbox 2303 2388 2370 2933">
     <span class='ocr_line' id='line_1_26' title="bbox 2303 2388 2370 2933; textangle 90"><span class='ocrx_word' id='word_1_82' title='bbox 2305 2808 2370 2933; x_wconf 80' lang='grc' dir='ltr'><em>χειρὶ</em></span> <span class='ocrx_word' id='word_1_83' title='bbox 2303 2574 2363 2773; x_wconf 80' lang='grc' dir='ltr'><em>τέκνοις</em></span> <span class='ocrx_word' id='word_1_84' title='bbox 2303 2388 2353 2540; x_wconf 77' lang='grc' dir='ltr'><em>σέθεν</em></span> 
     </span>
    </p>

    <p class='ocr_par' dir='ltr' id='par_1_21' title="bbox 2378 2137 2447 2931">
     <span class='ocr_line' id='line_1_27' title="bbox 2378 2137 2447 2931; textangle 90"><span class='ocrx_word' id='word_1_85' title='bbox 2384 2753 2435 2931; x_wconf 79' lang='grc' dir='ltr'><em>δεινὰν</em></span> <span class='ocrx_word' id='word_1_86' title='bbox 2384 2390 2447 2720; x_wconf 75' lang='grc' dir='ltr'><em>προςοέγουσα</em></span> <span class='ocrx_word' id='word_1_87' title='bbox 2378 2137 2439 2357; x_wconf 69' lang='grc' dir='ltr'><em>τόλμανς</em></span> 
     </span>
    </p>

    <p class='ocr_par' dir='ltr' id='par_1_22' title="bbox 2454 1404 3949 3059">
     <span class='ocr_line' id='line_1_28' title="bbox 2454 1415 2517 2927; textangle 90"><span class='ocrx_word' id='word_1_88' title='bbox 2465 2829 2513 2927; x_wconf 79' lang='lat' dir='ltr'><strong>Sed</strong></span> <span class='ocrx_word' id='word_1_89' title='bbox 2472 2688 2513 2793; x_wconf 86' lang='lat' dir='ltr'><strong>utut</strong></span> <span class='ocrx_word' id='word_1_90' title='bbox 2467 2535 2511 2655; x_wconf 89' lang='lat' dir='ltr'><strong>haec</strong></span> <span class='ocrx_word' id='word_1_91' title='bbox 2469 2360 2517 2499; x_wconf 85' lang='lat' dir='ltr'><strong>sunt,</strong></span> <span class='ocrx_word' id='word_1_92' title='bbox 2460 1974 2505 2312; x_wconf 84' lang='lat' dir='ltr'><strong>amicorum</strong></span> <span class='ocrx_word' id='word_1_93' title='bbox 2456 1606 2502 1938; x_wconf 80' lang='lat' dir='ltr'><strong>civitatem</strong></span> <span class='ocrx_word' id='word_1_94' title='bbox 2454 1415 2502 1572; x_wconf 82' lang='lat' dir='ltr'><strong>Athe-</strong></span> 
     </span>
     <span class='ocr_line' id='line_1_29' title="bbox 2532 1412 2598 3059; textangle 90"><span class='ocrx_word' id='word_1_95' title='bbox 2546 2868 2593 3059; x_wconf 90' lang='lat' dir='ltr'><strong>nienses</strong></span> <span class='ocrx_word' id='word_1_96' title='bbox 2562 2806 2590 2831; x_wconf 87' lang='lat' dir='ltr'><strong>a</strong></span> <span class='ocrx_word' id='word_1_97' title='bbox 2544 2580 2590 2772; x_wconf 86' lang='lat' dir='ltr'><strong>feminis</strong></span> <span class='ocrx_word' id='word_1_98' title='bbox 2539 2181 2588 2542; x_wconf 86' lang='lat' dir='ltr'><strong>Corinthiorum</strong></span> <span class='ocrx_word' id='word_1_99' title='bbox 2536 1916 2598 2145; x_wconf 85' lang='lat' dir='ltr'><strong>appellari</strong></span> <span class='ocrx_word' id='word_1_100' title='bbox 2534 1564 2581 1871; x_wconf 82' lang='lat' dir='ltr'><strong>manifestum</strong></span> <span class='ocrx_word' id='word_1_101' title='bbox 2532 1412 2579 1530; x_wconf 84' lang='lat' dir='ltr'><strong>mihi</strong></span> 
     </span>
     <span class='ocr_line' id='line_1_30' title="bbox 2611 1412 2683 3057; textangle 90"><span class='ocrx_word' id='word_1_102' title='bbox 2640 2949 2671 3057; x_wconf 87' lang='lat' dir='ltr'><strong>esse</strong></span> <span class='ocrx_word' id='word_1_103' title='bbox 2624 2698 2670 2915; x_wconf 84' lang='lat' dir='ltr'><strong>videtur:</strong></span> <span class='ocrx_word' id='word_1_104' title='bbox 2623 2459 2683 2651; x_wconf 85' lang='lat' dir='ltr'><strong>ineptus</strong></span> <span class='ocrx_word' id='word_1_105' title='bbox 2618 2298 2664 2422; x_wconf 87' lang='lat' dir='ltr'><strong>euim</strong></span> <span class='ocrx_word' id='word_1_106' title='bbox 2615 2122 2661 2250; x_wconf 88' lang='lat' dir='ltr'><strong>redit</strong></span> <span class='ocrx_word' id='word_1_107' title='bbox 2630 1896 2672 2086; x_wconf 80' lang='lat' dir='ltr'><strong>sensus,</strong></span> <span class='ocrx_word' id='word_1_108' title='bbox 2615 1806 2660 1847; x_wconf 87' lang='lat' dir='ltr'><strong>si</strong></span> <span class='ocrx_word' id='word_1_109' title='bbox 2611 1506 2675 1768; x_wconf 81' lang='grc' dir='ltr'><strong><em>πόμπιμος</em></strong></span> <span class='ocrx_word' id='word_1_110' title='bbox 2612 1412 2659 1473; x_wconf 87' lang='lat' dir='ltr'><strong>ad</strong></span> 
     </span>
     <span class='ocr_line' id='line_1_31' title="bbox 2694 1410 2766 3058; textangle 90"><span class='ocrx_word' id='word_1_111' title='bbox 2701 2890 2766 3058; x_wconf 77' lang='grc' dir='ltr'><em>φίλων</em></span> <span class='ocrx_word' id='word_1_112' title='bbox 2702 2604 2749 2844; x_wconf 85' lang='lat' dir='ltr'><strong>reseratur</strong></span> <span class='ocrx_word' id='word_1_113' title='bbox 2701 2486 2757 2570; x_wconf 86' lang='lat' dir='ltr'><strong>sic,</strong></span> <span class='ocrx_word' id='word_1_114' title='bbox 2704 2399 2745 2450; x_wconf 84' lang='lat' dir='ltr'><strong>ut</strong></span> <span class='ocrx_word' id='word_1_115' title='bbox 2702 2236 2743 2365; x_wconf 85' lang='lat' dir='ltr'><strong>terra</strong></span> <span class='ocrx_word' id='word_1_116' title='bbox 2694 1906 2757 2202; x_wconf 78' lang='lat' dir='ltr'><strong>significetur</strong></span> <span class='ocrx_word' id='word_1_117' title='bbox 2694 1614 2739 1873; x_wconf 86' lang='lat' dir='ltr'><strong>amicorum</strong></span> <span class='ocrx_word' id='word_1_118' title='bbox 2707 1410 2753 1577; x_wconf 89' lang='lat' dir='ltr'><strong>prose-</strong></span> 
     </span>
     <span class='ocr_line' id='line_1_32' title="bbox 2770 1411 2839 3058; textangle 90"><span class='ocrx_word' id='word_1_119' title='bbox 2784 2888 2831 3058; x_wconf 85' lang='lat' dir='ltr'><strong>cutrix.</strong></span> <span class='ocrx_word' id='word_1_120' title='bbox 2780 2678 2827 2821; x_wconf 87' lang='lat' dir='ltr'><strong>Dolet</strong></span> <span class='ocrx_word' id='word_1_121' title='bbox 2779 2499 2839 2644; x_wconf 79' lang='lat' dir='ltr'><strong>igitur</strong></span> <span class='ocrx_word' id='word_1_122' title='bbox 2781 2294 2839 2466; x_wconf 73' lang='lat' dir='ltr'><strong>poeta,</strong></span> <span class='ocrx_word' id='word_1_123' title='bbox 2774 2119 2836 2246; x_wconf 89' lang='lat' dir='ltr'><strong>quod</strong></span> <span class='ocrx_word' id='word_1_124' title='bbox 2772 1703 2818 2071; x_wconf 84' lang='lat' dir='ltr'><strong>Atheniensium</strong></span> <span class='ocrx_word' id='word_1_125' title='bbox 2770 1411 2818 1655; x_wconf 89' lang='lat' dir='ltr'><strong>Corinthi-</strong></span> 
     </span>
     <span class='ocr_line' id='line_1_33' title="bbox 2851 1413 2923 3058; textangle 90"><span class='ocrx_word' id='word_1_126' title='bbox 2876 2823 2923 3058; x_wconf 88' lang='lat' dir='ltr'><strong>orumque</strong></span> <span class='ocrx_word' id='word_1_127' title='bbox 2858 2584 2905 2796; x_wconf 85' lang='lat' dir='ltr'><strong>amicitia</strong></span> <span class='ocrx_word' id='word_1_128' title='bbox 2857 2342 2917 2560; x_wconf 87' lang='lat' dir='ltr'><strong>disrupta</strong></span> <span class='ocrx_word' id='word_1_129' title='bbox 2854 2232 2909 2308; x_wconf 81' lang='lat' dir='ltr'><strong>sit,</strong></span> <span class='ocrx_word' id='word_1_130' title='bbox 2856 2046 2912 2195; x_wconf 88' lang='lat' dir='ltr'><strong>utque</strong></span> <span class='ocrx_word' id='word_1_131' title='bbox 2852 1864 2897 2021; x_wconf 88' lang='lat' dir='ltr'><strong>denuo</strong></span> <span class='ocrx_word' id='word_1_132' title='bbox 2851 1615 2911 1836; x_wconf 80' lang='lat' dir='ltr'><strong>iungatur</strong></span> <span class='ocrx_word' id='word_1_133' title='bbox 2854 1413 2897 1594; x_wconf 89' lang='lat' dir='ltr'><strong>monet.</strong></span> 
     </span>
     <span class='ocr_line' id='line_1_34' title="bbox 2929 1409 2999 3057; textangle 90"><span class='ocrx_word' id='word_1_134' title='bbox 2940 2897 2994 3057; x_wconf 80' lang='lat' dir='ltr'><strong>ldem,</strong></span> <span class='ocrx_word' id='word_1_135' title='bbox 2938 2633 2999 2851; x_wconf 80' lang='lat' dir='ltr'><strong>egregias</strong></span> <span class='ocrx_word' id='word_1_136' title='bbox 2936 2303 2982 2597; x_wconf 81' lang='lat' dir='ltr'><strong>Athenarum</strong></span> <span class='ocrx_word' id='word_1_137' title='bbox 2932 2100 2978 2265; x_wconf 87' lang='lat' dir='ltr'><strong>laudes</strong></span> <span class='ocrx_word' id='word_1_138' title='bbox 2947 2037 2977 2063; x_wconf 89' lang='lat' dir='ltr'><strong>a</strong></span> <span class='ocrx_word' id='word_1_139' title='bbox 2930 1738 2977 2000; x_wconf 86' lang='lat' dir='ltr'><strong>Corinthiis</strong></span> <span class='ocrx_word' id='word_1_140' title='bbox 2929 1585 2992 1703; x_wconf 84' lang='lat' dir='ltr'><strong>ipsis</strong></span> <span class='ocrx_word' id='word_1_141' title='bbox 2944 1409 2991 1550; x_wconf 89' lang='lat' dir='ltr'><strong>prae-</strong></span> 
     </span>
     <span class='ocr_line' id='line_1_35' title="bbox 3008 1409 3076 3058; textangle 90"><span class='ocrx_word' id='word_1_142' title='bbox 3017 2908 3065 3058; x_wconf 90' lang='lat' dir='ltr'><strong>dicari</strong></span> <span class='ocrx_word' id='word_1_143' title='bbox 3018 2674 3076 2875; x_wconf 86' lang='lat' dir='ltr'><strong>faciens,</strong></span> <span class='ocrx_word' id='word_1_144' title='bbox 3030 2482 3061 2639; x_wconf 89' lang='lat' dir='ltr'><strong>nonne</strong></span> <span class='ocrx_word' id='word_1_145' title='bbox 3014 2359 3059 2447; x_wconf 89' lang='lat' dir='ltr'><strong>hos</strong></span> <span class='ocrx_word' id='word_1_146' title='bbox 3010 2073 3059 2321; x_wconf 86' lang='lat' dir='ltr'><strong>dehortari</strong></span> <span class='ocrx_word' id='word_1_147' title='bbox 3010 1834 3069 2040; x_wconf 71' lang='lat' dir='ltr'><strong>videtur,</strong></span> <span class='ocrx_word' id='word_1_148' title='bbox 3025 1738 3056 1798; x_wconf 91' lang='lat' dir='ltr'><strong>ne</strong></span> <span class='ocrx_word' id='word_1_149' title='bbox 3009 1585 3057 1713; x_wconf 92' lang='lat' dir='ltr'><strong>bello</strong></span> <span class='ocrx_word' id='word_1_150' title='bbox 3008 1409 3055 1563; x_wconf 86' lang='lat' dir='ltr'><strong>laces-</strong></span> 
     </span>
     <span class='ocr_line' id='line_1_36' title="bbox 3088 1409 3160 3057; textangle 90"><span class='ocrx_word' id='word_1_151' title='bbox 3104 2952 3145 3057; x_wconf 84' lang='lat' dir='ltr'><strong>sant</strong></span> <span class='ocrx_word' id='word_1_152' title='bbox 3096 2679 3160 2908; x_wconf 88' lang='lat' dir='ltr'><strong>populum</strong></span> <span class='ocrx_word' id='word_1_153' title='bbox 3094 2380 3141 2630; x_wconf 78' lang='lat' dir='ltr'><strong>Musarum</strong></span> <span class='ocrx_word' id='word_1_154' title='bbox 3092 2146 3138 2327; x_wconf 87' lang='lat' dir='ltr'><strong>artibus</strong></span> <span class='ocrx_word' id='word_1_155' title='bbox 3089 1758 3147 2108; x_wconf 72' lang='lat' dir='ltr'><strong>excellentem,</strong></span> <span class='ocrx_word' id='word_1_156' title='bbox 3104 1581 3135 1703; x_wconf 84' lang='lat' dir='ltr'><strong>neve</strong></span> <span class='ocrx_word' id='word_1_157' title='bbox 3088 1409 3135 1535; x_wconf 83' lang='lat' dir='ltr'><strong>infe-</strong></span> 
     </span>
     <span class='ocr_line' id='line_1_37' title="bbox 3168 1407 3230 3055; textangle 90"><span class='ocrx_word' id='word_1_158' title='bbox 3178 2971 3224 3055; x_wconf 86' lang='lat' dir='ltr'><strong>stis</strong></span> <span class='ocrx_word' id='word_1_159' title='bbox 3176 2789 3222 2934; x_wconf 88' lang='lat' dir='ltr'><strong>armis</strong></span> <span class='ocrx_word' id='word_1_160' title='bbox 3174 2514 3221 2737; x_wconf 75' lang='lat' dir='ltr'><strong>invadant</strong></span> <span class='ocrx_word' id='word_1_161' title='bbox 3176 2290 3217 2467; x_wconf 86' lang='lat' dir='ltr'><strong>terram</strong></span> <span class='ocrx_word' id='word_1_162' title='bbox 3170 2111 3215 2240; x_wconf 87' lang='lat' dir='ltr'><strong>nulla</strong></span> <span class='ocrx_word' id='word_1_163' title='bbox 3185 1860 3230 2064; x_wconf 86' lang='lat' dir='ltr'><strong>unquam</strong></span> <span class='ocrx_word' id='word_1_164' title='bbox 3168 1592 3215 1807; x_wconf 84' lang='lat' dir='ltr'><strong>hostium</strong></span> <span class='ocrx_word' id='word_1_165' title='bbox 3168 1407 3214 1543; x_wconf 84' lang='lat' dir='ltr'><strong>inva-</strong></span> 
     </span>
     <span class='ocr_line' id='line_1_38' title="bbox 3246 1408 3313 3055; textangle 90"><span class='ocrx_word' id='word_1_166' title='bbox 3256 2918 3303 3055; x_wconf 88' lang='lat' dir='ltr'><strong>sione</strong></span> <span class='ocrx_word' id='word_1_167' title='bbox 3259 2654 3300 2886; x_wconf 77' lang='lat' dir='ltr'><strong>vastatam</strong></span> <span class='ocrx_word' id='word_1_168' title='bbox 3249 2456 3313 2617; x_wconf 75' lang='grc' dir='ltr'><strong>(ἱερᾶς</strong></span> <span class='ocrx_word' id='word_1_169' title='bbox 3248 2254 3311 2421; x_wconf 80' lang='grc' dir='ltr'><em>χώρας</em></span> <span class='ocrx_word' id='word_1_170' title='bbox 3246 1910 3310 2219; x_wconf 71' lang='grc' dir='ltr'><em>ἀπορθήτου</em></span> <span class='ocrx_word' id='word_1_171' title='bbox 3247 1760 3309 1873; x_wconf 71' lang='grc' dir='ltr'>τε)”ἑ</span> <span class='ocrx_word' id='word_1_172' title='bbox 3247 1502 3294 1692; x_wconf 89' lang='lat' dir='ltr'><strong>Artium</strong></span> <span class='ocrx_word' id='word_1_173' title='bbox 3246 1408 3292 1467; x_wconf 92' lang='lat' dir='ltr'><strong>li-</strong></span> 
     </span>
     <span class='ocr_line' id='line_1_39' title="bbox 3325 1406 3392 3055; textangle 90"><span class='ocrx_word' id='word_1_174' title='bbox 3334 2803 3392 3055; x_wconf 81' lang='lat' dir='ltr'><strong>beralium,</strong></span> <span class='ocrx_word' id='word_1_175' title='bbox 3331 2488 3379 2767; x_wconf 80' lang='lat' dir='ltr'><strong>eruditionis</strong></span> <span class='ocrx_word' id='word_1_176' title='bbox 3329 2088 3390 2450; x_wconf 83' lang='lat' dir='ltr'><strong>sapientiaeque</strong></span> <span class='ocrx_word' id='word_1_177' title='bbox 3327 1851 3373 2061; x_wconf 86' lang='lat' dir='ltr'><strong>studium</strong></span> <span class='ocrx_word' id='word_1_178' title='bbox 3325 1612 3373 1817; x_wconf 83' lang='lat' dir='ltr'><strong>Athenis</strong></span> <span class='ocrx_word' id='word_1_179' title='bbox 3326 1406 3371 1587; x_wconf 83' lang='lat' dir='ltr'><strong>florens</strong></span> 
     </span>
     <span class='ocr_line' id='line_1_40' title="bbox 3406 1407 3476 3054; textangle 90"><span class='ocrx_word' id='word_1_180' title='bbox 3413 2918 3476 3054; x_wconf 89' lang='lat' dir='ltr'><strong>quasi</strong></span> <span class='ocrx_word' id='word_1_181' title='bbox 3412 2720 3459 2884; x_wconf 87' lang='lat' dir='ltr'><strong>dedita</strong></span> <span class='ocrx_word' id='word_1_182' title='bbox 3426 2539 3473 2685; x_wconf 88' lang='lat' dir='ltr'><strong>opera</strong></span> <span class='ocrx_word' id='word_1_183' title='bbox 3408 2309 3454 2503; x_wconf 83' lang='lat' dir='ltr'><strong>laudare</strong></span> <span class='ocrx_word' id='word_1_184' title='bbox 3407 2018 3467 2274; x_wconf 84' lang='lat' dir='ltr'><strong>Euripides</strong></span> <span class='ocrx_word' id='word_1_185' title='bbox 3406 1797 3451 1983; x_wconf 73' lang='lat' dir='ltr'><strong>videtur</strong></span> <span class='ocrx_word' id='word_1_186' title='bbox 3421 1694 3451 1751; x_wconf 94' lang='lat' dir='ltr'><strong>eo</strong></span> <span class='ocrx_word' id='word_1_187' title='bbox 3408 1407 3465 1644; x_wconf 80' lang='lat' dir='ltr'><strong>tempore,</strong></span> 
     </span>
     <span class='ocr_line' id='line_1_41' title="bbox 3483 1404 3555 3053; textangle 90"><span class='ocrx_word' id='word_1_188' title='bbox 3508 2958 3555 3053; x_wconf 91' lang='lat' dir='ltr'><strong>quo</strong></span> <span class='ocrx_word' id='word_1_189' title='bbox 3491 2659 3538 2923; x_wconf 86' lang='lat' dir='ltr'><strong>timendum</strong></span> <span class='ocrx_word' id='word_1_190' title='bbox 3493 2496 3543 2623; x_wconf 76' lang='lat' dir='ltr'><strong>erat,</strong></span> <span class='ocrx_word' id='word_1_191' title='bbox 3504 2390 3533 2450; x_wconf 90' lang='lat' dir='ltr'><strong>ue</strong></span> <span class='ocrx_word' id='word_1_192' title='bbox 3486 2230 3532 2346; x_wconf 90' lang='lat' dir='ltr'><strong>illud</strong></span> <span class='ocrx_word' id='word_1_193' title='bbox 3486 1981 3533 2192; x_wconf 87' lang='lat' dir='ltr'><strong>studium</strong></span> <span class='ocrx_word' id='word_1_194' title='bbox 3484 1540 3546 1930; x_wconf 81' lang='lat' dir='ltr'><strong>interpellaretur</strong></span> <span class='ocrx_word' id='word_1_195' title='bbox 3483 1404 3527 1496; x_wconf 89' lang='lat' dir='ltr'><strong>im—</strong></span> 
     </span>
     <span class='ocr_line' id='line_1_42' title="bbox 3561 1406 3630 3055; textangle 90"><span class='ocrx_word' id='word_1_196' title='bbox 3572 2661 3630 3055; x_wconf 87' lang='lat' dir='ltr'><strong>minuereturque</strong></span> <span class='ocrx_word' id='word_1_197' title='bbox 3572 2332 3628 2613; x_wconf 86' lang='lat' dir='ltr'><strong>erumpente</strong></span> <span class='ocrx_word' id='word_1_198' title='bbox 3565 2129 3623 2284; x_wconf 68' lang='lat' dir='ltr'><strong>bello,</strong></span> <span class='ocrx_word' id='word_1_199' title='bbox 3566 1950 3626 2076; x_wconf 83' lang='lat' dir='ltr'><strong>quod</strong></span> <span class='ocrx_word' id='word_1_200' title='bbox 3562 1550 3610 1903; x_wconf 82' lang='lat' dir='ltr'><strong>atrocissimum</strong></span> <span class='ocrx_word' id='word_1_201' title='bbox 3561 1406 3607 1513; x_wconf 86' lang='lat' dir='ltr'><strong>diu-</strong></span> 
     </span>
     <span class='ocr_line' id='line_1_43' title="bbox 3640 1410 3710 3053; textangle 90"><span class='ocrx_word' id='word_1_202' title='bbox 3649 2623 3710 3053; x_wconf 86' lang='lat' dir='ltr'><strong>turnissimumque</strong></span> <span class='ocrx_word' id='word_1_203' title='bbox 3646 2483 3693 2588; x_wconf 86' lang='lat' dir='ltr'><strong>sore</strong></span> <span class='ocrx_word' id='word_1_204' title='bbox 3662 2280 3692 2447; x_wconf 86' lang='lat' dir='ltr'><strong>omues</strong></span> <span class='ocrx_word' id='word_1_205' title='bbox 3644 1896 3707 2253; x_wconf 82' lang='lat' dir='ltr'><strong>praevidebant.</strong></span> <span class='ocrx_word' id='word_1_206' title='bbox 3642 1751 3688 1859; x_wconf 89' lang='lat' dir='ltr'><strong>Hoc</strong></span> <span class='ocrx_word' id='word_1_207' title='bbox 3655 1583 3703 1726; x_wconf 84' lang='lat' dir='ltr'><strong>agens</strong></span> <span class='ocrx_word' id='word_1_208' title='bbox 3640 1410 3687 1554; x_wconf 86' lang='lat' dir='ltr'><strong>etiam</strong></span> 
     </span>
     <span class='ocr_line' id='line_1_44' title="bbox 3719 1408 3789 3055; textangle 90"><span class='ocrx_word' id='word_1_209' title='bbox 3729 2743 3786 3055; x_wconf 72' lang='lat' dir='ltr'><strong>Pandionem,</strong></span> <span class='ocrx_word' id='word_1_210' title='bbox 3727 2558 3789 2708; x_wconf 82' lang='lat' dir='ltr'><strong>Aegei</strong></span> <span class='ocrx_word' id='word_1_211' title='bbox 3732 2330 3788 2532; x_wconf 73' lang='lat' dir='ltr'><strong>patrem,</strong></span> <span class='ocrx_word' id='word_1_212' title='bbox 3720 2122 3786 2292; x_wconf 84' lang='grc' dir='ltr'><em>σοφὸν</em></span> <span class='ocrx_word' id='word_1_213' title='bbox 3723 1839 3786 2097; x_wconf 83' lang='lat' dir='ltr'><strong>appellavit</strong></span> <span class='ocrx_word' id='word_1_214' title='bbox 3720 1743 3784 1808; x_wconf 83' lang='lat' dir='ltr'><strong>(v.</strong></span> <span class='ocrx_word' id='word_1_215' title='bbox 3721 1573 3781 1724; x_wconf 54' lang='lat'><strong>66⁰),</strong></span> <span class='ocrx_word' id='word_1_216' title='bbox 3719 1408 3782 1535; x_wconf 89' lang='lat' dir='ltr'><strong>quod</strong></span> 
     </span>
     <span class='ocr_line' id='line_1_45' title="bbox 3799 1407 3871 3053; textangle 90"><span class='ocrx_word' id='word_1_217' title='bbox 3808 2829 3871 3053; x_wconf 80' lang='lat' dir='ltr'><strong>profecto</strong></span> <span class='ocrx_word' id='word_1_218' title='bbox 3807 2533 3854 2799; x_wconf 88' lang='lat' dir='ltr'><strong>mirandum</strong></span> <span class='ocrx_word' id='word_1_219' title='bbox 3812 2364 3852 2497; x_wconf 86' lang='lat' dir='ltr'><strong>essct</strong></span> <span class='ocrx_word' id='word_1_220' title='bbox 3807 2271 3863 2337; x_wconf 74' lang='lat'><strong>²²²),</strong></span> <span class='ocrx_word' id='word_1_221' title='bbox 3804 2144 3850 2235; x_wconf 87' lang='lat' dir='ltr'><strong>nisi</strong></span> <span class='ocrx_word' id='word_1_222' title='bbox 3804 2049 3849 2109; x_wconf 84' lang='lat' dir='ltr'><strong>ad</strong></span> <span class='ocrx_word' id='word_1_223' title='bbox 3803 1811 3849 2015; x_wconf 90' lang='lat' dir='ltr'><strong>maiores</strong></span> <span class='ocrx_word' id='word_1_224' title='bbox 3799 1530 3847 1785; x_wconf 87' lang='lat' dir='ltr'><strong>transferri</strong></span> <span class='ocrx_word' id='word_1_225' title='bbox 3800 1407 3847 1501; x_wconf 88' lang='lat' dir='ltr'><strong>vir-</strong></span> 
     </span>
     <span class='ocr_line' id='line_1_46' title="bbox 3884 1995 3949 3052; textangle 90"><span class='ocrx_word' id='word_1_226' title='bbox 3892 2925 3935 3052; x_wconf 86' lang='lat' dir='ltr'><strong>tutes</strong></span> <span class='ocrx_word' id='word_1_227' title='bbox 3886 2568 3949 2890; x_wconf 85' lang='lat' dir='ltr'><strong>posteriorum</strong></span> <span class='ocrx_word' id='word_1_228' title='bbox 3884 2375 3932 2531; x_wconf 88' lang='lat' dir='ltr'><strong>solere</strong></span> <span class='ocrx_word' id='word_1_229' title='bbox 3890 2175 3930 2339; x_wconf 90' lang='lat' dir='ltr'><strong>notum</strong></span> <span class='ocrx_word' id='word_1_230' title='bbox 3887 1995 3929 2141; x_wconf 85' lang='lat' dir='ltr'><strong>esset.</strong></span> 
     </span>
    </p>

    <p class='ocr_par' dir='ltr' id='par_1_23' title="bbox 3956 1406 4024 2924">
     <span class='ocr_line' id='line_1_47' title="bbox 3956 1406 4024 2924; textangle 90"><span class='ocrx_word' id='word_1_231' title='bbox 3965 2751 4012 2924; x_wconf 87' lang='lat' dir='ltr'><strong>Multis</strong></span> <span class='ocrx_word' id='word_1_232' title='bbox 3965 2573 4011 2715; x_wconf 84' lang='lat' dir='ltr'><strong>etiam</strong></span> <span class='ocrx_word' id='word_1_233' title='bbox 3964 2435 4011 2540; x_wconf 90' lang='lat' dir='ltr'><strong>aliis</strong></span> <span class='ocrx_word' id='word_1_234' title='bbox 3964 2352 4011 2400; x_wconf 90' lang='lat' dir='ltr'><strong>in</strong></span> <span class='ocrx_word' id='word_1_235' title='bbox 3963 2200 4009 2317; x_wconf 83' lang='lat' dir='ltr'><strong>locis</strong></span> <span class='ocrx_word' id='word_1_236' title='bbox 3961 2104 4009 2164; x_wconf 88' lang='lat' dir='ltr'><strong>ad</strong></span> <span class='ocrx_word' id='word_1_237' title='bbox 3976 1918 4009 2078; x_wconf 89' lang='lat' dir='ltr'><strong>rerum</strong></span> <span class='ocrx_word' id='word_1_238' title='bbox 3959 1599 4024 1897; x_wconf 87' lang='lat' dir='ltr'><strong>publicarum</strong></span> <span class='ocrx_word' id='word_1_239' title='bbox 3956 1475 4005 1574; x_wconf 85' lang='lat' dir='ltr'><strong>iras</strong></span> <span class='ocrx_word' id='word_1_240' title='bbox 3960 1406 4005 1456; x_wconf 87' lang='lat' dir='ltr'><strong>et</strong></span> 
     </span>
    </p>

    <p class='ocr_par' dir='ltr' id='par_1_24' title="bbox 4119 1412 4184 2995">
     <span class='ocr_line' id='line_1_48' title="bbox 4119 1412 4184 2995; textangle 90"><span class='ocrx_word' id='word_1_241' title='bbox 4128 2945 4182 2995; x_wconf 36' lang='grc' dir='ltr'><strong>ἦ)</strong></span> <span class='ocrx_word' id='word_1_242' title='bbox 4128 2741 4170 2917; x_wconf 85' lang='lat' dir='ltr'><strong>Schol.:</strong></span> <span class='ocrx_word' id='word_1_243' title='bbox 4128 2597 4170 2712; x_wconf 78' lang='grc' dir='ltr'><strong>κατὰ</strong></span> <span class='ocrx_word' id='word_1_244' title='bbox 4129 2523 4171 2567; x_wconf 84' lang='grc' dir='ltr'><strong>τί</strong></span> <span class='ocrx_word' id='word_1_245' title='bbox 4127 2412 4184 2494; x_wconf 71' lang='grc' dir='ltr'><strong>γὰρ</strong></span> <span class='ocrx_word' id='word_1_246' title='bbox 4125 2240 4181 2380; x_wconf 85' lang='grc' dir='ltr'><em>σοφὸς</em></span> <span class='ocrx_word' id='word_1_247' title='bbox 4123 2188 4169 2211; x_wconf 86' lang='grc' dir='ltr'>ὁ</span> <span class='ocrx_word' id='word_1_248' title='bbox 4126 1940 4169 2154; x_wconf 86' lang='grc' dir='ltr'><em>Πανδίων</em></span> <span class='ocrx_word' id='word_1_249' title='bbox 4123 1713 4179 1913; x_wconf 80' lang='grc' dir='ltr'><em>λέγεται,·</em></span> <span class='ocrx_word' id='word_1_250' title='bbox 4120 1616 4165 1671; x_wconf 87' lang='grc' dir='ltr'><strong>ου’</strong></span> <span class='ocrx_word' id='word_1_251' title='bbox 4120 1498 4178 1581; x_wconf 73' lang='grc' dir='ltr'><strong>γὰρ</strong></span> <span class='ocrx_word' id='word_1_252' title='bbox 4119 1412 4176 1467; x_wconf 83' lang='grc' dir='ltr'><strong>δὴ</strong></span> 
     </span>
    </p>

    <p class='ocr_par' dir='ltr' id='par_1_25' title="bbox 4190 1407 4323 2911">
     <span class='ocr_line' id='line_1_49' title="bbox 4190 1407 4253 2911; textangle 90"><span class='ocrx_word' id='word_1_253' title='bbox 4194 2654 4250 2911; x_wconf 70' lang='grc' dir='ltr'><em>ω’νόμασται</em></span> <span class='ocrx_word' id='word_1_254' title='bbox 4200 2415 4241 2626; x_wconf 80' lang='grc' dir='ltr'><em>τοιοῦτον</em></span> <span class='ocrx_word' id='word_1_255' title='bbox 4196 2241 4240 2385; x_wconf 66' lang='grc' dir='ltr'><em>αὐτοῦ</em></span> <span class='ocrx_word' id='word_1_256' title='bbox 4196 2162 4239 2211; x_wconf 83' lang='grc' dir='ltr'><strong>τὸ</strong></span> <span class='ocrx_word' id='word_1_257' title='bbox 4195 1979 4253 2129; x_wconf 74' lang='grc' dir='ltr'><em>ἔργον,</em></span> <span class='ocrx_word' id='word_1_258' title='bbox 4193 1850 4238 1941; x_wconf 74' lang='grc' dir='ltr'><strong>ἀλλ’</strong></span> <span class='ocrx_word' id='word_1_259' title='bbox 4190 1713 4237 1819; x_wconf 78' lang='grc' dir='ltr'><em>ον’δὲ</em></span> <span class='ocrx_word' id='word_1_260' title='bbox 4191 1407 4249 1683; x_wconf 74' lang='grc' dir='ltr'><em>πανουργίας</em></span> 
     </span>
     <span class='ocr_line' id='line_1_50' title="bbox 4263 1675 4323 2911; textangle 90"><span class='ocrx_word' id='word_1_261' title='bbox 4263 2689 4323 2911; x_wconf 79' lang='grc' dir='ltr'><em>ἐχόμενον,</em></span> <span class='ocrx_word' id='word_1_262' title='bbox 4263 2548 4319 2657; x_wconf 58' lang='lat' dir='ltr'><strong>digne</strong></span> <span class='ocrx_word' id='word_1_263' title='bbox 4267 2440 4311 2517; x_wconf 81' lang='grc' dir='ltr'><strong>διὰ</strong></span> <span class='ocrx_word' id='word_1_264' title='bbox 4268 2274 4311 2411; x_wconf 80' lang='grc' dir='ltr'><em>τοῦτο</em></span> <span class='ocrx_word' id='word_1_265' title='bbox 4266 2035 4321 2243; x_wconf 75' lang='grc' dir='ltr'><em>λέγεσθαι</em></span> <span class='ocrx_word' id='word_1_266' title='bbox 4263 1864 4309 2005; x_wconf 73' lang='grc' dir='ltr'><em>αὐτὸν</em></span> <span class='ocrx_word' id='word_1_267' title='bbox 4263 1675 4319 1833; x_wconf 84' lang='grc' dir='ltr'><em>σοφόν.</em></span> 
     </span>
    </p>
   </div>
  </div>
 </body>
</html>
