5010 3336
1210 2024 1265 2146 469

1366 2678 1430 2917 proelium
1361 2417 1410 2657 faciendis
1361 2157 1405 2395 interesse
1355 1888 1416 2137 patrisque
1353 1742 1399 1873 dicto
1351 1495 1399 1726 obediens
1366 1366 1399 1478 esse
1365 1253 1397 1349 non

1447 2706 1493 2915 recusat.
1438 2284 1489 2643 Verecundiam
1433 2062 1494 2259 virginis
1433 1959 1479 2033 his
1431 1770 1478 1931 verbis
1436 1600 1492 1740 pater
1429 1252 1494 1577 improbavit:

1520 2597 1577 2781 αἰδοῦς
1517 2507 1567 2561 δὲ
1515 2282 1572 2473 καύτὸς
1509 1962 1573 2247 δυςκρίτως
1505 1830 1573 1926 ἔχω
1506 1646 1570 1793 πέρι·

1598 2695 1652 2784 καὶ
1599 2578 1649 2659 δεῖ
1597 2450 1662 2549 γὰρ
1594 2254 1659 2413 αὐτῆς
1594 2038 1642 2222 κᾶστιν
1580 1937 1639 2002 οὗ
1585 1738 1638 1903 κακὸν
1586 1557 1651 1704 μέγα.

1681 2516 1744 2783 Singularis
1678 2391 1724 2481 fuit
1673 2124 1737 2373 Euripidis
1672 2030 1718 2101 vis
1672 1955 1717 2004 in
1668 1583 1732 1933 componendis
1666 1372 1715 1549 talibus
1666 1246 1713 1352 col-

1762 2736 1825 2913 loquiis
1796 2703 1817 2715 ‚
1776 2542 1822 2666 quae
1754 2192 1818 2509 ambiguitate
1751 1914 1798 2157 dictorum
1749 1692 1795 1877 animos
1747 1428 1803 1658 ferirent3
1762 1245 1809 1392 prae-

1851 2776 1889 2910 terea
1841 2608 1886 2730 haec
1851 2402 1885 2573 caussa
1834 2295 1880 2356 ad
1830 1960 1879 2250 movendam
1826 1559 1874 1924 miserationem
1824 1244 1872 1521 admiratio-

1936 2701 1983 2909 nemque
1916 2419 1981 2667 aptissima
1918 2254 1970 2383 erat,
1915 2159 1958 2214 ut
1908 1901 1957 2126 interisse
1908 1740 1954 1867 hanc
1905 1469 1953 1704 dramatis
1908 1242 1967 1435 partem

2012 2612 2063 2908 magnopere
1992 2308 2042 2575 dolendum
1992 2195 2038 2271 sit.

2075 2549 2125 2782 Profecta
2075 2427 2121 2515 sub
2070 2145 2135 2391 praesidio
2068 2010 2114 2109 filia
2104 1979 2127 1991 ,
2083 1793 2129 1940 quum
2064 1539 2127 1759 reliquus
2061 1238 2110 1504 sacriflcio-

2174 2802 2208 2907 rum
2158 2507 2219 2766 apparatus
2168 2408 2200 2469 ex
2151 2172 2197 2371 aedibus
2147 1869 2205 2146 efferretur,
2150 1684 2192 1840 mater
2145 1587 2190 1648 ad
2160 1446 2191 1552 rem
2155 1237 2187 1409 novam

2239 2696 2285 2908 animum
2233 2433 2292 2660 advertit,
2237 2347 2277 2395 et
2228 2132 2277 2310 secreti
2226 1914 2288 2096 aliquid
2226 1802 2286 1878 agi
2225 1504 2287 1766 suspicata,
2220 1236 2268 1466 maritum

2318 2737 2365 2907 adiens
2313 2483 2377 2700 quaerit,
2326 2347 2373 2442 quo
2308 2108 2356 2309 consilio
2306 1948 2351 2073 filias
2304 1606 2351 1914 abducendas
2308 1520 2349 1569 et
2301 1234 2365 1488 placentas

2396 2669 2461 2905 plurimas
2410 2604 2439 2630 e
2392 2422 2438 2567 domo
2389 2109 2445 2395 ,efferendas
2384 1808 2442 2071 curaverit,
2388 1712 2431 1761 et
2383 1434 2445 1663 quidnam
2392 1232 2443 1387 genus

2474 2669 2524 2902 sacrificii
2472 2529 2519 2634 sine
2470 2300 2517 2493 victima
2467 2034 2514 2265 adornet:

2550 2680 2604 2768 καί
2568 2529 2615 2646 μοι,
2540 2322 2597 2493 πολὺν
2544 2189 2611 2289 γὰρ
2543 1926 2594 2155 πέλανον
2538 1619 2605 1891 ἐκπέμπεις
2539 1385 2602 1583 δόμων,

2631 2559 2697 2768 φράσον
2628 2305 2692 2522 σελήνας
2625 2122 2685 2272 τοὶςδε
2623 1852 2687 2087 πυρίμου
2622 1662 2687 1815 χλόης
2619 1576 2684 1644 *1).

2718 2688 2778 2897 ingenue
2711 2327 2759 2638 Erechtheus
2707 2008 2755 2267 consessus
2720 1839 2753 1951 esse
2703 1596 2749 1790 videtur
2716 1426 2763 1551 quae
2696 1225 2745 1375 celari

2811 2803 2843 2897 non
2796 2542 2858 2769 poterant
2788 2411 2851 2522 **),
2788 2239 2834 2363 velle
2803 2138 2834 2192 se
2803 2016 2833 2102 sua
2799 1749 2832 1980 aerumna
2782 1526 2829 1712 civibus
2780 1391 2827 1490 suis
2776 1224 2824 1353 salu-

2882 2796 2923 2895 tem
2887 2559 2936 2759 parare,
2886 2435 2916 2521 sua
2867 2201 2914 2398 miseria
2866 2105 2911 2164 ab
2865 1973 2911 2069 illis
2864 1648 2910 1934 servitutem
2858 1335 2922 1611 depellere:

2949 2478 3012 2767 „Quibus
2962 2254 2994 2419 nuuc
2959 1876 2993 2196 aerumna
2957 1674 2988 1814 mea
2940 1221 2986 1625 libertatem

3039 1874 3086 1912 p
3038 1826 3068 1855 a
3037 1787 3067 1811 r
3037 1739 3067 1766 0
3056 1711 3078 1724 ,

3108 2514 3171 2757 Quibus
3107 2046 3153 2453 servitutem
3118 1854 3149 1990 mea
3099 1514 3147 1793 miseria
3095 1218 3159 1468 depre—

3180 1743 3227 1903 cor.''

3266 2592 3317 2889 Praxitheae
3263 2275 3311 2544 orationem
3261 1945 3322 2227 Lycurgus,
3263 1834 3303 1887 ut
3257 1507 3319 1787 exemplum
3250 1216 3316 1464 generosi-

3350 2773 3398 2890 tatis
3346 2544 3394 2739 civitate
3339 2145 3389 2518 Atheniensium
3345 2058 3385 2109 et
3337 1923 3384 2022 filia
3336 1687 3399 1891 Cephisi
3333 1323 3397 1652 dignissimae,
3334 1215 3376 1290 to-

3436 2783 3478 2881 tam
3424 2507 3473 2745 servavit:

3503 2663 3561 2753 τὰς
3501 2415 3567 2626 χάριτας
3495 2246 3556 2378 ὅςτις
3494 1986 3559 2210 εὐγενῶς
3494 1676 3559 1953 χαρίζεται,

3583 2594 3649 2750 ἥδιον
3578 2504 3630 2559 ἐν
3580 2170 3643 2468 βροτοῖσιν·
3577 2078 3625 2126 οἳ
3573 1985 3624 2040 δὲ
3574 1785 3635 1949 δρῶσι
3570 1638 3637 1750 με’ν,

3664 2579 3730 2751 χρόνῳ
3660 2487 3711 2542 δὲ
3660 2258 3720 2449 δρῶσι,
3656 2058 3719 2219 δρῶσι
3652 1606 3718 2022 δυςγενὲστερον.

3743 2650 3809 2750 ἐγὼ
3742 2558 3793 2613 δὲ
3740 2371 3791 2523 δώσω
3736 2240 3803 2335 τὴν
3733 2073 3800 2203 ἐμὴν
3734 1875 3784 2039 παῖδα
3735 1616 3783 1840 κτανεῖν,

3823 2484 3889 2755 λογίζομαι
3820 2394 3870 2448 δὲ
3818 2165 3869 2359 πολλοὶ·
3817 1947 3881 2128 πρῶτα
3811 1816 3879 1911 μὲν
3812 1627 3863 1781 πόλιν

3963 2775 4015 2821 >¹²)
3960 2560 4003 2743 Suidas:
3957 2475 3999 2522 αἱ
3954 2395 3998 2442 δὲ
3954 2182 4007 2364 σελῆνοιι
3949 1941 4005 2154 πέμματά
3951 1832 3992 1915 εἰσι
3945 1639 3990 1810 πλατέα
3945 1356 3999 1616 κυκλοτερῆ.
3942 1206 3982 1313 Vide

4031 2550 4072 2736 eundem
4042 2486 4068 2519 s.
4041 2357 4068 2453 voc.
4024 2213 4075 2323 βοῦς
4020 1978 4078 2183 ἕβδομος.

4102 2769 4155 2847 Μ)
4098 2303 4153 2742 Pseudoplutarchus
4096 2245 4135 2273 l.
4095 2158 4134 2213 l.:
4087 1862 4146 2100 Ἐρεχθεὺς
4085 1718 4145 1833 πρὸς
4084 1440 4139 1686 Εὔμολπον
4082 1204 4134 1412 πολεμῶν

4169 2592 4223 2736 ἔμαθε
4169 2353 4222 2559 νικῆσαι,
4163 2242 4207 2321 ἐὰν
4160 2130 4215 2213 τὴν
4158 1865 4215 2099 θυγατέρα
4155 1595 4215 1835 προθύσῃ·
4154 1460 4196 1554 καὶ
4166 1204 4205 1428 συγκοι-

4235 2471 4291 2734 νωνήσας
4238 2367 4293 2433 τῇ
4230 2087 4289 2326 γυναικὶ
4228 1731 4285 2045 Πραξιθέᾳ
4224 1462 4280 1692 προέθυσε
4220 1337 4275 1420 τὴν
4224 1201 4262 1306 παῖ-

4310 2657 4350 2729 δα.
4306 2370 4360 2613 Μέμνηται
4302 2086 4360 2340 Εὐριπίδης
4299 2015 4342 2062 ἐν
4298 1771 4355 1988 Ἐρεχθεῖ.
4298 1607 4339 1729 Adde
4297 1298 4336 1585 Demaratum
4304 1204 4344 1275 ap.

4379 2602 4421 2725 Stob.
4377 2366 4429 2571 XXXIX,
4375 2267 4416 2336 33.
4372 2137 4415 2205 Cf.
4372 1934 4415 2103 welck.
4386 1860 4424 1903 p.
4369 1731 4411 1829 718.
4370 1612 4409 1698 not.
4365 1540 4407 1582 3.
