5010 3336
3852 2054 3908 2175 218

3713 1279 3762 1399 artis
3698 1435 3747 1557 opus
3714 1592 3763 1723 hunc
3697 1759 3763 2017 prologum
3713 2055 3745 2167 esse
3711 2202 3760 2435 iudicavit
3697 2472 3759 2734 GoethiuS‚
3706 2772 3769 2824 et·
3704 2855 3737 2960 me-

3651 1231 3653 1233 .
3632 1278 3680 1389 rito,
3632 1471 3682 1766 Planissime
3633 1820 3680 1951 enim
3632 2010 3680 2233 docendo
3630 2281 3678 2426 simul
3613 2476 3672 2624 atque
3612 2673 3673 2961 gravissime

3553 1275 3602 1517 movendo
3551 1583 3599 1847 maximum
3551 1897 3593 2197 momentum
3550 2261 3598 2385 facit
3548 2442 3596 2642 minimo
3544 2699 3592 2960 verborum

3457 1273 3520 1618 actionumque
3454 1653 3519 1921 impendio.
3470 1992 3517 2089 lam
3470 2126 3517 2254 enim
3469 2290 3501 2487 saevum
3453 2526 3514 2742 Orcum,
3449 2797 3513 2960 gladio

3379 1272 3435 1539 armatum,
3373 1585 3439 1738 nigris
3389 1775 3437 1865 alis
3372 1899 3437 2175 praeditum
3372 2214 3435 2462 nigrisque
3386 2497 3433 2715 vestibus
3366 2750 3429 2958 tectum,

3314 1272 3361 1320 in
3311 1356 3360 1557 domum
3310 1592 3358 1856 intrantem
3294 1893 3356 2239 conspeximus
3310 2271 3356 2331 ad
3291 2353 3354 2554 capillos
3304 2575 3354 2791 feminae
3287 2813 3335 2959 prae-

3232 1272 3280 1605 stantissimae
3218 1642 3277 1896 libandos,
3215 1934 3260 2029 qua
3228 2068 3275 2329 cerimonia
3227 2366 3274 2458 diis
3225 2495 3274 2670 inferis
3222 2696 3256 2958 consacre-

3152 1272 3195 1379 tur:
3138 1416 3198 1776 moribundam,
3149 1813 3195 2019 animam
3135 2057 3188 2312 agentem,
3147 2348 3194 2397 in
3144 2432 3191 2654 manibus
3130 2690 3191 2796 viri,
3141 2833 3189 2956 libe-

3072 1267 3105 1435 rorum
3056 1483 3119 1875 famulorumque
3055 1919 3114 2103 gestari
3052 2156 3113 2455 audivimus,
3063 2521 3106 2771 extremos
3060 2824 3110 2956 illius

2976 1268 3039 1469 spiritus
2991 1515 3038 1658 anxie
2987 1704 3037 2083 observantium.
2986 2153 3033 2294 Anxii
2983 2337 3032 2578 habemur
2967 2611 3030 2704 ipsi
2968 2740 3030 2956 silentio,

2897 1267 2959 1398 quod
2910 1447 2953 1524 est
2910 1571 2957 1701 circa
2909 1749 2957 1896 aedes
2890 1960 2954 2152 regias3
2889 2202 2952 2426 cupimus
2887 2474 2950 2688 aliquem
2885 2735 2948 2955 prodire,

2816 1265 2877 1348 qui
2830 1382 2862 1471 nos
2829 1507 2877 1745 certiores
2814 1781 2877 1946 saciat,
2826 1983 2873 2110 sitne
2826 2146 2872 2237 iam
2809 2275 2856 2365 pro
2822 2401 2864 2592 mortua
2806 2634 2869 2860 lugenda,
2818 2895 2850 2955 an

2750 1264 2799 1428 adhuc
2750 1464 2798 1625 lucem
2749 1662 2796 1822 videat
2731 1856 2794 2053 regina;
2731 2090 2792 2351 timemus,
2743 2403 2775 2466 ne
2741 2514 2788 2679 statim
2724 2715 2785 2953 gemitum

2671 1262 2718 1341 vel
2654 1376 2718 1627 planctum
2669 1664 2716 1740 vel
2652 1775 2716 2021 ploratum
2651 2059 2711 2393 exaudiamus,
2646 2430 2693 2525 quo
2660 2560 2703 2720 actum
2659 2758 2690 2870 esse
2657 2892 2705 2955 de

2591 1261 2639 1342 illa
2576 1379 2638 1710 significetur3
2574 1769 2620 1930 neque
2585 1978 2628 2141 tamen
2584 2188 2631 2474 defunctam
2581 2524 2612 2637 esse
2567 2684 2625 2952 credimus,

2495 1262 2557 1422 quoad
2509 1458 2556 1675 nondum
2508 1715 2555 1878 crines
2506 1907 2556 2136 desectos
2489 2163 2537 2324 neque
2488 2351 2534 2524 aquam
2499 2557 2548 2810 lustralem
2497 2840 2538 2953 ante

2414 1262 2472 1428 portas
2430 1464 2477 1514 in
2429 1545 2476 1789 vestibulo
2411 1815 2474 2024 positam
2425 2062 2456 2176 esse
2410 2205 2471 2454 videmus3
2405 2492 2463 2734 optamus,
2416 2772 2459 2826 ut
2417 2861 2465 2952 ali-

2335 1260 2398 1377 quid
2349 1412 2396 1575 auxilii
2347 1612 2396 1890 etiamnunc
2331 1925 2392 2229 inveniatur3
2342 2268 2392 2451 frustra
2326 2480 2387 2809 precationes,
2336 2845 2385 2951 fru—

2270 1259 2311 1361 stra
2257 1397 2315 1656 sacrificia,
2268 1694 2316 1877 frustra
2264 1914 2310 2220 oraculorum
2260 2260 2308 2643 consultationes
2257 2679 2306 2837 fuisse
2255 2863 2303 2951 do-

2176 1257 2237 1445 lemus;
2174 1494 2220 1692 operam
2189 1741 2229 1792 et
2184 1838 2233 2060 officium
2165 2110 2229 2393 Aesculapii
2163 2446 2228 2816 desideramuS,
2159 2865 2221 2950 qui

2107 1256 2156 1391 solus
2108 1438 2154 1608 duram
2105 1646 2153 1988 necessitatem
2103 2038 2149 2234 vincere
2086 2269 2146 2490 potuerit
2082 2525 2145 2769 vitamque
2093 2815 2127 2949 mor-

2028 1256 2075 1352 tuis
2016 1388 2075 1682 restituere,
2011 1738 2068 2000 antequam
2023 2036 2070 2166 Iovis
2020 2198 2068 2408 fulmine
2004 2446 2065 2794 coliiberetur3
2012 2850 2061 2947 iam

1948 1252 1996 1527 remedium
1948 1564 1996 1802 malorum
1944 1838 1992 2022 nullum
1927 2058 1989 2271 relinqui
1926 2306 1987 2557 videnteS,
1934 2606 1983 2819 animum
1932 2859 1980 2948 de-

1852 1254 1914 1573 spolldemus,
1867 1643 1915 1751 Hos
1862 1801 1912 2075 animorum
1861 2122 1909 2332 affectus
1858 2382 1901 2577 caterva
1855 2612 1903 2789 civium
1838 2829 1885 2945 pro-

1774 1251 1834 1459 nuntiat,
1770 1498 1833 1608 qui,
1769 1648 1831 1778 regis
1782 1822 1830 2069 mitissimi
1763 2108 1827 2542 benignissimique
1776 2584 1808 2751 amore
1759 2794 1821 2946 ducti,

1706 1252 1755 1384 illius
1705 1422 1753 1698 calamitate
1704 1733 1735 1829 non
1702 1866 1749 2019 levius
1685 2058 1731 2199 quam
1683 2238 1745 2345 ipse
1696 2381 1738 2651 moventur.

1626 1384 1674 1557 Altero
1624 1592 1665 1705 actu
1623 1743 1671 1825 illa
1608 1864 1667 2051 omnia,
1604 2103 1650 2227 quae
1618 2274 1665 2351 vel
1600 2388 1663 2625 suspicati
1613 2663 1647 2831 sumus
1611 2867 1659 2944 vel

1529 1251 1591 1665 exspectavimuS,
1527 1700 1587 1984 praesentia
1534 2020 1586 2333 exhibentur.
1536 2407 1584 2471 Et
1519 2497 1582 2710 primum
1518 2740 1580 2943 quidem

1465 1249 1512 1436 famula
1447 1471 1511 1668 prodit,
1447 1723 1493 1879 quae,
1442 1917 1499 2180 postquam
1455 2218 1503 2435 Alcestin
1440 2473 1486 2674 pronam
1453 2712 1499 2772 ad
1452 2809 1483 2941 mor-

1384 1246 1426 1349 tem
1383 1386 1415 1499 esse
1380 1535 1430 1794 lacrimans
1366 1830 1425 2099 nuntiavit,
1361 2147 1418 2326 quanta
1374 2373 1421 2518 animi
1360 2553 1421 2799 aequitate
1370 2836 1421 2941 fato

1303 1247 1351 1441 obviam
1290 1477 1349 1609 ierit,
1299 1663 1347 1895 ostendit.
1298 1966 1345 2090 Nam
1298 2127 1343 2208 ubi
1295 2254 1343 2430 adesse
1295 2476 1341 2606 diem
1295 2642 1341 2745 fato
1292 2782 1339 2940 desti-

1222 1247 1265 1410 natam
1207 1465 1267 1692 senserit,
1219 1746 1266 1929 fluviali
1202 1965 1248 2088 aqua
1200 2124 1248 2305 corpus
1215 2342 1262 2561 ablutum
1212 2597 1260 2819 vestibus
1211 2855 1243 2937 re-

1144 1245 1190 1470 centibus
1125 1519 1187 1757 purisque
1137 1810 1185 2046 decenter
1124 2105 1167 2339 ornasse3
1136 2386 1177 2491 tum
1132 2554 1175 2764 stantem
1131 2823 1174 2937 ante

1063 1242 1095 1378 aram
1062 1414 1111 1600 Vestae
1046 1637 1092 1821 orasse,
1059 1860 1099 1913 ut
1057 1950 1103 2155 tutelam
1055 2186 1102 2454 liberorum
1053 2481 1085 2680 suorum
1052 2711 1100 2800 dea
1051 2826 1083 2935 sus-

968 1244 1030 1411 cipere
973 1447 1030 1620 vellet,
966 1671 1022 1816 atque
978 1864 1025 2005 alteri
960 2040 1021 2243 probam
975 2280 1006 2484 uxorein
956 2523 1019 2756 iungere,
972 2792 1019 2936 alteri

886 1242 935 1539 generosum
888 1575 946 1819 maritum,
882 1859 944 2072 denique
883 2108 926 2296 curare,
883 2336 925 2412 ne,
893 2449 940 2579 sicut
878 2605 938 2726 ipsa,
892 2763 939 2934 imma-

825 1242 865 1352 tura
823 1386 865 1547 morte
804 1583 868 1977 absumerentur,
815 2014 862 2101 sed
815 2139 861 2271 beati
815 2306 861 2354 in
797 2391 859 2546 patria
813 2584 859 2733 vitam
796 2764 859 2931 exple-

743 1241 788 1355 rent
738 1389 791 1669 iucundam.
737 1724 786 1864 ‹ltem
719 1902 782 2138 deinceps
720 2162 781 2374 reliquas
733 2405 764 2514 aras
722 2543 779 2722 adisse,
716 2761 779 2930 singu-

663 1242 713 1316 las
662 1349 709 1495 ramis
645 1531 706 1739 myrteis
641 1776 703 2019 cinxisse,
653 2070 700 2119 in
639 2156 702 2356 siugulis
637 2392 684 2567 preces
652 2605 701 2790 secisse
652 2826 698 2930 sine
