5010 3336
2430 3277 2460 3330 mo

2493 3276 2539 3317 lli-

2596 3327 2620 3331 ‘.
2587 3277 2620 3307 ῐυ·

3310 3272 3344 3325 Ἶῐῖ

1159 2135 1213 2252 293

1305 2885 1354 3012 Tum
1304 2788 1351 2849 de
1303 2502 1367 2754 puniendis
1303 2249 1350 2467 hostibus
1301 1918 1360 2212 deliberant.
1315 1786 1362 1881 quo
1300 1703 1348 1753 in
1299 1471 1364 1669 negotio
1314 1371 1347 1449 ca-

1385 2841 1433 3013 lidiora
1383 2500 1446 2806 Neoptolemi
1381 2265 1430 2464 consilia
1396 2206 1426 2233 a
1380 2025 1426 2171 Peleo
1380 1635 1442 1989 improbantur:

1460 2824 1511 2883 τὸ
1464 2607 1525 2789 γῆρας,
1453 2529 1510 2569 ὦ
1462 2388 1519 2495 παῖ,
1459 2248 1507 2353 τῶν
1454 1950 1518 2217 νεωτέρων
1458 1707 1521 1917 φρενῶν

1541 2577 1604 2881 σοφώτερον
1538 2346 1602 2544 πέφυκε
1535 1880 1602 2314 κᾶσφαλέστερον,

1617 2646 1683 2880 ἐμπειρία
1636 2562 1670 2614 τε
1622 2438 1685 2529 τῆς
1618 2171 1679 2405 ἀπειρίας
1620 1951 1680 2138 κρατεῖ.

1700 2846 1748 3015 Placet
1702 2650 1762 2812 igitur,
1706 2563 1746 2615 ut
1704 2338 1762 2530 tempus
1699 1900 1759 2302 occasionemque
1698 1560 1756 1865 exspectent,
1711 1366 1756 1523 neque

1781 2953 1826 3015 ad
1780 2571 1843 2919 aggrediendos
1778 2370 1824 2538 hostes
1778 2171 1824 2334 statim
1777 1756 1839 2135 proficiscantur.
1772 1485 1819 1688 Mutatis
1774 1367 1834 1455 igi-

1863 2931 1906 3014 tur
1860 2648 1915 2886 vestibus,
1872 2542 1903 2601 ne
1861 2178 1920 2495 agnoscatur,
1855 1774 1917 2125 Neoptolemus
1868 1632 1899 1738 cum
1852 1449 1899 1596 Peleo
1852 1366 1897 1415 in

1944 2878 1984 3015 antro
1939 2664 1999 2841 degere
1936 2353 1997 2630 victumque
1951 2246 1981 2305 ex
1935 1954 1980 2203 venatione
1948 1678 1995 1910 quaerere
1930 1366 1978 1630 constituit.

2016 2922 2062 3016 IIis
2015 2604 2077 2886 compositis
2015 2521 2062 2569 in
2014 2205 2076 2484 speluncam
2013 1955 2072 2179 redeunt,
2018 1868 2060 1919 et
2011 1528 2075 1847 interponitur
2009 1365 2055 1502 chori

2110 2826 2143 3016 carmen
2094 2568 2144 2790 alterum.

2174 2726 2237 2889 Pergit
2174 2645 2222 2693 in
2190 2447 2222 2611 rerum
2176 2287 2221 2411 serie
2174 1970 2237 2253 exponenda
2172 1769 2235 1934 Dictys
2172 1588 2218 1724 hisce
2169 1367 2217 1555 verbis:

2252 2715 2313 3020 „Consilium
2254 2371 2316 2680 aggrediendi
2254 2187 2301 2339 hostis
2254 2030 2299 2151 inire
2252 1816 2313 1993 coepit,
2266 1632 2311 1778 quum
2250 1477 2296 1607 forte
2263 1366 2295 1447 co-

2333 2833 2394 3023 gnoscit
2332 2677 2379 2802 filios
2334 2460 2391 2641 Acasti,
2332 2076 2395 2403 Menalippum
2338 1988 2378 2037 et
2331 1633 2386 1955 Plisthenem,
2331 1364 2374 1587 venatum

2411 2747 2471 3019 profectos,
2411 2459 2458 2711 devenisse
2410 2365 2457 2425 ad
2428 2274 2458 2329 ea
2412 2115 2458 2237 loca.
2410 1881 2471 2047 ltaque
2414 1667 2455 1847 mutata
2412 1496 2453 1631 veste
2406 1364 2451 1462 Iol-

2490 2890 2537 3017 cium
2490 2626 2536 2853 simulans
2490 2339 2536 2590 iuvenibus
2491 2158 2537 2303 offert
2506 1982 2548 2122 sese,
2488 1702 2549 1927 eisque
2485 1366 2548 1650 cupitum

2570 2916 2615 3016 sui
2569 2528 2615 2873 interitum
2569 2258 2619 2480 refert.
2569 2102 2616 2176 Ob
2584 1926 2630 2048 quae
2568 1693 2613 1881 iunctus
2565 1568 2612 1645 his
2565 1485 2610 1532 in
2579 1367 2610 1448 ve-

2647 2846 2705 3020 nando,
2648 2728 2694 2810 ubi
2663 2486 2694 2704 seorsum
2649 2394 2694 2453 ab
2648 2187 2694 2363 ceteris
2647 1818 2709 2152 Menalippum
2645 1644 2701 1791 videt,
2639 1366 2705 1624 eum(que)

2731 2972 2774 3019 et
2726 2777 2787 2937 paullo
2731 2632 2788 2741 post
2726 2395 2772 2599 fratrem
2726 2254 2773 2358 eius
2727 1975 2772 2219 insecutus
2723 1656 2770 1939 interficit.”

2805 2732 2852 2892 Finito
2805 2562 2851 2697 chori
2805 2316 2851 2525 carmine
2804 1908 2867 2282 Neoptolemum
2807 1673 2849 1857 mutata
2804 1465 2859 1629 veste,
2803 1366 2846 1419 ut

2883 2848 2931 3021 Iolcius
2899 2701 2930 2812 esse
2882 2422 2942 2681 videretur,
2883 2145 2945 2386 prodiisse
2882 1845 2928 2115 statuimus.
2881 1681 2941 1777 Qui
2896 1491 2941 1657 quum,
2878 1366 2925 1459 Pe-

2962 2945 3010 3023 leo
2977 2742 3009 2909 somno
2962 2408 3023 2707 quiescente,
2968 2147 3008 2370 venatum
2962 1979 3007 2111 exire
2959 1781 3019 1945 vellet,
2959 1553 3014 1744 accidit,
2960 1462 3005 1517 ut
2972 1366 3004 1444 re-

3041 2951 3105 3023 gis
3041 2812 3099 2917 filii,
3057 2633 3102 2776 quum
3039 2464 3087 2594 forte
3042 2386 3087 2431 in
3041 2176 3087 2351 iisdem
3040 2021 3086 2141 locis
3044 1679 3094 1986 venarentur,
3036 1365 3099 1642 conspectis

3122 2865 3171 3023 nautis
3120 2544 3183 2817 naufragis,
3120 2434 3165 2494 ad
3120 2299 3166 2388 hos
3119 1962 3166 2251 accederent
3117 1591 3179 1917 cognoscendi
3115 1367 3179 1545 cupidi,

3202 2830 3263 3023 quinam
3204 2646 3245 2809 essent
3199 2528 3261 2622 ipsi
3204 2446 3245 2495 et
3214 2190 3259 2422 quaenam
3214 2055 3244 2161 sors
3197 1712 3259 2037 Neoptolemi,
3212 1542 3258 1684 quem
3193 1366 3241 1513 modo

3296 2995 3326 3022 a
3278 2637 3325 2959 Molossorum
3280 2444 3334 2598 terra,
3278 2196 3323 2397 refectis
3276 1928 3333 2148 navibuS,
3277 1826 3322 1874 in
3276 1628 3322 1777 altum
3279 1367 3321 1591 evectum

3373 2910 3405 3021 esse
3356 2732 3402 2876 fando
3355 2377 3415 2694 accepissent.
3355 2200 3400 2291 His
3355 1989 3401 2164 Iolcius
3355 1874 3400 1953 ille
3355 1575 3401 1827 simulatus
3354 1482 3399 1530 in
3351 1368 3397 1446 lit-

3442 2914 3483 3022 tore
3435 2673 3481 2879 eiectum
3450 2461 3495 2634 corpus
3433 2115 3494 2421 Neoptolemi
3433 1824 3479 2069 inventum
3449 1762 3478 1788 a
3448 1672 3478 1726 se
3432 1369 3477 1645 humatum-

3531 2927 3577 3022 que
3530 2783 3562 2893 csse
3519 2572 3570 2749 narrat,
3513 2394 3558 2534 simul
3512 2049 3572 2357 tempestatis
3512 1918 3556 2013 vim
3510 1594 3570 1883 naviumque
3524 1369 3571 1569 quassa-

3600 2867 3642 3024 tarum
3593 2561 3650 2832 interitum,
3607 2369 3653 2509 quem
3591 2165 3653 2329 procul
3606 2070 3636 2129 ex
3590 1869 3636 2035 littore
3606 1806 3635 1833 a
3605 1719 3635 1772 se
3594 1369 3650 1683 conspectum

3688 2913 3720 3025 esse
3672 2728 3734 2879 fingit,
3676 2564 3718 2695 tanta
3672 2334 3717 2534 veritate
3676 1902 3730 2298 repraesentans,
3674 1691 3729 1865 quanta
3671 1459 3729 1657 poterat
3668 1370 3723 1426 is,

3752 2944 3813 3024 qui
3766 2680 3813 2909 praesens
3749 2327 3797 2645 interfuisset.
3749 2166 3795 2257 His
3748 1878 3811 2129 expositis,
3764 1696 3808 1842 quum
3762 1605 3793 1659 se
3746 1532 3791 1579 id
3761 1371 3792 1502 cum-

3831 2820 3877 3025 maxime
3846 2641 3891 2785 agere
3830 2379 3886 2605 dixisset,
3834 2292 3874 2340 ut
3830 2132 3874 2255 victu
3828 1891 3874 2095 miseros
3827 1599 3888 1856 naufragos
3826 1370 3872 1565 adiuva-

3915 2928 3967 3025 ret,
3925 2702 3971 2906 eamque
3910 2615 3956 2674 ob
3924 2371 3955 2587 caussam
3913 2120 3953 2339 venatum
3907 2006 3963 2091 ire,
3906 1916 3952 1974 ad
3907 1564 3952 1886 communiter
3920 1371 3951 1536 secum

3989 2760 4035 3027 venandum
3989 2667 4034 2724 ab
3987 2240 4034 2631 adolescentibus
3986 1976 4032 2205 invitatur
3992 1875 4031 1925 et
4002 1715 4032 1823 cum
3985 1586 4031 1662 his
4000 1517 4030 1545 e
3999 1375 4029 1482 con-

4071 2852 4129 3024 spectu
4067 2694 4122 2818 abit,
4073 2520 4113 2657 antea
4071 2306 4122 2486 tamen,
4064 2005 4128 2270 paullulum
4064 1663 4122 1968 subsistens,
4063 1564 4110 1627 de
4062 1372 4109 1529 consi»

4146 2961 4193 3027 lio
4160 2839 4192 2926 suo
4146 2562 4192 2805 theatrum
4146 2332 4194 2521 edocet.

4222 2567 4285 2897 Interponitur
4224 2333 4272 2533 tertium
4223 2159 4271 2296 chori
4238 1903 4274 2111 carmen.
4224 1725 4283 1834 Quo
4221 1512 4278 1678 finito,
4222 1373 4265 1468 sta-

4302 2940 4351 3025 tim
4300 2541 4365 2906 Neoptolemus,
4320 2451 4351 2505 re
4303 2203 4352 2417 feliciter
4308 2032 4367 2171 gesta
4302 1625 4365 1999 interfectisque
4298 1462 4360 1591 regis
4297 1373 4343 1431 fi-
