5010 3336
3837 2172 3894 2293 348

3709 1398 3756 1622 certatim
3690 1659 3756 1905 Euripidis
3702 1956 3753 2119 drama
3697 2154 3747 2400 imitantes
3693 2435 3744 2698 liberorum
3685 2736 3737 2931 caedem
3682 2966 3714 3048 re-

3615 1394 3670 1797 praesentarunt:
3610 1844 3656 1937 quo
3623 1984 3671 2031 in
3605 2079 3652 2261 genere
3616 2297 3664 2567 clarissima
3611 2618 3661 2713 fuit
3603 2746 3658 3049 Timomachi

3535 1393 3597 1582 pictura
3533 1620 3595 1696 ²³²),
3546 1742 3593 1878 cuius
3544 1914 3592 2017 laus
3524 2055 3581 2243 septem
3523 2281 3584 2704 epigrammatibus
3514 2741 3574 3049 praedicatur

3470 1391 3518 1442 in
3466 1477 3517 1913 IacobsiiAnthol.
3463 1950 3513 2007 T.
3461 2043 3510 2099 Il.
3444 2146 3490 2191 p.
3459 2229 3504 2324 667
3440 2360 3489 2494 seqq.
3454 2534 3502 2616 lib.
3449 2654 3499 2735 1V.
3447 2787 3480 2830 n.
3446 2882 3492 3048 1:35-

3389 1392 3436 1502 141.
3389 1548 3437 1606 T.
3385 1656 3435 1692 Ι.
3386 1747 3417 1791 n.
3385 1827 3430 1936 354.
3366 1982 3412 2030 p.
3381 2066 3426 2177 408.
3376 2248 3426 2433 Confer
3373 2478 3421 2624 etiam
3363 2670 3419 2938 Lucianum
3364 2986 3412 3049 de

3309 1388 3359 1534 domo
3306 1569 3350 1689 extr.
3306 1727 3348 1778 et
3302 1811 3354 2041 Philostr.
3299 2084 3349 2205 Stat.
3295 2243 3347 2511 Callistrati
3292 2548 3336 2667 extr.

2971 1823 3024 1891 B.
2928 1977 3022 2579 Philoctetes

2836 1510 2886 1685 Totius
2815 1743 2881 1931 prologi
2812 1977 2876 2299 paraphrasin
2824 2347 2872 2438 Dio
2805 2478 2870 2861 chrysostomus
2814 2910 2864 3044 dedit

2757 1381 2805 1600 oratione
2755 1634 2803 1736 LII.
2752 1796 2800 1869 Ab
2750 1914 2797 2085 eodem
2748 2126 2795 2186 de
2732 2212 2793 2399 reliquo
2740 2424 2792 2617 fabulae
2723 2644 2779 2925 argumento
2735 2954 2782 3041 de-

2662 1378 2708 1472 que
2674 1508 2724 1754 voluntate
2655 1783 2721 2035 Euripidis
2653 2067 2710 2214 atque
2664 2249 2713 2469 instituto
2660 2504 2708 2655 multa
2658 2690 2700 2737 et
2642 2770 2703 2931 gravi³
2655 2953 2702 3041 do-

2595 1376 2629 1557 cemur.
2594 1627 2641 1701 Ad
2591 1748 2633 1970 nostrum
2572 2015 2633 2233 respexit
2584 2282 2631 2426 etiam
2565 2462 2630 2685 Hyginus
2577 2735 2609 2775 c.
2576 2812 2622 2907 102
2561 2942 2624 3038 **).

2515 1374 2565 1611 Eiusdem
2497 1672 2559 1977 tragoediam
2506 2035 2556 2268 imitando
2505 2316 2551 2376 ad
2500 2425 2551 2669 Romanos
2494 2725 2542 3040 transtulerat

2433 1370 2484 1553 Attius.

2354 1505 2403 1719 Primum
2337 1779 2399 1927 igitur
2331 1970 2395 2158 prologi
2328 2206 2391 2526 paraphrasin
2336 2574 2387 2908 exhibebimus
2320 2954 2382 3037 ita,

2265 1370 2319 1452 ut,
2275 1501 2323 1656 sicubi
2256 1704 2320 1811 ipsa
2252 1847 2317 2097 Euripidis
2266 2144 2312 2290 verba
2262 2335 2305 2522 servata
2250 2569 2301 2738 erunt,
2255 2790 2304 2914 haec
2238 2947 2285 3037 pro

2181 1371 2245 1711 Chrysostomi
2188 1748 2237 2113 substituamus.
2185 2185 2233 2289 Nec
2183 2324 2230 2481 minus
2179 2515 2226 2752 versionis
2176 2780 2222 2902 Attii
2174 2938 2222 3035 fra-

2101 1367 2158 1563 gmenta
2109 1599 2161 1957 adscribemus.
2109 2023 2155 2073 In
2091 2101 2154 2205 ipsa
2105 2226 2146 2387 autem
2087 2405 2148 2688 paraphrasi
2084 2715 2145 2862 siqua
2094 2889 2127 3033 voca-

2037 1366 2084 1479 bula
2036 1517 2066 1576 ex
2021 1610 2079 1826 genuinis
2030 1854 2073 2046 retenta
2028 2081 2059 2191 esse
2010 2225 2072 2529 videbuntur,
2017 2565 2068 2836 litterarum
2014 2871 2064 3034 inter-

1957 1365 2003 1504 vallis
1938 1541 2001 1907 distinguemus.

1874 1495 1924 1669 Prodit
1858 1713 1922 1860 igitur
1856 1906 1919 2115 Ulysses
1866 2162 1916 2319 forma
1850 2366 1897 2456 per
1845 2496 1913 2794 Minervam,
1856 2840 1887 2902 ne
1853 2948 1885 3029 co-

1779 1362 1835 1699 gnosceretur,
1791 1737 1834 1950 mutata:

1698 1502 1763 1799 Φοβοῦμαι,
1694 1829 1760 1899 μή
1710 1924 1743 2050 ποτε
1692 2079 1757 2249 μάτην
1706 2283 1754 2396 κατ’
1689 2427 1757 2559 ἐμοῦ
1687 2590 1749 2799 φανῶσι
1676 2834 1744 3031 ταύτην

1634 1363 1685 1417 οἱ
1617 1463 1684 1721 σύμμαχοι
1615 1771 1684 1868 τὴν
1617 1917 1678 2075 δόξαν
1610 2122 1676 2414 εἰληφότες,
1612 2460 1673 2529 ὡς
1605 2573 1671 2789 ἀρίστου
1597 2833 1667 2897 δὴ
1609 2943 1660 3030 καὶ

1536 1361 1601 1675 σοφωτάτου
1550 1711 1599 1817 τῶν
1531 1845 1605 2127 Ἑλλήνων

1459 1489 1518 1633 ,πῶς
1470 1671 1520 1717 δ’
1468 1753 1520 1820 ἂν
1450 1856 1515 2138 φρονοίην,
1449 2176 1525 2216 ᾧ
1445 2252 1509 2430 παρῆν
1441 2465 1512 2834 ἀπραγμόνως,

1389 1487 1440 1545 ἐν
1389 1579 1436 1715 τοῖσι
1376 1749 1434 1965 πολλοῖς
1364 1999 1435 2343 ἠριθμημένῳ
1364 2386 1423 2634 στρατοῦ,

1309 1486 1359 1606 ἴσον
1291 1641 1351 1915 μετασχεῖν
1288 1949 1347 2020 τῷ
1284 2057 1351 2347 σοφωτάτῳ
1284 2381 1349 2569 τύχης,·

1227 1483 1279 1642 οὐδὲν
1212 1675 1277 1776 γὰρ
1223 1814 1276 1952 οὕτω
1206 1988 1266 2193 γαῦρον
1210 2234 1271 2303 ὠς
1203 2338 1271 2471 ἀνὴρ
1202 2507 1269 2635 ἔφυ·

1076 1423 1129 1464 *)
1087 1495 1129 1720 Plutarch.
1085 1754 1125 1807 de
1084 1839 1124 1941 aud.
1069 1974 1118 2090 poet.
1080 2123 1107 2159 c.
1080 2188 1122 2229 3.
1066 2258 1105 2299 p.
1079 2331 1120 2409 18:
1063 2464 1119 2689 γράφουσι
1075 2720 1118 2769 δὲ
1072 2798 1116 2873 καὶ
1055 2900 1113 3022 πρά-

1008 1491 1060 1579 ξεις
1007 1610 1061 1814 α’τόπους
1002 1852 1057 1987 ἔνιοι,
994 2024 1053 2238 καθάπερ
995 2283 1054 2540 Τιμόμαχος
992 2578 1050 2661 τὴν
991 2699 1043 2911 Μηδείας
997 2946 1025 3020 τε-

944 1489 986 1770 κνοκτονίαν.

866 1378 920 1459 a“i)
868 1489 918 1645 „Tunc
860 1684 916 1988 Agamemnon
857 2030 912 2236 Ulyssem
868 2265 906 2308 et
867 2336 909 2597 Diomedem
852 2632 903 2931 exploratores
859 2961 898 3018 ad

808 1485 834 1585 eum
804 1624 846 1762 misit:
802 1812 842 1884 cui
787 1923 835 2257 persuaserunt,
799 2301 832 2346 ut
797 2386 838 2429 in
782 2460 837 2653 gratiam
789 2698 832 2861 rediret
789 2888 825 2930 et
788 2960 827 3016 ad

722 1485 774 1827 expugnandam
729 1857 772 2042 Troiam
727 2073 769 2236 auxilio
715 2275 764 2413 esset,
711 2457 752 2645 eumque
719 2683 748 2832 secum
716 2873 754 3015 sustu-

666 1482 707 1667 lerunt.'’
