5010 3336
957 2155 1009 2230 27

1111 2849 1161 3009 fabula
1106 2471 1157 2805 vehementius
1099 2067 1150 2423 miserationem
1100 1799 1154 2018 moveat,
1099 1616 1142 1745 tanto
1091 1366 1140 1580 cumula-

1193 2917 1240 3013 tius
1205 2775 1238 2882 eam
1184 2468 1250 2742 tragoediae
1178 2248 1242 2435 legibus
1176 1924 1239 2223 respondere
1174 1643 1237 1903 opinantiS.
1170 1364 1220 1594 Ceterum

1269 2767 1318 3012 tristitiam
1268 2344 1330 2733 argumentorum
1258 2274 1306 2315 si
1255 1995 1318 2248 respicias,
1252 1862 1300 1960 duo
1251 1568 1299 1835 dramatum
1264 1360 1312 1538 genera

1349 2713 1410 3011 distinguere
1342 2458 1409 2666 poteriS,
1352 2203 1401 2407 quorum
1336 1953 1382 2157 alterum
1349 1877 1379 1904 a
1331 1568 1378 1845 tristissima
1344 1360 1376 1525 rerum

1427 2729 1475 3006 conditione
1425 2626 1470 2685 ad
1420 2330 1468 2581 laetiorem
1412 2035 1478 2286 procedit,
1427 1844 1474 1990 quum
1425 1734 1457 1794 ex
1410 1560 1473 1691 gravi
1408 1359 1469 1518 aliquo

1506 2728 1554 3008 discrimine
1502 2489 1550 2707 homines
1514 2380 1562 2469 per
1496 2218 1554 2357 mala,
1509 2106 1556 2195 per
1491 1768 1540 2082 difficultates
1494 1593 1550 1738 atque
1486 1355 1550 1571 pericula

1602 2920 1634 3006 seu
1587 2709 1633 2887 virtute
1597 2588 1628 2675 seu
1577 2303 1643 2555 prudentia
1590 2181 1621 2267 seu
1577 1941 1633 2147 utraque
1569 1607 1626 1906 eluctemur,
1566 1354 1613 1563 alterum

1683 2979 1712 3006 a
1662 2667 1712 2934 minoribus
1660 2493 1707 2631 malis
1656 2399 1705 2459 ad
1654 2183 1702 2365 maiora
1650 1886 1708 2133 ascendit,
1663 1695 1710 1842 quum
1644 1352 1709 1661 impatientes

1743 2754 1791 3005 molestiae
1737 2519 1787 2719 alicuius
1735 2238 1793 2486 homines,
1732 2089 1779 2203 dum
1746 1999 1778 2053 se
1729 1759 1776 1966 liberare
1727 1498 1781 1725 student,
1724 1350 1770 1452 sive

1825 2906 1871 3005 irae
1822 2769 1870 2871 sive
1818 2551 1868 2737 libidini
1819 2261 1880 2517 parentes,
1813 2167 1859 2213 in
1810 1868 1874 2132 perniciem
1823 1780 1854 1834 se
1806 1526 1868 1745 aliosque
1819 1349 1868 1495 prae-

1903 2768 1966 3002 cipitent,
1904 2634 1947 2718 aut
1914 2440 1960 2585 quum
1892 2154 1941 2391 malorum
1906 2048 1937 2106 ex
1887 1787 1952 2002 pristinis
1885 1607 1933 1739 vitiis
1889 1347 1933 1573 natorum

1981 2720 2046 3004 pridemque
1981 2290 2042 2687 praeparatorum
1972 2186 2018 2256 vis
1973 1949 2033 2151 repente
1980 1591 2031 1917 prorumpens
1964 1346 2012 1569 trahens-

2077 2906 2123 3001 que
2060 2780 2108 2857 vel
2059 2560 2107 2733 domus
2055 2209 2115 2521 familiaeque
2049 2088 2098 2165 vel
2048 1904 2112 2045 regni
2046 1592 2111 1857 populique
2042 1346 2091 1535 ruinam

2145 2834 2188 2998 sontes
2137 2584 2203 2787 perinde
2139 2391 2198 2534 atque
2135 2135 2181 2348 insontes
2129 1832 2193 2086 opprimat.
2124 1579 2172 1757 Prioris
2122 1344 2185 1536 generis

2226 2923 2269 2998 est
2219 2695 2266 2890 Rhesus
2214 2468 2274 2658 fabula,
2214 2356 2261 2434 cui
2211 2070 2276 2324 prologum
2210 1933 2255 2034 eius
2205 1679 2268 1898 generis,
2203 1496 2249 1632 cuius
2200 1342 2257 1460 dixi,

2299 2675 2362 2998 praemissum
2295 2460 2353 2639 fuisse,
2292 2332 2341 2424 nisi
2307 2237 2338 2298 ex
2290 2100 2336 2203 aliis
2286 1874 2334 2063 indiciis
2282 1555 2331 1838 certissimis
2280 1339 2328 1519 intelli-

2383 2766 2439 2995 geretur,
2374 2640 2423 2720 vel
2389 2532 2421 2593 ex
2374 2408 2419 2499 hac
2369 2131 2418 2371 communi
2365 1743 2427 2098 tragoediarum
2360 1458 2423 1711 Euripidis
2375 1340 2407 1425 na-

2463 2884 2505 2995 tura
2455 2676 2502 2850 coniici
2457 2457 2516 2642 posset.
2451 2260 2513 2390 Ergo
2447 2075 2511 2212 quasi
2443 1797 2507 2032 quaedam
2440 1569 2488 1762 victima
2440 1338 2487 1535 Rhesus

2536 2947 2583 2994 in
2539 2741 2582 2899 castra
2532 2369 2580 2693 Troianorum
2527 2040 2583 2323 adducitur,
2520 1667 2569 1988 immolandus
2536 1594 2565 1620 a
2518 1336 2575 1557 Graecis,

2614 2858 2662 2992 cuius
2615 2655 2675 2832 quanto
2608 2341 2658 2630 cumulatius
2606 2173 2671 2323 gloria
2601 1839 2660 2156 fortitudinis,
2599 1529 2658 1813 nobilitatis,
2614 1336 2660 1501 opum,

2708 2827 2742 2991 rerum
2692 2579 2754 2792 denique
2693 2301 2754 2545 gestarum
2690 2039 2747 2265 augetur,
2686 1856 2729 1990 tanto
2681 1577 2729 1810 maiorem
2676 1334 2735 1531 Graeci,

2789 2933 2821 2990 eo
2772 2677 2829 2897 sublato,
2786 2565 2817 2625 ex
2768 2387 2816 2532 rebus
2764 2076 2828 2352 desperatis
2761 1756 2809 2044 felicitatem
2757 1494 2821 1720 adepturi
2760 1332 2805 1461 sunt.

2849 2684 2899 2858 Prodit
2850 2554 2896 2649 iam
2848 2470 2894 2520 in
2861 2241 2894 2434 scenam
2842 1982 2901 2203 Rhesus,
2840 1775 2888 1936 aureis
2839 1584 2886 1731 armis
2837 1331 2884 1548 radiante

2947 2754 2996 2987 corpore,
2930 2502 2991 2705 strepitu
2922 2030 2973 2455 tintinnabulorum
2920 1921 2968 1982 de
2921 1713 2982 1886 clypeo
2932 1330 2981 1677 suspensorum

3016 2735 3073 2985 stuporem
3009 2457 3066 2700 iniiciens,
3004 2256 3052 2406 Marti
3003 2118 3065 2211 ipsi
3000 1904 3048 2086 iudicio
2998 1731 3046 1869 chori
2995 1330 3059 1696 comparandus.

3092 2896 3139 2984 Cui
3090 2683 3136 2869 Hector
3103 2563 3134 2657 uon
3086 2378 3133 2534 solum
3085 2126 3147 2351 ingenue,
3080 2002 3128 2090 sed
3080 1823 3127 1967 etiam
3094 1614 3141 1788 aspere
3082 1445 3138 1589 atque
3077 1329 3122 1417 im-

3175 2775 3234 2983 portune
3166 2438 3229 2728 exprobrat,
3162 2237 3227 2391 quod,
3161 1975 3225 2188 quamvis
3159 1780 3207 1940 multis
3158 1680 3204 1743 sit
3156 1327 3219 1646 legationibus

3248 2744 3309 2981 donisque
3245 2430 3302 2712 arcessitus,
3258 2238 3304 2395 neque
3240 2001 3303 2205 gratiam
3228 1728 3296 1968 beneficii,
3235 1564 3299 1694 quod
3236 1471 3283 1529 ab
3236 1326 3299 1435 ipso

3329 2791 3375 2981 adiutus
3339 2561 3388 2763 regnum
3324 2292 3370 2535 Thracum
3319 1987 3375 2261 obtinuerit,
3317 1745 3374 1951 referre,
3331 1552 3377 1711 neque
3314 1325 3377 1526 propin-

3407 2783 3470 2979 quitatis
3404 2581 3451 2758 officiis
3402 2278 3449 2559 satisfacere
3398 2002 3455 2250 curaverit,
3396 1898 3442 1983 sed
3396 1660 3456 1880 neglecto
3395 1325 3441 1646 Troianorum

3485 2763 3551 2979 periculo
3482 2412 3547 2738 potationibus
3480 2198 3527 2389 interim
3478 2008 3536 2169 (more
3474 1711 3533 1981 Thracum)
3490 1621 3520 1674 se
3472 1321 3531 1591 delectarit,

3564 2752 3615 2977 Troianis
3567 2527 3610 2716 aestum
3561 2238 3624 2493 frigusque
3555 1910 3621 2203 patientibus
3570 1818 3601 1874 ac
3554 1640 3600 1783 morti
3569 1560 3599 1614 se
3553 1320 3600 1531 offeren-

3648 2831 3703 2978 tibus,
3659 2706 3692 2796 nec
3644 2511 3706 2672 priuS,
3655 2321 3703 2464 quam
3637 2159 3686 2286 bello
3637 2033 3682 2124 iam
3651 1841 3698 1995 paene
3634 1651 3693 1807 finito,
3632 1437 3679 1615 auxilio
3648 1319 3680 1402 ve—

3727 2864 3773 2973 niat.
3723 2651 3770 2775 Cum
3721 2376 3769 2606 Hectoris
3716 1969 3781 2332 importunitate
3713 1765 3761 1919 Rhesi
3712 1518 3760 1704 ferocia
3717 1316 3774 1463 atque

3806 2794 3853 2972 fiducia
3806 2577 3850 2748 certat.
3800 2400 3860 2495 Qui
3804 2104 3863 2361 postquam
3794 1777 3842 2055 tarditatem
3809 1593 3841 1729 suam
3807 1317 3840 1557 excusans

3884 2772 3931 2969 crimina
3882 2584 3939 2743 diluit,
3880 2423 3928 2550 bello
3896 2372 3926 2398 a
3878 2154 3941 2346 Scythis
3875 1993 3922 2123 illato
3889 1914 3921 1968 se
3878 1646 3921 1890 retentum
3888 1507 3919 1618 esse
3876 1315 3919 1482 osten-

3964 2781 4021 2966 dend0,
3976 2640 4009 2734 uno
3961 2524 4008 2606 die
3959 2282 4018 2491 bellum,
3954 2108 4019 2238 quod
3954 1903 4002 2073 decem
3955 1734 4000 1867 annis
3952 1617 3999 1699 ille
3952 1442 3999 1585 finire
3965 1312 3997 1409 non

4043 2722 4106 2963 potuerit,
4056 2631 4089 2686 se
4039 2208 4105 2599 propulsaturum
4050 2063 4082 2173 esse
4038 1753 4088 2030 asseverat,
4037 1663 4079 1712 et
4031 1454 4079 1629 dirutis
4034 1312 4077 1420 tur-

4123 2812 4179 2962 ribus,
4122 2568 4169 2778 incensis
4119 2317 4176 2533 navibus,
4114 2106 4163 2281 deletis
4114 1831 4169 2072 hostibus,
4112 1641 4160 1795 altero
4111 1528 4159 1606 die
4109 1310 4159 1508 domum
