5010 3336
1084 2085 1138 2203 197

1258 2786 1266 2845 --
1246 2561 1290 2717 „nam
1231 2485 1276 2529 si
1245 2418 1275 2450 a
1245 2304 1275 2384 me
1243 2057 1291 2271 regnum
1227 1789 1276 2022 Fortuna
1235 1600 1295 1753 atque
1246 1449 1296 1566 opes

1311 2620 1374 2845 Eripere
1308 2410 1372 2587 quivit,
1314 2317 1354 2371 at
1308 2042 1354 2285 virtutem
1323 1907 1354 2008 non
1307 1690 1371 1873 quiit.’'

1389 2804 1438 2847 εί
1389 2662 1446 2771 τοῖς
1383 2573 1435 2629 ἐν
1384 2412 1450 2539 οἴκῳ
1384 2122 1450 2379 χρήμασιν
1385 1766 1449 2090 λελείμμεθα,

1468 2812 1532 2846 ἦ
1467 2732 1516 2779 δ’
1464 2464 1530 2696 εὐγένεια
1463 2346 1515 2432 καὶ
1464 2254 1514 2311 τὸ
1467 1972 1530 2221 γενναῖον
1464 1787 1530 1939 μένει.

1549 2776 1610 2974 Reliqua
1584 2740 1606 2754 ,
1548 2657 1594 2706 iu
1548 2449 1610 2621 quibus
1547 2354 1593 2413 ab
1547 2145 1593 2319 horum
1547 1855 1594 2109 sententiis
1546 1700 1593 1818 mihi
1546 1318 1595 1665 discedendum

1643 2866 1675 2977 esse
1628 2651 1689 2832 putavi,
1628 2469 1674 2615 rebus
1626 2313 1690 2436 ipsis
1628 2158 1673 2276 satis
1630 1838 1674 2122 excusatum
1627 1754 1673 1814 iri
1641 1569 1688 1730 spero.
1627 1319 1686 1499 Quam-

1707 2791 1765 2978 obrem,
1706 2585 1752 2761 omissa
1705 2343 1767 2559 longiore
1704 1968 1768 2317 disputatione,
1704 1768 1753 1933 statim
1706 1682 1751 1738 ad
1710 1316 1769 1654 argumentum

1786 2783 1834 2977 fabulae
1785 2412 1832 2735 enarrandum
1782 1998 1849 2364 fragmentaque
1783 1816 1848 1944 aptis
1784 1647 1831 1767 locis
1784 1316 1832 1600 collocanda

1865 2780 1913 2978 accedo.

1943 2704 2006 2847 Argis
1947 2558 1991 2669 ante
1944 2376 1991 2523 aedes
1945 1964 2009 2342 Agamemnonis
1958 1848 1990 1928 res
1942 1519 2007 1812 aguntur*).
1940 1314 1991 1483 Prodit

2024 2728 2086 2978 Telephus
2023 2525 2071 2694 habitu
2024 2267 2083 2492 mendici,
2025 2081 2071 2231 miser
2027 1897 2085 2042 atque
2021 1659 2070 1861 claudus
2020 1524 2085 1628 **):

2091 2788 2150 2858 Ὦ
2102 2630 2165 2755 γαῖα
2101 2395 2165 2598 πατρίς,
2101 2294 2166 2362 ἣν
2100 2074 2163 2258 Πέλοψ
2099 1802 2166 2040 ὁρίζεται,

2183 2693 2248 2849 χαῖρ’,
2179 2599 2241 2657 ὅς
2198 2514 2231 2567 τε
2180 2286 2245 2480 πέτρον
2177 1990 2246 2260 Ἀρκάδων
2179 1619 2245 1955 δυςχείμερον

2261 2722 2313 2845 Πὰν
2259 2374 2327 2688 ἐμβατεύεις,
2261 2183 2312 2339 ἔνθεν
2265 1934 2327 2150 εὔχομαι
2261 1736 2325 1903 γένος.

2345 2692 2407 2844 Αὔγη
2341 2555 2406 2657 γὰρ
2340 2342 2391 2522 Ἀλέου
2345 2185 2401 2307 παῖς
2359 2091 2407 2152 με
2344 1986 2411 2059 τῷ
2340 1672 2407 1945 Τιρυνθίῳ

2422 2691 2472 2847 τίκτει
2421 2391 2486 2659 λαθραίως
2414 2098 2486 2368 “Ηρακλεῖ·
2421 1864 2483 2060 ξύνοιδ’
2424 1701 2487 1826 ὄρος

2498 2515 2565 2841 Παρθένιον,
2499 2346 2551 2479 ἔνθα
2502 2138 2566 2313 μητέρ’
2499 1896 2553 2103 ὠδίνων
2499 1730 2567 1861 ἐμὴν

2581 2661 2632 2844 ἔλυσεν
2580 2349 2631 2628 Εἰλείθυια
2585 2217 2647 2322 >
2608 2085 2617 2149 --
2610 1953 2618 2021 -—
2611 1799 2632 1889 —-.

2666 2836 2725 2975 Quae
2663 2567 2726 2802 deinceps
2663 2186 2725 2531 sequebantur,
2666 2026 2710 2152 teste
2661 1724 2723 1992 Strabone,
2661 1566 2708 1688 haec
2657 1314 2705 1535 fuerunt:

2743 2825 2792 2976 Aleus
2757 2676 2802 2791 rex,
2743 2438 2803 2629 cognito
2741 2271 2789 2405 filiae
2747 2041 2806 2237 stupro,
2741 1860 2789 1986 hanc
2758 1716 2789 1826 cum
2738 1498 2787 1682 infante
2737 1312 2784 1464 cistae

2823 2699 2886 2977 impositam
2821 2603 2869 2653 in
2837 2424 2869 2557 mare
2821 2183 2868 2377 abiecit.
2821 1865 2869 2115 Minervae
2824 1658 2868 1820 autem
2815 1311 2880 1613 providentia

2903 2789 2950 2976 factum
2905 2650 2961 2752 est,
2905 2545 2948 2597 ut
2901 2376 2948 2497 cista
2900 2281 2947 2342 ad
2900 2067 2948 2247 ostium
2900 1895 2948 2030 Caici
2901 1814 2948 1863 in
2898 1569 2962 1782 Mysiam
2896 1312 2943 1534 deferre-

2987 2870 3042 2977 tur,
2981 2739 3029 2823 ubi
2997 2606 3028 2694 rex
2980 2313 3028 2561 Teuthras
2980 2018 3027 2263 inventam
2980 1712 3028 1970 mulierem
2993 1553 3025 1663 cum
2972 1310 3039 1519 puerulo

3060 2777 3109 2975 sustulit
3060 2425 3122 2743 servavitque,
3060 2260 3106 2390 illam
3075 2057 3107 2224 secum
3059 1720 3107 2031 matrimonio
3058 1476 3119 1695 iungens,
3055 1310 3101 1443 hunc

3145 2813 3187 2975 autem
3154 2694 3203 2784 pro
3138 2563 3185 2666 filio
3138 2275 3202 2531 adoptans,
3139 1981 3202 2238 eidemque
3144 1780 3203 1954 postea
3152 1554 3200 1756 regnum
3132 1311 3182 1529 moriens

3218 2773 3265 2975 tradidit
3215 2588 3279 2746 ****).
3217 2410 3277 2517 Quo
3223 2141 3280 2376 regnante
3217 1899 3278 2105 Graeci,
3220 1790 3266 1849 ab
3216 1574 3265 1754 Aulide
3210 1311 3278 1543 profecti,

3314 2884 3361 2976 per
3298 2534 3362 2850 ignorantiam
3296 2277 3344 2498 locorum
3298 2193 3343 2241 in
3295 1951 3359 2160 Mysiam
3297 1753 3345 1904 delati
3298 1565 3353 1706 sunt,
3305 1312 3354 1514 eamque

3477 2867 3529 2919 ³i)
3476 2766 3517 2834 Cf.
3475 2552 3517 2726 Welck.
3488 2467 3527 2510 p.
3473 2341 3513 2436 479.
3474 2115 3515 2271 Testes
3477 1977 3515 2077 sunt
3474 1782 3517 1941 Strabo
3474 1699 3516 1754 T.
3474 1627 3515 1663 Ι.
3488 1551 3528 1595 p.
3473 1453 3514 1522 10.
3470 1311 3526 1426 (15.)

3545 2682 3600 2837 Dictys
3545 2602 3598 2659 ΙΙ,
3544 2542 3584 2584 7.
3545 2342 3599 2508 Hygin.
3558 2276 3584 2312 c.
3543 2158 3584 2254 101.

3617 2863 3669 2941 zm)
3615 2612 3669 2834 Aristoph.
3615 2391 3655 2583 Acharn.
3612 2266 3655 2361 428.
3610 2070 3667 2224 χωλός.
3613 1900 3657 2014 Nub.
3612 1773 3654 1870 921.
3611 1545 3669 1737 πτωχός.

3687 2866 3740 2961 **³'*²)
3686 2674 3727 2836 Matth.
3684 2480 3740 2644 fragm.
3684 2365 3725 2449 inc.
3684 2075 3726 2263 XCVIII.
3683 1850 3725 2020 Welck.
3698 1785 3737 1829 p.
3682 1666 3726 1764 480.
3684 1483 3726 1609 Ialm.
3697 1410 3737 1455 p.
3680 1312 3723 1384 20.

3755 2764 3797 2833 Cf.
3754 2569 3811 2733 Hygin.
3769 2499 3795 2536 c.
3755 2313 3796 2467 XCIX.

3827 2859 3880 2971 ****)
3825 2668 3866 2829 Strabo
3825 2521 3877 2638 XIII,
3824 2452 3864 2491 1.
3839 2377 3878 2421 p.
3822 2251 3865 2348 615.
3824 2167 3865 2217 C.
3822 1941 3878 2138 (1341.)=
3820 1652 3881 1908 Εὐριπίδης
3824 1575 3868 1624 δὲ
3821 1479 3868 1559 ὐπ’
3820 1311 3865 1454 Ἀλέου

3894 2706 3949 2831 φησί,
3895 2594 3937 2677 τοῦ
3896 2485 3950 2564 τῆς
3893 2311 3948 2458 Αὔγης
3892 2098 3949 2283 πατρός,
3894 2005 3943 2067 εἰς
3892 1774 3950 1977 λάρνακα
3893 1662 3950 1746 τὴν
3891 1483 3949 1634 Αὔγην
3908 1309 3935 1455 κατα-

3966 2622 4007 2836 τεθεῖσαν
3960 2497 4017 2592 ἅμα
3966 2405 4021 2469 τῷ
3963 2254 4006 2386 παιδὶ
3962 2035 4021 2223 Τηλέφῳ
3968 1586 4020 2015 καταποντωθῆναι,
3962 1310 4020 1556 φωράσαν-

4050 2755 4083 2835 τος
4030 2624 4089 2710 τὴν
4032 2536 4086 2581 ἐξ
4031 2232 4089 2499 Ἡρακλέους
4032 1991 4090 2192 φθοράν.
4035 1745 4091 1934 Ἀθηνᾶς
4035 1656 4079 1705 δὲ
4034 1423 4091 1617 προνοίᾳ
4031 1308 4087 1394 τὴν

4102 2629 4160 2832 λάρνακα
4107 2247 4160 2587 περαιωθεῖσαν
4102 2004 4147 2207 ἐκπεσεῖν
4105 1911 4155 1973 εἰς
4105 1833 4149 1885 τὸ
4104 1658 4162 1801 στόμα
4106 1545 4149 1630 τοῦ
4103 1313 4148 1517 Καΐκου·

4171 2751 4216 2831 τὸν
4173 2672 4217 2721 δὲ
4174 2349 4231 2639 Τεύθραντα,
4172 2026 4231 2317 ἀναλαβόντα
4173 1941 4217 1998 τὰ
4174 1704 4231 1911 σώματα,
4178 1616 4233 1673 τῇ
4173 1508 4231 1588 μὲν
4173 1418 4223 1480 ὥς
4188 1308 4227 1392 γα-

4244 2718 4301 2830 μετῇ
4242 2413 4301 2689 χρήσασθαι,
4246 2321 4303 2384 τῷ
4244 2249 4289 2299 δὲ
4244 2160 4297 2220 ὥς
4244 1978 4291 2143 ἑαυτοῦ
4248 1815 4292 1961 παιδί.
4244 1311 4303 1782 Cf.Hygin.c.xc1x.
