5010 3336
1000 2107 1059 2226 257

1156 2647 1220 2859 Iamque
1150 2265 1201 2612 tumescebant
1147 2056 1195 2232 viciati
1143 1797 1209 2030 pondera
1145 1555 1204 1763 ventris,

1234 2451 1297 2729 Aegraque
1229 2173 1293 2430 furtivum
1226 1916 1272 2139 membra
1225 1627 1288 1878 gravabat
1229 1420 1273 1590 onus.’'

1316 2854 1364 2991 Haec
1314 2727 1361 2810 ille
1328 2593 1360 2680 sua
1312 2357 1358 2545 ratione
1307 2252 1353 2322 sic
1305 1955 1351 2218 exornavit.
1305 1605 1350 1886 Accuratius
1305 1463 1351 1568 sine
1303 1340 1350 1429 du-

1396 2910 1443 2987 bio
1392 2627 1453 2876 Euripidis
1388 2375 1450 2578 vestigia
1383 2025 1444 2328 Antiphanes
1382 1773 1428 1989 comicus
1382 1692 1427 1739 in
1383 1505 1431 1655 Aeolo
1383 1337 1445 1470 lege-

1479 2898 1533 2989 rat,
1473 2727 1519 2861 cuius
1484 2523 1516 2690 versus
1464 2282 1513 2487 servavit
1462 1972 1509 2250 Athenaeus
1459 1876 1507 1935 X.
1476 1791 1521 1840 p.
1461 1633 1506 1754 444:

1547 2557 1611 2859 ManaQezjg,
1542 2372 1605 2523 ἔρωτι
1541 2232 1589 2337 τῶν
1538 1880 1602 2197 ὁμοσπόρων
1542 1726 1600 1843 μιᾶς

1626 2636 1692 2860 πληγείς,
1622 2475 1681 2600 τέως
1620 2347 1685 2441 μὲν
1618 2048 1679 2312 ἐπεκράτει
1620 1926 1683 2015 τῆς
1620 1613 1684 1890 συμφορᾶς

1704 2665 1770 2861 κατεῖχέ
1704 2579 1753 2632 θ’
1700 2352 1752 2541 αὐτόν·
1694 2172 1749 2315 εἶτα
1696 1731 1761 2137 παραλαβών
1711 1533 1744 1686 ποτε

1781 2664 1836 2856 οἶνον
1779 2218 1845 2629 στρατηγόν,
1778 2112 1836 2169 ὃς
1778 1918 1841 2078 μόνος
1778 1667 1840 1885 θνητοῖς
1776 1523 1838 1633 ἄγει

1862 2764 1929 2860 τὴν
1863 2536 1926 2732 τόλμαν
1860 2431 1919 2501 εἰς
1858 2339 1909 2397 τὸ
1858 2104 1922 2305 πρόσθε
1860 1980 1923 2070 τῆς
1854 1654 1920 1945 εὐβουλίας,

1944 2601 2006 2859 νύκτωρ
1938 2258 1997 2553 ἀναστὰς
1936 1983 2001 2211 ἔτυχεν
1926 1862 1985 1947 ὧν
1933 1466 2000 1816 ἠβούλετο.

2048 3276 2091 3329 ψ’
2025 2895 2071 2990 lam
2031 2683 2072 2846 autem
2029 2468 2087 2634 partus
2022 2275 2067 2421 instat
2019 2003 2080 2228 virginis:
2033 1861 2078 1955 qua
2017 1750 2063 1812 de
2031 1648 2062 1704 re
2012 1334 2061 1602 audiendus

2128 3290 2169 3331 'rf-
2119 2822 2152 2991 rursus
2104 2656 2150 2785 idem
2102 2387 2149 2618 Ovidius:

2182 2712 2242 2861 „Iam
2182 2508 2229 2679 novies
2185 2362 2227 2472 erat
2184 2212 2225 2322 orta
2193 2039 2224 2177 soror
2175 1700 2240 2013 pulcerrima
2174 1460 2232 1663 Plzoebi,

2261 2473 2324 2726 Denaque
2260 2197 2320 2436 luciferos
2254 2010 2301 2160 Luna
2254 1747 2301 1975 movebat
2269 1548 2317 1707 equos.

2338 2643 2398 2853 Nescia,
2355 2476 2403 2606 quae
2340 2247 2398 2453 faceret
2335 2027 2381 2214 subitos
2334 1868 2380 1993 milii
2348 1655 2380 1833 caussa
2332 1408 2391 1619 dolores,

2418 2653 2464 2729 Et
2416 2478 2463 2618 rudis
2415 2373 2462 2439 ad
2423 2161 2479 2341 parius
2421 2076 2460 2123 et
2430 1908 2459 2038 nova
2414 1731 2459 1873 miles
2416 1504 2458 1693 eram-⁷'

2496 2840 2545 2986 Venit
2497 2617 2543 2796 deinde
2496 2524 2541 2581 ad
2496 2252 2542 2486 nutricem
2494 2167 2538 2214 in
2494 2056 2539 2133 his
2494 1877 2538 2018 rebus
2492 1638 2552 1840 trepidis
2493 1330 2534 1602 versantem

2575 2712 2632 2986 Macareus,
2575 2507 2621 2675 maiori
2572 2146 2619 2470 sollicitudine
2573 2004 2633 2111 ipse
2571 1749 2623 1970 affectus,
2569 1516 2630 1707 cognito
2568 1330 2629 1481 patris

2654 2767 2712 2985 consilio,
2655 2648 2715 2730 qui
2654 2520 2699 2613 hoc
2654 2378 2714 2483 ipso
2652 2262 2697 2341 die
2666 2059 2697 2225 omnes
2649 1864 2695 2009 simul
2649 1640 2693 1818 liberos
2647 1546 2693 1591 in
2646 1328 2692 1493 matri-

2733 2827 2779 2985 monia
2732 2535 2778 2776 collocare
2738 2440 2777 2488 et
2745 2116 2777 2396 communes
2728 1854 2774 2068 omnium
2726 1612 2787 1803 nuptias
2725 1327 2771 1574 celebrare

2811 2718 2861 2984 constituit.
2810 2510 2857 2649 Talia
2810 2358 2856 2483 inter
2825 2271 2855 2322 se
2808 1993 2864 2235 collocuti,
2805 1677 2867 1956 compositis
2804 1326 2867 1647 praeparatis-

2906 2889 2952 2983 que
2890 2797 2936 2856 iis
2890 2600 2948 2762 rebus,
2904 2440 2951 2564 quae
2888 2346 2934 2405 ad
2895 2116 2949 2309 tempus
2884 1816 2948 2088 praevideri
2888 1524 2945 1777 poterant,
2883 1327 2930 1487 disce-

2969 2848 3017 2985 dunt.
2968 2587 3016 2779 Nutrici
2969 2431 3015 2553 haec
2967 2238 3014 2396 tribuo
2966 2031 3011 2205 verba:

3048 2692 3110 2855 κακῆς
3044 2572 3094 2659 ἀπ’
3044 2375 3109 2534 ἀρχῆς
3043 2113 3107 2341 γίγνεται
3040 1936 3099 2079 τέλος
3040 1722 3090 1903 κακόν.

3126 2685 3173 2854 Prodit
3127 2441 3183 2653 chorus,
3125 2309 3185 2389 qui
3123 2120 3184 2273 qualis
3122 2019 3168 2084 sit
3126 1932 3169 1982 et
3122 1760 3169 1897 cuius
3121 1652 3169 1725 rei
3136 1445 3168 1616 caussa
3135 1324 3167 1412 ve-

3205 2868 3265 2982 niat,
3204 2756 3251 2834 his
3203 2559 3250 2720 verbis
3203 2287 3249 2523 declarat:

3279 1984 3328 2421 HMIXOPION
3281 1891 3330 1956 A.

3354 2766 3423 2847 ἆρ’
3359 2538 3423 2729 ἔτυμον
3359 2346 3421 2504 φάτιν
3355 2126 3422 2310 ἔγνων,
3356 2018 3416 2088 ὡς

3440 2655 3500 2849 Αἴολος
3439 2423 3500 2621 εὐνάζει
3437 2326 3487 2388 τὰ
3437 2140 3487 2291 τέκνα
3436 1886 3500 2104 φίλτατα
3436 1777 3493 1857 ³¹),-

3543 3173 3558 3177 ⁴
3517 1983 3567 2416 HMIXOPION
3517 1891 3564 1952 Β.

3597 2635 3659 2850 δοξάσαι
3597 2481 3659 2602 ἔστι,
3598 2260 3662 2445 κόραι,
3598 2168 3646 2225 τὸ
3596 2087 3645 2130 δ’
3593 1793 3660 2049 ἐτήτυμον
3592 1661 3643 1758 οὐκ
3591 1531 3657 1626 ἔχω
3590 1320 3641 1494 εἰπεῖν.

3679 2533 3742 2853 Progreditur
3680 2328 3726 2503 deinde
3679 2114 3726 2292 Aeolus
3678 1788 3740 2077 stipantibus
3675 1609 3734 1754 filiis,
3678 1523 3721 1573 et
3673 1321 3721 1490 volun-

3762 2824 3807 2976 tatem
3775 2655 3807 2789 suam
3759 2404 3806 2621 oratione
3759 2126 3805 2370 declarat:

3837 2651 3898 2849 παῖδες,
3839 2436 3901 2613 σοφοῦ
3836 2272 3898 2403 πρὸς
3832 2031 3895 2237 ἀνδρός,
3831 1860 3890 1994 ὄςτις
3828 1769 3881 1825 ἐν
3832 1551 3895 1733 βραχεῖ

3910 2618 3977 2845 πολλοὺς
3916 2416 3975 2586 καλῶς
3908 2270 3974 2381 οἶός
3931 2185 3964 2237 τε
3911 1844 3975 2149 συντέμνειν
3911 1604 3975 1811 λόγους.

3278 3171 3284 3173 .
3311 3168 3322 3173 .-
3348 3167 3493 3174 ...υ-ψ...-
3494 3166 3511 3173 ᾖ

4118 2863 4170 2913 *)
4119 2670 4174 2835 Vulgo:
4119 2499 4175 2638 ἔγνων
4121 2314 4173 2471 Αἴολος
4118 2083 4173 2285 εὕνάζειν
4133 2006 4162 2053 τε
4116 1842 4162 1976 τέκνα
4120 1723 4161 1814 κτλ.

4189 1641 4233 1700 17
