5010 3336
995 2199 1045 2235 9

1130 2895 1179 3035 Unde
1132 2607 1180 2847 aestimari
1138 2373 1197 2560 potest,
1140 2090 1198 2317 quantum
1140 1653 1203 2042 Atheniensium,
1147 1554 1190 1604 ut
1144 1407 1192 1512 loca

1210 2962 1256 3040 illa
1226 2809 1257 2918 cum
1213 2571 1260 2776 metallis
1217 2315 1260 2536 tenerent
1251 2281 1274 2301 ,‚
1215 1966 1264 2240 interfuerit
1254 1940 1277 1954 ,
1224 1618 1283 1889 quantoque
1224 1407 1277 1583 studio,

1295 2864 1350 3039 quanta
1291 2549 1353 2829 cupiditate,
1306 2199 1354 2514 quaecunque
1295 2106 1341 2165 ad
1295 1943 1342 2072 illam
1295 1681 1347 1914 Thraciae
1302 1406 1364 1648 regionem

1368 2724 1430 3040 pertinebant,
1370 2332 1431 2687 exquisiverint.
1370 2160 1418 2274 Inde
1374 1875 1437 2126 multiplex
1375 1792 1423 1840 in
1376 1600 1426 1765 Rheso
1379 1406 1428 1563 sabula

1448 2652 1495 3040 commemoratio
1452 2542 1495 2617 est
1448 2293 1496 2508 locorum
1450 2020 1513 2265 Strymoni
1458 1935 1500 1985 et
1452 1692 1516 1911 Pangaeo
1459 1516 1504 1665 monti
1459 1407 1506 1491 ad-

1524 2759 1572 3043 iacentium:
1542 2616 1573 2725 nam
1532 2531 1574 2580 et
1532 2357 1575 2498 natus
1543 2216 1576 2326 esse
1529 1996 1578 2189 Rhesus
1532 1770 1595 1969 fingitur
1549 1686 1580 1744 ex
1533 1406 1596 1663 Strymone

1602 2820 1665 3041 flumine,
1620 2669 1651 2776 cum
1604 2392 1653 2634 Homerus
1622 2234 1654 2342 eum
1607 2029 1655 2199 Eionei
1610 1845 1657 1995 filium
1611 1656 1659 1810 fuisse
1614 1406 1674 1622 dixisset,

1687 2994 1728 3044 et
1682 2743 1730 2951 nutritus
1699 2585 1731 2694 esse
1687 2515 1730 2541 a
1685 2240 1749 2465 nymphis
1685 1964 1751 2195 Pangaeis
1693 1867 1736 1917 et
1706 1623 1752 1822 regnum
1697 1406 1741 1574 tenere

1758 2803 1807 3046 Paeonum
1776 2614 1825 2767 prope
1762 2375 1811 2579 eundem
1769 2135 1812 2346 montem
1765 1777 1817 2108 habitantium.
1771 1571 1831 1715 Quid7
1772 1406 1833 1535 quod

1838 2904 1884 3045 etiam
1841 2528 1888 2869 commercium
1842 2254 1904 2494 quoddam
1844 1855 1894 2218 Atheniensium
1864 1712 1895 1819 cum
1848 1407 1898 1677 Thracibus

1921 2996 1962 3046 et
1920 2694 1966 2963 communio
1935 2413 1968 2659 sacrorum
1922 2124 1985 2377 utriusque
1926 1934 1986 2090 gentis
1928 1557 1989 1898 antiquissimis
1933 1408 1976 1533 tem-

1996 2854 2056 3051 poribus
1996 2666 2045 2820 suisse
2001 2340 2048 2631 ostenditur:
2001 2074 2048 2304 Musaeus
2004 1912 2051 2038 enim
2006 1576 2053 1884 Atheniensis
2007 1406 2056 1546 insti-

2078 2919 2121 3046 tutus
2091 2760 2123 2869 esse
2078 2522 2139 2716 fingitur
2080 2420 2126 2477 ab
2079 2144 2141 2370 Orpheo,
2080 1938 2129 2093 Rhesi
2083 1734 2145 1906 fratre,
2090 1636 2131 1684 et
2090 1407 2134 1603 ornatus

2159 2785 2216 3052 auctusque
2158 2522 2219 2751 sapientia
2174 2462 2204 2487 a
2158 2263 2219 2433 Musis,
2175 2027 2221 2225 quarum
2177 1909 2209 2000 una
2162 1732 2210 1884 Rhesi
2169 1552 2212 1707 mater
2171 1406 2225 1529 erat,

2246 2963 2277 3052 nec
2247 2835 2280 2930 non
2234 2657 2282 2802 etiam
2237 2394 2298 2623 mysteria
2239 1977 2299 2361 Atheniensium,
2243 1885 2289 1942 ab
2242 1648 2305 1847 Orpheo
2243 1556 2290 1613 ad
2242 1409 2290 1521 Mu-

2324 2890 2357 3053 saeum
2313 2665 2371 2857 tradita,
2330 2523 2361 2629 cum
2314 2254 2363 2497 Thracum
2320 1975 2380 2219 mysteriis
2322 1678 2368 1939 cohaerere
2323 1409 2385 1644 putaban—

2393 2944 2444 3051 tur,
2394 2840 2436 2893 ut
2389 2603 2438 2795 Rhesus
2409 2339 2454 2558 quoque„
2396 2210 2456 2290 qui
2413 2084 2443 2173 una
2414 1941 2445 2047 cum
2398 1681 2462 1906 Lycurgo
2418 1619 2449 1645 a
2402 1409 2463 1584 mystis

2466 2804 2514 3053 colebatur
2467 2704 2529 2769 (V.
2473 2581 2517 2675 957
2471 2414 2534 2557 seq),
2474 2320 2520 2377 ad
2475 2012 2523 2283 Atticorum
2478 1797 2524 1974 cultum
2479 1409 2540 1761 quodammodo

2546 2809 2607 3056 pertinere
2547 2522 2607 2788 videretur3
2552 2430 2596 2492 cf.
2568 2359 2597 2399 v.
2554 2242 2597 2337 926
2568 2067 2615 2224 seqq:
2554 1865 2604 2033 καίτοι
2555 1687 2604 1836 πόλιν
2555 1562 2621 1659 σὴν
2556 1412 2621 1534 σύγ-

2639 2908 2686 3057 γονοι
2625 2524 2689 2877 πρεσβεύομεν
2630 2277 2678 2495 Μοῦσαι
2630 2024 2692 2242 μάλιστα
2633 1619 2699 1991 κάπιχρώμεθα
2635 1413 2700 1585 χθονί,

2703 2760 2766 3057 μυστηρίων
2721 2663 2754 2715 τε
2707 2514 2755 2620 τῶν
2706 2162 2774 2472 ἀπορρήτων
2712 1942 2777 2115 φανὰς
2714 1700 2776 1885 ἔδειξεν
2716 1413 2781 1654 Ὀρφεύς,

2782 2747 2843 3055 αὐτανέψιος
2790 2525 2850 2715 νεκροῦ
2788 2328 2851 2491 τοῦδ’,
2786 2228 2839 2291 ὃν
2792 1853 2853 2195 κατακτείνεις
2795 1731 2844 1822 ‹515-
2796 1410 2846 1695 Μουσαῖόν

2880 2990 2924 3057 τε,
2862 2866 2913 2959 σὸν
2864 2642 2928 2831 σεμνὸν
2867 2394 2933 2610 πολίτην
2868 2238 2919 2362 κάπὶ
2874 1972 2923 2212 πλεῖστον
2874 1796 2938 1945 ἄνδρ’
2872 1674 2925 1767 ἕνα
2873 1412 2939 1651 ἐλθόντα,

2943 2858 3007 3056 Φοῖβος
2944 2575 3009 2824 σύγγονοί
2949 2502 2997 2545 τ’
2948 2157 3015 2467 ἠσκήσαμεν.
2955 1958 3002 2094 Haec
2956 1808 3017 1922 quid
2957 1684 3003 1774 sibi
2957 1411 3018 1652 volebant,

3028 2975 3071 3059 aut
3026 2683 3074 2929 cuiusnam
3029 2567 3075 2639 rei
3046 2353 3077 2521 caussa
3035 1781 3094 2308 commemorabantur,
3035 1638 3081 1731 nisi
3036 1532 3082 1592 ad
3052 1414 3093 1487 ea,

3119 2936 3163 3058 quae
3107 2582 3154 2895 cummaxime
3109 2223 3158 2546 Athenienses
3113 1971 3175 2191 agebant,
3114 1573 3177 1937 respiciebant?
3116 1412 3163 1540 Ante

3182 2819 3229 3061 infelicem
3189 2616 3231 2773 autem
3188 2254 3250 2571 expeditionis
3191 2037 3238 2218 exitum
3198 1950 3239 1999 et
3199 1659 3254 1914 antequam
3192 1414 3241 1622 deletam

3275 2951 3305 3060 esse
3261 2720 3309 2917 alteram
3263 2556 3310 2686 illam
3266 2285 3315 2520 coloniam
3271 1925 3327 2252 nuntiaretur„
3271 1670 3319 1887 Rhesum
3271 1415 3320 1626 fabulam

3344 2907 3384 3061 actam
3354 2669 3387 2871 necesse
3347 2558 3388 2634 est
3349 2240 3406 2525 propterea.¹
3350 2062 3407 2191 qixod
3356 1917 3411 2029 post
3356 1638 3412 1883 acceptam
3351 1414 3399 1601 cladem

3431 2969 3463 3063 non
3417 2787 3465 2942 solum
3420 2565 3480 2762 inutilis,
3422 2452 3468 2536 sed
3423 2288 3470 2431 etiam
3424 2106 3473 2272 odiosa
3427 1917 3473 2091 fuisset
3428 1688 3475 1903 locorum
3428 1482 3477 1674 illorum
3436 1414 3477 1465 et

3510 2819 3542 3064 sacrorum
3502 2386 3549 2789 commemoratio.
3502 2172 3562 2333 Quare
3522 1997 3567 2142 quum
3506 1800 3553 1972 eodem
3511 1541 3569 1778 tempore,
3524 1417 3571 1511 quo

3574 2641 3625 3065 conscribebantur
3579 2425 3639 2607 coloni,
3582 2268 3629 2392 hanc
3582 2026 3631 2235 fabulam
3585 1948 3631 1993 in
3585 1718 3632 1911 theatro
3591 1420 3649 1682 spectatam

3667 2954 3699 3062 esse
3654 2644 3703 2907 verisimile
3658 2505 3716 2597 sit,
3664 2407 3707 2458 et
3660 2030 3722 2358 duodeviginti
3679 1839 3710 1986 annos
3669 1644 3711 1804 natum
3664 1548 3711 1607 ad
3671 1419 3713 1518 tra-

3732 2867 3792 3065 goedias
3734 2565 3783 2843 scribendas
3736 2264 3802 2548 Euripidem
3756 2185 3786 2237 se
3742 1892 3805 2154 contulisse
3742 1730 3790 1875 Gellii
3743 1605 3790 1704 sive
3743 1420 3792 1586 Theo—

3811 3103 3815 3109 '
3812 2900 3872 3067 pompi
3814 2585 3863 2865 testimonio
3823 2344 3876 2549 constet,
3817 2230 3868 2306 01.
3823 2119 3880 2198 78„
3824 2049 3867 2092 -3-
3822 1906 3868 2007 sive
3822 1709 3869 1872 hieme
3823 1566 3870 1675 anni
3826 1421 3872 1530 465.

3887 2860 3949 3065 Lysania
3892 2593 3940 2825 archonte
3894 2340 3943 2559 Rhesum
3903 2144 3945 2304 actum
3916 1998 3946 2108 esse
3900 1746 3947 1963 coniici0.

3968 2726 4016 2947 Alterum
3971 2527 4019 2690 drama
3976 2320 4022 2493 aetatis
3992 2165 4023 2286 anno
3978 1905 4026 2130 vicesimo
3979 1706 4040 1868 quinto
3980 1596 4026 1671 vel
3984 1423 4027 1560 sexto

4042 2877 4093 3068 doctum
4049 2769 4095 2826 ab
4050 2487 4113 2723 Euripide
4069 2318 4101 2428 esse
4056 1977 4104 2270 credendum
4062 1855 4105 1930 est
4063 1602 4120 1806 propter
4058 1421 4105 1559 testi-

4123 2883 4184 3069 monia,
4142 2702 4188 2825 quae
4134 2170 4181 2646 commemoravimus
4151 1956 4199 2113 supra.
4136 1816 4183 1858 ls
4136 1614 4184 1763 fuerit
4152 1422 4185 1570 annus
