5010 3336
1864 803 2077 822 ⁷¹⁴*fj—ae*³-'⁴'¹'⁰'⁵⁵²,‘-'s'‚
2087 807 2155 822 ²⁴:⁷55
2176 813 2198 825 ,Γ
2248 804 2250 806 ’
2261 810 2266 815 1
2281 810 2298 821 ΖΞ

1788 836 1797 839 -v
1820 834 2002 845 ..κιτῃψ-ἰ-
2060 836 2078 839 ·*
2111 844 2121 846 a

1721 800 1868 818 *4¹3⁵*ss-:15
1877 800 1881 802 ”

1575 816 1578 819 ,
1597 809 1609 822 ,⁷
1619 810 1626 812 s
1635 806 1643 811 >
1661 814 1666 815 ⁷
1674 804 1742 825 segg.

3931 2127 3985 2244 134

3808 1347 3853 1499 strata
3806 1539 3848 1588 et
3786 1637 3853 1839 insignia
3792 1898 3846 2245 moderationis
3774 2308 3836 2530 exempla
3768 2585 3832 2835 proposita
3768 2888 3812 3017 esse,

3714 1346 3777 1518 quibus
3722 1553 3775 1842 doceremur
3716 1873 3761 2080 mortem
3697 2115 3761 2433 turpitudini,
3709 2478 3757 2521 si
3705 2567 3754 2700 nullo
3700 2753 3750 2900 modo
3698 2933 3732 3019 cu-

3636 1344 3699 1457 pido
3631 1494 3695 1736 exstingui
3627 1770 3683 1958 posset,
3621 1993 3683 2368 praeferendam
3628 2404 3662 2531 esse.
3625 2598 3674 2711 Uno
3609 2746 3673 3017 Phaedrae,

3558 1342 3605 1466 quae
3569 1500 3613 1577 est
3565 1609 3614 1658 in
3545 1689 3613 1962 Hippolyto
3540 2008 3602 2251 secundo,
3532 2297 3596 2522 exemplo
3529 2570 3596 2836 defungar,
3540 2882 3589 3019 cuius

3491 1342 3541 1496 oratio
3483 1545 3535 1764 continet
3462 1809 3515 2127 quaecunque
3468 2170 3523 2442 honestatis
3449 2490 3515 2844 probitatisque
3460 2887 3509 3017 ratio

3399 1338 3458 1644 praescribit.

3312 1468 3380 1721 Exemplis
3322 1756 3357 1873 vero
3304 1907 3353 2093 eorum,
3301 2131 3363 2213 qui
3297 2246 3346 2404 neque
3292 2426 3356 2694 cupiditate
3304 2720 3352 2834 victi
3286 2856 3336 3016 neque

3275 1279 3277 1281 .
3253 1336 3298 1475 metu
3249 1494 3300 1641 fracti
3230 1662 3280 1823 neque
3226 1846 3290 2074 pigritiae
3216 2094 3284 2411 ignaviaeque
3211 2433 3277 2742 indulgentes
3223 2766 3271 2869 sola
3207 2882 3256 3013 vera,

3173 1335 3218 1469 recta
3151 1481 3220 1783 honestaque
3144 1808 3202 2088 sequantur,
3141 2114 3188 2255 quam
3135 2281 3198 2508 copiosae
3146 2533 3189 2642 sunt
3125 2665 3193 2917 Euripidis
3139 2939 3187 3012 fa-

3092 1334 3143 1503 bulae!
3076 1541 3138 1669 Quid
3079 1697 3117 1978 recenseam
3067 2001 3110 2105 eos,
3060 2130 3122 2211 qui
3071 2230 3120 2413 omisso
3053 2435 3114 2634 proprio
3060 2649 3109 2908 commodo
3043 2921 3091 3012 pro

2998 1332 3063 1531 amicis,
2994 1585 3041 1672 pro
2988 1707 3048 1952 cognatis,
2983 2003 3030 2094 pro
2984 2130 3043 2341 civibus,
2975 2387 3022 2477 pro
2973 2510 3035 2667 patria
2981 2699 3033 2893 labores
2977 2927 3011 3010 ae-

2915 1332 2967 1624 rumnasque
2908 1651 2973 1946 suscipiunt,
2916 1988 2951 2166 uxores
2900 2201 2947 2289 pro
2899 2325 2959 2529 maritiS,
2905 2568 2941 2764 sorores
2887 2788 2934 2882 pro
2898 2908 2950 3008 fra-

2839 1331 2903 1509 tribus,
2841 1561 2897 1901 adolescentes
2820 1937 2887 2246 virginesque
2817 2280 2866 2369 pro
2820 2405 2879 2561 salute
2823 2596 2870 2841 communi
2820 2875 2854 3008 mor-

2775 1328 2821 1429 tem
2753 1479 2820 1747 obeuntes,
2748 1791 2804 2021 parentes
2755 2068 2804 2217 vitam
2750 2262 2801 2526 liberorum
2734 2577 2780 2667 pro
2731 2702 2791 2857 patria
2725 2891 2773 3006 pro-

2688 1328 2746 1629 fundentes?
2672 1663 2732 1776 quid
2676 1812 2715 2191 commemorem
2662 2217 2722 2365 viros,
2657 2405 2717 2500 qui,
2669 2537 2716 2656 nihil
2660 2682 2712 3006 extimescen-

2616 1326 2661 1401 tes
2596 1435 2647 1595 neque
2589 1630 2655 1924 quidquam,
2585 1960 2645 2089 quod
2594 2125 2644 2309 homini
2590 2342 2639 2568 accidere
2573 2602 2633 2784 possit,
2581 2828 2632 3004 intole-

2534 1322 2585 1529 randum
2528 1561 2563 1672 esse
2510 1705 2567 1952 putanteS‚
2502 1988 2564 2206 pericula
2497 2240 2556 2388 atque
2508 2411 2556 2673 certamina
2500 2697 2552 3007 atrocissima

2453 1323 2508 1451 ultro
2434 1486 2499 1724 subeunt,
2427 1771 2489 1948 partIm
2421 1983 2485 2170 gloriae
2418 2204 2479 2432 cupidine
2429 2467 2477 2601 ducti
2412 2634 2474 2809 partim
2421 2844 2470 3006 studio

2368 1322 2419 1670 servandorum
2349 1705 2397 1890 eorum,
2344 1927 2391 2050 quos
2339 2086 2403 2330 diligunt?
2350 2364 2399 2431 Et
2335 2455 2396 2652 quidem
2344 2679 2395 2811 haud
2327 2840 2390 3002 pauci,

2278 1319 2339 1548 generosi
2286 1582 2335 1728 animi
2280 1762 2330 1935 ardore
2260 1968 2326 2280 inflammati,
2269 2338 2320 2506 dicunt
2248 2549 2317 2832 faciuntque
2248 2866 2311 3000 talia,

2199 1320 2262 1482 qualia
2210 1515 2257 1593 vix
2206 1627 2255 1676 in
2200 1710 2245 1933 naturam
2194 1970 2229 2137 eorum
2190 2172 2239 2349 cadere
2177 2382 2238 2662 videantur,
2184 2698 2234 2833 velut
2167 2867 2232 2999 lphi-

2118 1317 2182 1488 genia,
2128 1524 2177 1609 ubi
2125 1643 2174 1691 in
2122 1724 2156 1779 se
2105 1813 2167 2024 positam
2113 2062 2147 2173 esse
2108 2207 2158 2454 exercitus
2100 2490 2153 2740 victoriam
2098 2777 2141 2828 et
2095 2862 2130 2997 sum-

2052 1317 2087 1505 morum
2044 1541 2098 1719 ducum
2026 1767 2090 1973 gloriam
2021 2009 2084 2277 intellexit,
2012 2329 2070 2535 repente
2007 2570 2065 2781 mutata,
2002 2818 2060 2998 quanta

1972 1316 2009 1426 cum
1952 1462 2018 1713 voluptate
1960 1748 2003 1888 antea
1941 1920 2003 2146 profecta
1950 2181 1993 2287 erat
1948 2320 1995 2381 ad
1930 2428 1992 2645 nuptias,
1939 2694 1986 2824 tanta
1937 2853 1985 2995 laeti-

1894 1315 1942 1382 tia
1890 1428 1933 1478 et
1872 1526 1932 1854 gratulatione
1873 1903 1922 2143 cervicem
1870 2196 1919 2360 obfert
1862 2409 1916 2749 immolaturiS.
1845 2835 1906 2991 Quam

1810 1312 1858 1490 mentis
1798 1537 1848 1970 commutationem
1794 2024 1842 2191 nescio
1791 2237 1823 2296 an
1787 2328 1831 2465 recte
1768 2499 1833 2849 vituperaverit
1777 2881 1826 2992 Ari-

1730 1311 1778 1515 stoteles
1724 1564 1776 1701 Poet.
1713 1738 1769 1829 15,
1721 1866 1766 1924 5:
1715 1973 1772 2078 ἔστι
1713 2115 1764 2173 δὲ
1691 2204 1760 2538 παράδειγμα
1701 2571 1748 2670 τοῦ
1684 2704 1751 2991 ἀνωμάλου

1636 1309 1703 1345 ἦ
1652 1379 1705 1437 ἐν
1645 1469 1699 1659 Αὐλίδι
1626 1714 1701 2013 Ἰφιγένεια·
1630 2073 1684 2232 οὐδὲν
1612 2277 1678 2378 γὰρ
1622 2414 1677 2582 ἔοικεν
1605 2614 1672 2651 ἦ
1614 2684 1671 2990 ἱκετεύουσα

1556 1306 1617 1372 τῇ
1549 1406 1620 1609 ὑστέρᾳ.
1558 1682 1613 1911 Ceterum
1550 1947 1600 2189 excedere
1546 2221 1590 2390 natura
1544 2424 1577 2512 sua
1527 2545 1586 2780 quasdam
1521 2813 1569 2987 perso-

1480 1307 1523 1425 naS,
1471 1475 1532 1654 partim
1467 1691 1515 1816 quae
1472 1850 1525 2097 animosae
1451 2129 1519 2388 fortesque
1448 2422 1509 2597 partim
1444 2650 1491 2774 quae
1455 2819 1489 2985 rerum

1405 1306 1457 1579 abditarum
1400 1606 1450 1811 scientia
1383 1845 1443 2096 praeditae
1389 2113 1423 2224 esse
1386 2259 1434 2389 ultra
1367 2423 1431 2605 ingenii
1380 2641 1427 2716 sui
1377 2751 1425 2877 vires
1375 2912 1424 2985 vi-

1313 1303 1376 1528 deantur,
1322 1562 1373 1692 haud
1317 1725 1367 1927 infitior.
1310 1998 1362 2179 Contra
1290 2213 1356 2567 Aristophanes
1299 2601 1349 2727 hanc
1295 2762 1330 2982 caussam

1233 1302 1298 1612 vituperandi
1235 1646 1290 1963 iustissimam
1230 2010 1279 2200 omisit:
1225 2249 1274 2436 scilicet
1207 2469 1269 2645 partim
1204 2680 1267 2789 plus
1216 2824 1265 2982 laudis

1155 1302 1203 1448 quam
1166 1494 1213 1597 vitii
1162 1643 1211 1719 his
1146 1755 1213 1937 inesse,
1138 1973 1198 2152 partim
1146 2185 1197 2388 refutari
1130 2423 1193 2497 iis,
1125 2546 1173 2669 quae
1123 2702 1187 2810 ipse
1135 2845 1185 2979 calu-

1087 1300 1137 1489 mniose
1065 1524 1133 1884 criminaretur,
1055 1916 1124 2234 intelligebat.

1005 1431 1054 1508 Ad
1000 1556 1049 1764 eandem
990 1808 1045 2122 didascaliam
985 2170 1037 2455 referendas
981 2490 1015 2601 esse
980 2635 1029 2753 duxi
976 2787 1029 2976 fabulas

910 1298 977 1607 Meleagrum
899 1643 970 1988 Oeneumque,
895 2042 943 2244 quarum
889 2297 945 2582 argumenta
900 2628 948 2678 in
896 2710 949 2851 unius
897 2887 947 2975 do-

846 1298 882 1405 mus
828 1454 892 1689 uniusque
833 1735 886 1942 hominis
827 1991 876 2184 casibus
822 2232 874 2533 celebrandis
817 2569 863 2839 versantur.
816 2907 867 2976 Et

766 1297 814 1449 altera
751 1484 811 1679 quidem
754 1716 802 1892 amoris
731 1927 801 2299 iracundiaeque
744 2334 792 2403 vis
724 2453 789 2764 exprimitur,
736 2820 787 2974 altera
