5010 3336
1789 3284 1819 3327 'ic-

2754 3289 2785 3329 Al:

1002 2082 1057 2199 237

1170 2862 1211 2966 tum
1162 2769 1209 2818 in
1159 2630 1207 2724 hac
1154 2424 1204 2583 fabula
1158 2276 1199 2377 tum
1150 2193 1196 2241 in
1146 2010 1193 2157 Ranis
1141 1817 1205 1973 arguit
1140 1558 1187 1781 comicus.
1135 1325 1197 1488 Repu-

1244 2866 1290 2964 diat
1240 2708 1287 2833 enim
1233 2338 1295 2672 Phidippidcs,
1233 2251 1275 2302 ut
1226 2032 1290 2216 priscos
1222 1654 1282 2011 obsoletosque.‚
1214 1324 1264 1617 Simonidem

1327 2819 1382 2964 atque
1314 2490 1375 2785 Aeschylum

1394 2654 1456 2834 ψόφου
1386 2422 1446 2619 πλέων,
1383 2086 1444 2388 ἀξύστατον,
1379 1762 1442 2051 στόμφακα,
1372 1350 1437 1727 κρημνοποιόν,

1481 2799 1524 2963 contra
1470 2455 1533 2738 Euripidem
1472 2355 1513 2408 ut
1460 1895 1526 2304 sapientissimum
1456 1585 1502 1847 admiratur
1460 1490 1500 1536 et
1453 1315 1501 1442 canit

1554 2826 1603 2964 Aeoli
1551 2562 1606 2794 fabulam,
1547 2444 1609 2525 qui
1546 2173 1591 2411 incestum
1557 2031 1587 2138 cum
1552 1772 1601 1997 germana
1533 1435 1580 1743 commissum
1532 1315 1579 1412 cal-

1634 2862 1680 2960 lide
1636 2695 1693 2824 tegat
1632 2362 1692 2661 purgetque3
1622 2193 1685 2305 quin
1620 2014 1667 2158 etiam
1633 1872 1664 1976 eam
1616 1684 1677 1837 ipsam
1612 1586 1658 1644 ob
1626 1313 1667 1548 caussam,

1710 2832 1774 2960 quod
1708 2511 1770 2796 Euripidem
1705 2217 1766 2477 vituperet,
1705 1993 1762 2180 patrem
1694 1676 1742 1957 verberibus
1691 1423 1752 1639 castigat.
1688 1310 1735 1362 ln

1791 2810 1838 2959 Ranis
1788 2618 1835 2773 omnis
1784 2344 1831 2583 accusatio
1798 2282 1828 2308 a
1780 2055 1826 2256 Socrate
1776 1965 1822 2022 ad
1773 1651 1835 1934 Euripidem
1768 1311 1821 1622 transfertur,

1870 2874 1932 2957 qui
1869 2535 1928 2840 πανοῦργος
1867 2274 1917 2502 vocatur,
1858 2110 1905 2235 sicut
1856 1998 1902 2077 ille
1852 1935 1902 1963 ὁ
1851 1732 1900 1900 πάντα
1848 1494 1910 1699 τολμῶν
1847 1308 1906 1458 (Nub.

1948 2807 2010 2957 375),
1953 2720 1994 2769 et
1944 2446 1992 2689 inducitur
1940 2174 2000 2412 Dionysus
1941 1919 1996 2143 tanquam
1930 1506 1985 1891 Atheniensium,
1926 1306 1988 1470 quales

2029 2872 2077 2958 illo
2034 2615 2088 2838 tempore
2026 2428 2080 2581 crant,
2017 2131 2078 2392 exemplar,
2015 1871 2076 2097 ignavus,
2010 1677 2067 1836 vafer7
2011 1390 2064 1640 versutus,
2009 1303 2051 1353 et

2105 2706 2170 2953 Euripidis
2101 2352 2151 2670 admiratione
2098 2110 2144 2319 insanus.
2093 1858 2139 2040 Caussa
2086 1496 2135 1824 admirationis
2084 1303 2147 1469 sophi-

2188 2828 2236 2952 stice
2190 2703 2243 2792 est,
2198 2576 2245 2668 qua
2195 2397 2227 2542 novos
2178 2242 2224 2359 deos
2173 1991 2230 2207 eosdem,
2186 1815 2232 1933 quos
2168 1536 2224 1778 Socrates,
2165 1300 2211 1495 inducat

2265 2885 2331 2949 (v.
2266 2711 2323 2846 892.)
2266 2607 2309 2658 et
2264 2274 2307 2574 veteratores
2269 2150 2316 2238 pro
2251 1803 2299 2115 bellatoribus
2250 1420 2309 1771 repraesentet,
2242 1299 2305 1381 qui

2347 2873 2393 2947 fas
2344 2588 2403 2824 nefasque
2339 2307 2384 2541 misceant
2336 2195 2391 2262 (v.
2329 1735 2388 2147 1078—1088.)‚
2341 1531 2387 1687 eoque
2322 1299 2372 1488 nomine

2422 2592 2488 2949 improbissimo
2418 2379 2477 2555 cuique
2412 2048 2475 2346 gratissimus
2410 1933 2467 2013 sit,

2502 2708 2558 2817 τοῖς
2494 2348 2551 2676 λωποδύταις
2489 2228 2542 2314 καὶ
2492 2063 2539 2197 τοῖσι
2484 1602 2551 2029 βαλαντιητόμοις

2578 2727 2631 2814 καὶ
2580 2559 2627 2693 τοῖσι
2572 2166 2635 2527 πατραλοίαισι
2565 2046 2617 2133 καὶ
2565 1662 2630 2015 τοιχωρύχοις,

2659 2688 2722 2814 ὅπερ
2654 2555 2707 2653 ἔστ’
2651 2462 2704 2519 ἐν
2649 2246 2703 2430 ’Ἀιδου
2651 1986 2714 2211 πλῆθος·
2644 1874 2695 1937 οἱ
2644 1796 2694 1840 δ’
2639 1334 2706 1758 ἀκροώμενοι

2739 2688 2788 2815 τῶν
2733 2229 2798 2638 ἀντιλογιῶν
2727 2075 2780 2183 καὶ
2724 1681 2791 2030 λυγισμῶν
2719 1523 2772 1631 καὶ
2714 1292 2782 1475 στρο-

2808 1954 2872 2097 φῶν

2898 2779 2949 2813 ὑ
2914 2699 2948 2767 πε
2916 2655 2961 2683 ρ
2914 2623 2946 2642 ε
2915 2575 2962 2611 μ
2894 2532 2945 2563 ά
2912 2488 2944 2519 ν
2912 2439 2959 2470 η
2904 2394 2943 2423 σ
2910 2347 2942 2378 α
2909 2301 2942 2332 ν
2888 1978 2954 2266 κάνόμισαν
2882 1619 2948 1943 σοφώτατον.

2983 2843 3030 2938 lam
2980 2680 3028 2808 enim
2977 2439 3026 2646 eruditio
2975 2258 3023 2401 etiam
2972 2162 3019 2222 ad
2970 1934 3017 2126 infimos
2965 1510 3026 1901 humillimosque
2974 1287 3024 1478 perma-

3062 2783 3119 2938 navit,
3065 2680 3106 2732 ut
3071 2492 3105 2633 nemo
3051 2075 3102 2440 Atheniensium
3064 1929 3097 2025 non
3046 1733 3094 1882 libros
3044 1567 3105 1698 legat
3040 1284 3101 1533 discatque

3139 2644 3189 2937 subtilitates
3139 2539 3193 2608 (v.
3136 2314 3190 2499 1114):

3211 2409 3277 2804 ἐστρατευμένοι
3210 2277 3273 2374 γάρ
3200 2125 3267 2241 εἰσι,

3295 2598 3361 2803 βιβλίον
3295 2522 3342 2563 τ’
3291 2354 3356 2484 ἔχων
3288 2108 3345 2319 ἕκαστος
3284 1815 3349 2074 μανθάνει
3281 1721 3331 1783 τὰ
3280 1534 3341 1685 δεξιοί.

3380 2777 3429 2935 Huius
3377 2585 3440 2729 igitur
3371 2346 3419 2538 dicendi
3367 2025 3426 2295 facultatis,
3366 1833 3412 1976 huius
3360 1471 3416 1786 eruditionis,
3356 1280 3403 1423 huius

3458 2700 3508 2933 acuminis
3471 2601 3503 2655 se
3453 2368 3501 2551 civibus
3454 2072 3497 2321 auctorem
3444 1876 3492 2026 fuisse
3441 1582 3506 1831 praedicat
3436 1279 3499 1539 Euripides

3541 2863 3599 2931 (v.
3538 2659 3595 2828 954.):

3611 2627 3665 2798 ἔπειτα
3605 2344 3660 2595 τουτουσὶ
3607 2140 3656 2310 λαλεῖν
3600 1898 3662 2105 ἐδίδαξα
3629 1778 3660 1865 ——,

3696 2639 3754 2800 νοεῖν,
3690 2457 3754 2604 ὁρᾶν,
3686 2176 3751 2422 ξυνιέναι,
3681 1884 3747 2138 στρέφειν,
3676 1707 3741 1847 ἐρᾶν,
3675 1400 3741 1674 τεχνάζειν,

3783 2875 3825 2925 et
3782 2625 3824 2830 testatur
3771 2303 3833 2573 Aeschylus
3768 1968 3830 2257 palaestram
3778 1810 3809 1918 cum
3760 1583 3806 1774 dicendi
3755 1367 3804 1527 studio
3752 1275 3799 1332 ab

3854 2552 3906 2923 Atheniensibus
3855 2194 3913 2515 permutatam
3861 2014 3902 2155 esse,
3858 1834 3904 1977 quum
3856 1712 3887 1796 sua
3838 1447 3885 1676 memoria
3848 1273 3895 1413 prae-

3940 2848 3983 2923 ter
3934 2650 3997 2815 μᾶζαν
3938 2566 3979 2615 et
3926 2255 3993 2532 ῥυππαπαί
3927 2154 3973 2220 nil
3925 1956 3971 2120 dicere
3921 1676 3985 1922 potuerint
3922 1579 3975 1643 (v.
3916 1347 3969 1541 1069.):

4007 2701 4062 2791 εἶτ’
4004 2596 4060 2663 αὖ
4008 2370 4058 2553 λαλιὰν
4004 2008 4069 2337 ἐπιτηδεῦσαι
3997 1888 4049 1974 καὶ
3997 1558 4063 1853 στωμυλίαν
3988 1271 4049 1521 ἐδίδαξας,

4091 2760 4155 2792 ἢ
4089 2431 4153 2726 ’ξεκένωσεν
4088 2306 4148 2398 τάς
4104 2208 4138 2260 τε
4080 1861 4143 2176 παλαίστρας
4077 1739 4129 1826 καὶ
4076 1614 4136 1705 τὰς
4071 1413 4137 1581 πυγὰς
4065 1268 4119 1377 ἐνέ-

4167 1950 4225 2096 τριψε
4162 1812 4211 1915 κτλ.
