5010 3336
1396 2150 1461 2209 Ι.

1519 2758 1585 2880 'De
1510 2401 1604 2700 primis
1501 1884 1595 2343 Euripidis
1502 1484 1571 1828 fabulis,

1775 2675 1823 2873 Sextum
1774 2582 1817 2631 et
1768 2263 1816 2541 vicesimum
1779 2054 1811 2227 annum
1766 1798 1825 2019 agentem
1761 1576 1808 1761 fabulas
1759 1362 1808 1540 «locere

1854 2779 1917 2998 coepisse
1849 2467 1912 2753 Euripidem
1845 2201 1908 2433 scriptum
1847 2088 1889 2165 est
1841 2007 1887 2055 iu
1841 1861 1887 1973 vitis
1841 1612 1887 1829 codicum
1838 1362 1887 1585 Ambros⁴

1932 2848 1980 2998 Paris.
1928 2616 1978 2821 vindob.
1927 2434 1973 2586 Havn.
1924 2328 1970 2404 his
1922 2118 1970 2301 verbis:
1917 1825 1981 2083 ἄρξασθαι
1916 1736 1967 1791 δὲ
1916 1358 1979 1699 ἀγωνίζεσθαι

2008 2720 2073 2999 γενόμενον
2004 2468 2054 2684 εἴκοσι
1999 2328 2052 2436 καὶ
1998 2236 2059 2299 ἓξ
1997 2032 2047 2201 ἐτῶν.
2000 1839 2047 1961 Cum
1998 1635 2061 1804 quibus
1997 1499 2044 1605 fere
2012 1358 2045 1472 cou-

2091 2853 2138 2998 sentit
2087 2615 2134 2827 Thomas
2084 2332 2146 2590 Magister:
2077 2105 2143 2293 ἤρξατο
2074 2023 2126 2078 δὲ
2080 1906 2127 2002 τοῦ
2075 1766 2139 1883 περὶ
2078 1583 2124 1747 ταῦτα
2074 1356 2138 1560 ἀγῶνος

2166 2869 2217 2998 ἐτῶν
2163 2650 2215 2828 πέντε
2160 2494 2212 2604 καὶ
2161 2235 2210 2448 εἴκοσι
2156 1952 2222 2190 γεγονώς.
2157 1732 2205 1884 Natus
2162 1534 2203 1695 autem
2156 1356 2203 1500 Euri-

2249 2857 2313 2995 pides
2260 2712 2292 2822 esse
2244 2474 2291 2679 traditur
2242 2270 2289 2440 eodem
2240 2132 2297 2235 die,
2254 1991 2299 2086 quo
2237 1896 2284 1955 ad
2236 1574 2283 1861 Salaminem
2249 1357 2297 1539 pugna-

2334 2898 2374 2997 tum
2330 2769 2383 2860 est,
2323 2653 2385 2733 qui
2322 2514 2367 2618 dies
2325 2375 2367 2478 erat
2316 2206 2374 2341 εἰκὰς
2314 1769 2379 2179 Βοηδρομιῶνος
2314 1635 2359 1733 sive
2312 1355 2359 1608 vicesimus

2404 2826 2452 2994 tertius
2402 2615 2447 2790 mensis
2398 2276 2460 2577 Septembris
2397 2132 2443 2240 anni
2394 1936 2442 2099 4801111.
2394 1732 2454 1867 Quae
2390 1460 2454 1694 temporis
2391 1355 2437 1427 in-

2481 2816 2530 2993 dicatio
2481 2741 2525 2779 si
2494 2597 2524 2707 vera
2480 2392 2534 2549 esset,
2476 2043 2533 2349 efficeretur,
2478 1945 2521 1999 ut
2472 1644 2519 1909 Sosistrato
2469 1354 2527 1599 archonte,

2561 2860 2608 2995 initio
2558 2707 2603 2813 anni
2554 2494 2613 2674 4541111,
2554 2284 2617 2446 ptures
2571 2058 2601 2248 meuses
2567 1877 2615 2021 super
2565 1670 2597 1843 annum
2546 1352 2595 1635 vicesimum

2639 2775 2700 2993 quintum
2639 2566 2692 2728 natus,
2634 2318 2696 2518 primam
2633 2072 2680 2282 fabulam
2630 1776 2692 2037 Euripides
2626 1479 2675 1740 docuisset.
2626 1348 2673 1413 At

2732 2901 2763 2993 uno
2729 2752 2761 2874 anno
2713 2592 2775 2725 prius
2713 2471 2759 2565 hoc
2711 2257 2758 2437 factum
2728 2112 2759 2222 esse
2709 1804 2757 2080 testimonio
2707 1625 2763 1771 vitae,
2706 1460 2767 1591 quod
2707 1348 2751 1426 est

2796 2946 2841 2994 in
2793 2759 2841 2925 codice
2791 2515 2847 2733 Mediol„
2791 2251 2837 2479 docemur
2791 2155 2836 2231 his
2790 1944 2837 2129 verbis:
2784 1721 2850 1909 ἤρξατο
2783 1640 2833 1694 δὲ
2783 1348 2833 1612 διδάσκειν

2870 2908 2921 2992 ἐπὶ
2868 2652 2919 2885 Καλλίου
2871 2380 2934 2629 ἄρχοντος
2871 2239 2918 2347 κατ’
2863 1886 2929 2209 Ὀλυμπιάδα
2861 1508 2929 1865 ὀγδοηκοστὴν
2861 1348 2927 1486 πρώ-

2968 2897 3015 2993 την
2949 2767 2999 2864 ἔτει
2949 2524 3014 2735 πρώτῳ·
2949 2268 3013 2474 πρῶτον
2945 2178 2997 2233 δὲ
2944 1948 3007 2143 ἐδίδαξε
2944 1813 3004 1903 τὰς
2943 1481 3002 1768 Πελιάδας,
2940 1348 2991 1431 ὅτε

3029 2903 3081 2991 καὶ
3029 2691 3093 2857 τρίτος
3025 2430 3091 2644 ἐγένετο.
3030 2156 3076 2333 Contra
3027 1827 3075 2100 rectissime
3024 1559 3072 1768 caiculos
3037 1347 3070 1513 omnes

3116 2768 3160 2990 constare
3108 2450 3167 2735 videbimus,
3109 2372 3156 2413 si
3108 2085 3155 2338 marmoris
3106 1923 3153 2052 Parii
3105 1554 3151 1889 auctoritatem
3116 1346 3162 1519 seque-

3207 2868 3237 2990 mur.
3188 2667 3235 2823 Huius
3190 2519 3235 2640 enim
3188 2212 3234 2490 testimonio
3203 2094 3233 2186 non
3199 1950 3231 2071 anno
3186 1767 3229 1921 4801110
3184 1641 3230 1741 sive
3181 1540 3230 1617 01.
3182 1438 3239 1516 75,
3181 1346 3237 1408 1.‚

3269 2899 3314 2987 sed
3267 2798 3313 2872 01.
3269 2677 3325 2769 739ῑ
3267 2548 3312 2646 sive
3281 2399 3312 2522 anno
3268 2216 3311 2371 4851110
3270 1954 3323 2181 praetore
3262 1646 3309 1921 Philocrate
3264 1471 3307 1612 natus
3256 1342 3303 1435 fuit

3346 2709 3409 2989 Euripides.
3344 2408 3390 2642 Eiusdem
3344 2072 3388 2369 monumenti
3341 1861 3387 2039 indicio
3342 1624 3403 1828 primam
3337 1343 3385 1590 victoriam

3424 2725 3487 2987 reportavit
3422 2497 3485 2690 Diphilo
3426 2215 3483 2461 praetore,
3423 2027 3465 2165 natus
3434 1844 3465 1991 annos
3418 1494 3479 1808 quadraginta
3420 1342 3471 1461 tres,

3504 2956 3550 2987 i.
3520 2879 3550 2921 e.
3518 2718 3550 2840 anno
3504 2531 3547 2685 4411110
3500 2393 3546 2494 sive
3498 2283 3544 2358 01.
3500 2175 3553 2255 254,
3501 2100 3543 2145 3.
3496 1763 3545 2046 Accuratius
3494 1467 3541 1725 dicendum
3492 1340 3539 1433 erit

3572 2853 3629 2987 illum
3580 2389 3643 2806 quadragesimum
3579 2149 3624 2347 tertium
3591 1930 3623 2103 annum
3573 1712 3621 1887 additis
3573 1514 3636 1676 paucis
3586 1342 3618 1479 men—

3660 2852 3708 2985 sibus
3665 2735 3706 2817 aut
3658 2505 3706 2702 dimidio
3656 2361 3703 2471 anni
3657 2143 3718 2327 egisse,
3656 2054 3701 2092 si
3655 1827 3700 2021 ineunte
3668 1671 3699 1793 anuo
3652 1475 3700 1636 Attico
3650 1338 3697 1441 sive

3744 2799 3787 2984 aestate
3742 2611 3798 2773 natum
3737 2426 3783 2580 fuisse
3740 2095 3789 2391 statuamus,
3732 2009 3779 2058 id
3734 1847 3795 1975 quod
3730 1563 3794 1812 postulare
3728 1338 3775 1530 videtur

3818 2732 3864 2983 marmoris
3816 2454 3862 2699 iudicium.
3813 2263 3860 2398 Haec
3813 2192 3858 2235 si
3828 2056 3859 2168 vera
3817 1944 3858 2020 est
3809 1612 3873 1923 computatio,
3807 1339 3868 1574 sequitur,

3900 2930 3943 2983 ut
3911 2749 3957 2907 neque
3897 2560 3942 2721 2511111111
3910 2371 3956 2527 neque
3894 2164 3946 2350 2611111111,
3889 2039 3937 2126 sed
3892 1843 3935 2006 3011111111
3901 1665 3949 1810 agens
3899 1468 3932 1641 annum
3884 1339 3930 1439 Eu·-

3973 2802 4037 2983 ripides
3972 2549 4020 2767 Peliades
3973 2456 4018 2505 in
3985 2223 4018 2414 scenam
3966 1912 4015 2180 deferendo
3967 1670 4030 1879 primum
3961 1337 4010 1623 certaverit:

4052 2898 4114 2980 qui
4051 2773 4099 2867 fuit
4051 2497 4115 2741 legitimus
4064 2296 4106 2462 annus,
4050 2148 4093 2260 aute
4061 1974 4108 2116 quem
4045 1734 4093 1938 scenicis
4042 1551 4107 1713 poetis
4044 1336 4089 1523 certare

4145 2888 4179 2980 non
4130 2660 4180 2855 licebat.
4129 2413 4177 2583 Potest
4131 2220 4175 2380 autem
4125 2042 4172 2183 ctiam
4125 1716 4187 2009 reliquorum
4120 1486 4171 1682 testium
4121 1339 4167 1452 οοῐιὲ

2320 881 2336 885 ,-
2353 877 2445 887 ῳ---
2457 882 2470 886 ,

3750 828 3786 850 --
3825 824 4066 885 „fir-³
