5010 3336
3928 2071 3983 2189 16ss

3795 1277 3844 1450 liastes
3796 1489 3843 1614 enim
3776 1652 3843 1999 Aristophanis
3789 2035 3835 2082 in
3777 2131 3835 2385 versibus,
3769 2443 3816 2566 quos
3765 2616 3815 2765 supra
3763 2811 3825 2982 posui-

3703 1279 3747 1405 muS‚
3715 1443 3762 1510 nil
3715 1545 3764 1641 nisi
3712 1676 3762 1800 haec
3692 1837 3757 2130 adscripsit:
3705 2167 3756 2256 ἵνα
3684 2292 3755 2585 διαβάλῃ
3683 2620 3753 2718 τὴν
3684 2753 3742 2983 γυναῖκα

3634 1278 3680 1377 τοῦ
3619 1413 3684 1737 Εὐριπίδου.
3625 1808 3678 2203 Calumniari
3606 2240 3670 2621 Aristophanem
3618 2666 3650 2784 vere
3614 2818 3659 2982 recte-

3538 1279 3585 1372 que
3553 1409 3599 1613 monuit.
3550 1683 3600 1818 Idem
3547 1854 3580 1951 non
3544 1989 3578 2193 uxorem
3541 2229 3586 2415 tantum
3529 2437 3551 2451 ‚
3539 2491 3585 2580 sed
3536 2616 3585 2825 amicum
3520 2861 3566 2983 quo-

3458 1277 3505 1372 que
3456 1406 3520 1692 EuripidiS‚
3468 1745 3516 1883 cuius
3467 1934 3509 1982 et
3463 2030 3511 2235 consilio
3461 2270 3507 2318 in
3444 2356 3506 2709 componendis
3456 2745 3498 2796 et
3439 2832 3487 2986 opera

3394 1277 3441 1325 in
3392 1361 3440 1596 docendis
3387 1647 3438 1948 dramatibus
3386 1999 3431 2066 uti
3367 2112 3430 2321 soleret,
3378 2374 3426 2631 calumniis
3374 2684 3422 2984 comicorum

3298 1277 3359 1484 petitum
3310 1524 3343 1635 esse
3308 1672 3355 1820 docet
3308 1856 3354 1913 ad
3305 1952 3354 2075 Rau.
3304 2116 3334 2158 v.
3301 2195 3347 2315 944:
3297 2368 3350 2446 ὅτι
3295 2483 3348 2652 ἐδόκει
3283 2689 3345 2884 δοῦλος
3292 2909 3345 2985 ὢν

3216 1279 3277 1574 συμπονεῖν
3212 1609 3278 1751 αὐτῷ
3227 1787 3277 1815 ὁ
3209 1854 3273 2213 Κηφισοφῶν,
3218 2249 3271 2338 καὶ
3202 2375 3266 2599 μάλιστα
3213 2633 3265 2697 τὰ
3196 2728 3262 2881 μέλη·
3211 2921 3265 2985 ὃν

3151 1276 3203 1366 καὶ
3148 1403 3195 1642 συνεῖναι
3131 1676 3190 1739 τῇ
3130 1776 3191 1992 γυναικὶ
3139 2030 3191 2197 αὐτοῦ
3117 2235 3184 2704 κωμῳδοῦσιν.
3130 2774 3179 2850 Ab
3130 2886 3178 2984 hoc

3070 1276 3117 1338 ad
3069 1373 3117 1501 vitae
3050 1539 3114 1812 scriptores
3062 1851 3108 1890 si
3061 1927 3103 1974 te
3044 2012 3107 2258 conseras,
3054 2298 3100 2458 omnia
3053 2495 3100 2590 iam
3035 2627 3083 2718 pro
3035 2755 3098 2983 explora-

2991 1274 3038 1338 tis
2972 1378 3035 1624 certisque
2984 1660 3031 1790 tradi
2968 1827 3028 2044 videbis3
2962 2092 3009 2253 neque
2974 2287 3023 2383 hoc
2972 2421 3020 2578 solum
2971 2614 3018 2697 isti
2970 2736 3017 2985 obstinate

2895 1274 2957 1552 affirmant,
2906 1593 2952 1681 sed
2902 1719 2949 1865 etiam
2896 1905 2946 2143 effectum
2895 2181 2928 2291 esse
2891 2328 2941 2531 libidine
2876 2566 2922 2804 uxorum,
2888 2843 2931 2897 ut
2889 2933 2931 2984 et

2812 1273 2874 1534 opprobria
2807 1570 2873 1832 Euripides
2820 1871 2867 1917 in
2803 1954 2849 2109 genus
2813 2158 2862 2439 universum
2810 2489 2858 2750 mulierum
2791 2800 2839 2982 perpe-

2748 1273 2792 1358 tuo
2745 1393 2794 1624 funderet
2743 1675 2785 1724 et
2725 1774 2781 2047 postremo,
2719 2103 2781 2361 impatiens
2730 2399 2779 2661 dedecoris
2730 2700 2772 2749 et
2728 2786 2775 2981 cavilia-

2668 1273 2716 1421 tionis
2649 1460 2711 1790 comicorum,
2658 1845 2705 2018 relicta
2640 2067 2701 2224 patria
2656 2270 2702 2317 in
2650 2354 2700 2698 Macedoniam
2648 2740 2696 2982 concede-

2588 1272 2630 1350 ret
2574 1384 2636 1451 *).
2583 1523 2633 1684 Multo
2580 1722 2628 1867 etiam
2562 1907 2625 2061 magis
2576 2098 2623 2276 mirum
2576 2307 2617 2383 est
2560 2413 2621 2542 quod
2573 2574 2618 2622 in
2569 2646 2617 2982 cod.Mediol.

2492 1272 2555 1511 scriptum
2491 1550 2545 1642 est,
2485 1679 2531 1852 parum
2483 1892 2546 2141 abfuisse,
2481 2189 2542 2301 quin
2494 2340 2542 2495 instar
2476 2533 2540 2722 Orphei
2489 2760 2536 2982 manibus

2425 1271 2474 1530 mulierum
2419 1566 2470 1896 laceraretur:
2418 1936 2467 1992 αἱ
2416 2026 2467 2081 δὲ
2401 2116 2460 2365 γυναῖκες
2395 2401 2464 2781 ἐβουλήθησαν
2407 2817 2459 2983 αὐτὸν

2334 1270 2394 1497 κτεῖναι,
2333 1534 2393 1866 εἷςελθοῦσαι
2327 1902 2386 1973 εἰς
2335 2009 2386 2066 τὸ
2318 2104 2382 2389 σπήλαιον,
2331 2439 2381 2496 ἐν
2331 2534 2390 2573 ὦ
2314 2609 2378 2836 γράφων
2326 2878 2376 2980 διε-

2265 1269 2318 1400 τέλει
2249 1429 2315 1527 **).
2260 1596 2309 1740 Hanc
2241 1777 2289 1972 quoque
2254 2008 2303 2225 fabulam
2235 2263 2298 2499 originem
2250 2539 2281 2599 ex
2232 2627 2297 2979 Thesmopho-

2183 1268 2233 1472 riazusis
2163 1510 2229 1858 Aristophanis
2174 1897 2223 2102 duxisse
2157 2127 2214 2333 apparet
2157 2360 2219 2488 ***).
2167 2558 2216 2721 Aliam
2166 2747 2213 2847 odii
2165 2869 2196 2977 mu-

2090 1269 2154 1474 lierum,
2086 1511 2147 1641 quod
2081 1678 2139 1870 putant,
2080 1911 2126 2161 caussam,
2092 2200 2122 2261 ex
2073 2295 2137 2453 ipsius
2071 2489 2136 2746 Euripidis
2084 2781 2132 2977 drama-

1930 1328 1984 1377 >⁸²)
1942 1412 1982 1519 Cod.
1938 1551 1980 1726 flavus
1932 1768 1979 1968 ἔσκωπτε
1931 2009 1975 2059 δὲ
1923 2100 1974 2184 τὰς
1918 2225 1967 2447 γυναῖκας
1927 2478 1970 2555 διὰ
1927 2586 1968 2678 τῶν
1912 2706 1968 2979 ποιημάτων

1869 1412 1914 1472 δι’
1868 1503 1910 1658 αἰτίαν
1863 1687 1909 1899 τοιάνδε·
1850 1945 1907 2060 εἶχεν
1848 2093 1902 2320 οἰκογενὲς
1843 2349 1884 2612 μειρακιον,
1843 2652 1899 2845 ὀνόματι
1840 2876 1892 2978 Kn-

1786 1410 1840 1711 φισοφῶντα·
1781 1753 1836 1869 πρὸς
1776 1908 1835 2058 τούτῳ
1775 2104 1832 2263 ἐφώρα
1774 2304 1830 2388 τὴν
1774 2428 1823 2626 γυναῖκα
1782 2667 1829 2976 άτακτοῦσαν.

1728 1411 1771 1505 Καὶ
1726 1545 1771 1599 τὸ
1713 1640 1769 1724 μὲν
1707 1767 1762 1953 πρῶτον
1703 2001 1762 2258 α’πέτρεπεν
1701 2314 1760 2619 ἁμαρτάνειν·
1712 2671 1757 2769 ἐπεὶ
1711 2810 1758 2851 δ’
1711 2894 1757 2979 οὐκ

1647 1408 1703 1595 ἔπειθε,
1651 1633 1696 1876 κατέλιπεν
1640 1915 1693 2059 αὐτὸς
1635 2099 1692 2184 τὴν
1635 2220 1683 2442 γυναῖκα,
1628 2498 1686 2780 βουλομένου
1627 2829 1686 2979 αὐτὴν

1575 1408 1631 1526 ἔχειν
1585 1554 1627 1641 τοῦ
1567 1668 1622 2056 Κηφισοφῶντος.
1575 2117 1617 2319 Thomas
1558 2351 1615 2503 Magn:
1557 2545 1614 2767 φωράσας
1569 2806 1613 2856 δὲ
1568 2895 1614 2978 τὸν

1515 1411 1561 1558 αὐτοῦ
1497 1586 1558 1842 ’ὑποκριτὴν
1493 1872 1547 2225 Κηφισοφῶντα
1503 2254 1546 2326 ἐπὶ
1488 2359 1543 2416 τῇ
1489 2446 1539 2645 γυναικί,
1499 2677 1541 2755 καὶ
1486 2785 1542 2870 τὴν
1498 2897 1541 2977 ἐν·

1444 1409 1487 1578 τεῦθεν
1429 1606 1488 1667 μὴ
1424 1700 1483 1855 φέρων
1422 1886 1481 2122 αἰσχύνην,
1420 2155 1475 2565 σκωπτόμενος
1428 2595 1473 2701 ὑπὸ
1429 2737 1469 2848 τῶν
1428 2880 1455 2976 κω-

1359 1406 1414 1788 μῳδοποιῶν,
1355 1834 1410 1971 α’φεὶς
1351 1999 1408 2087 τήν
1350 2113 1411 2328 Ἀθήνῃσι
1346 2360 1403 2623 διατριβήν,
1351 2659 1401 2721 εἰς
1356 2751 1398 2974 Μακεδο-

1303 1411 1345 1515 νιάν
1286 1542 1346 1689 άπῆρε
1282 1721 1338 1847 παρὰ
1294 1878 1339 1960 τὸν
1278 1988 1336 2178 βασιλέα
1277 2206 1336 2451 Ἀρχέλαον.
1289 2511 1330 2684 Eadem
1287 2726 1330 2887 Suidas
1287 2931 1325 2973 ct

1219 1403 1276 1727 Moschopulus
1223 1756 1268 1970 referunt.

1152 1314 1206 1381 **)
1162 1411 1205 1593 Revera
1159 1636 1186 1738 cum
1157 1778 1184 1805 a
1152 1843 1194 2107 mulieribus
1150 2147 1191 2393 laceratum
1149 2436 1177 2533 esse
1145 2563 1188 2848 affirmarunt
1132 2877 1188 2971 alii,

1093 1406 1131 1518 teste
1074 1548 1132 1871 Moschopulo:
1067 1906 1127 2053 ἕτεροι
1079 2082 1125 2131 δὲ
1066 2163 1124 2407 ἱστόρησαν
1064 2438 1122 2521 οὐχ
1073 2553 1119 2645 ὑπὸ
1063 2676 1115 2844 κυνῶν,
1072 2875 1117 2971 ἄλλ’

1021 1406 1066 1496 ὑπὸ
1009 1528 1057 1763 ’γυναικῶν
1012 1794 1057 1941 αὐτὸν
997 1971 1051 2336 διασπασθῆναι,
992 2366 1048 2678 πορευόμενον
987 2708 1047 2825 α’ωρὶ
986 2853 1046 2971 πρὸς

934 1406 994 1657 Κράτερον,
943 1689 989 1771 τὸν
928 1803 987 2030 ἐρώμενον
924 2060 982 2306 Ἀρχελάου.

866 1294 919 1369 Ν*)
878 1401 919 1450 v.
879 1481 922 1587 453:

805 1515 848 1600 νῦν
803 1630 854 1716 οὖν
798 1746 848 1997 ἁπάσαισιν
783 2027 839 2242 παραινῶ
796 2271 840 2349 καὶ
781 2379 839 2490 λέγω

730 1515 778 1681 τοῦτον
728 1712 774 1904 κολάσαι
725 1932 771 2014 τὸν
711 2044 774 2192 ἄνδρα
722 2221 767 2400 πολλῶν
720 2432 771 2601 οὕνεκα
720 2632 760 2722 κτλ.

3170 3184 3178 3188 ,
3215 3184 3227 3189 -
3250 3184 3291 3189 ---
3321 3183 3954 3191 --ῇ-·--.-ών
