5010 3336
3809 2071 3866 2192 298

3655 1421 3722 1621 πέφυκε
3655 1654 3721 1757 γάρ
3660 1796 3704 1909 πως
3668 1943 3719 2090 παισὶ
3653 2124 3720 2376 πολέμιον
3651 2408 3720 2547 γυνὴ

3580 1416 3636 1527 τοῖς
3574 1559 3639 1794 πρόσθεν
3571 1827 3639 1862 ἦ
3572 1898 3637 2108 ζυγεῖσα
3575 2145 3638 2362 δευτέρα
3585 2395 3636 2561 πόσει.

3513 1291 3560 1339 ln
3509 1389 3555 1711 certaminum
3508 1761 3551 1924 autem
3506 1961 3552 2423 commemoratione
3507 2459 3553 2622 locum
3506 2655 3555 2839 habere
3490 2875 3538 2962 po-

3430 1288 3478 1379 tuit
3417 1414 3476 1546 quod
3413 1580 3477 1753 steph.
3413 1792 3475 1908 Byz.
3427 1946 3459 1986 s,
3427 2023 3458 2065 v.
3411 2103 3473 2300 ἄντρον
3426 2334 3474 2535 tradidit
3426 2560 3474 2850 vocabulum
3426 2875 3476 2964 ἆν-

3336 1286 3396 1467 τραῖος
3334 1501 3401 1739 (εὕρηται
3348 1776 3398 1831 δὲ
3346 1866 3398 1953 καὶ
3332 1989 3397 2253 ἅντραῑος,
3335 2293 3395 2362 ὠς
3331 2397 3395 2693 Εὐριπίδης
3345 2719 3398 2775 ἐν
3333 2800 3395 2963 Αἰξί).

3270 1418 3317 1509 His
3268 1537 3316 1678 dictis
3267 1707 3315 1909 chorum
3249 1944 3313 2185 conspicit
3264 2207 3312 2500 feminarum
3265 2530 3311 2631 sive
3264 2670 3313 2963 famularum

3188 1284 3238 1497 Medeae
3188 1533 3220 1594 ex
3187 1628 3235 1829 aedibus
3169 1865 3234 2231 prodeuntium,
3184 2270 3215 2330 ex
3169 2359 3231 2530 quibus
3184 2565 3232 2626 de
3169 2648 3216 2780 rege,
3169 2819 3216 2964 quem

3108 1286 3150 1613 conventurus
3096 1651 3149 1741 est,
3092 1777 3153 1985 quaerit.
3105 2067 3154 2301 Vicissim
3104 2337 3152 2548 feminae
3087 2581 3151 2721 ipsae
3087 2757 3152 2965 cupidae

3027 1286 3071 1402 sunt
3013 1435 3075 1787 cognoscendi,
3012 1822 3058 2028 quanam
3009 2066 3071 2218 patria
3008 2254 3070 2527 quibusque
3005 2562 3071 2845 parentibus
3022 2881 3056 2967 or-

2947 1287 2991 1366 tus
2948 1404 2995 1469 sit
2948 1503 2995 1691 iuvenis
2931 1729 2993 2204 praestantissimus:

2867 1410 2918 1459 τί
2868 1495 2907 1551 σε
2852 1584 2918 1754 μάτηρ
2866 1792 2918 1849 ἐν
2845 1884 2916 2075 δεκάτᾳ

2786 1413 2837 1573 τόκον
2771 1606 2839 1905 ὠνόμαζενς

2707 1286 2758 1555 Cuiusnam
2706 1592 2753 1665 rei
2705 1703 2736 1873 caussa
2703 1909 2752 2124 feminae
2688 2160 2751 2436 prodierint
2701 2481 2744 2532 et
2687 2579 2734 2836 quamnam
2684 2870 2733 2967 po-

2627 1284 2676 1527 tissimum
2626 1564 2657 1669 rem
2609 1698 2671 1883 parodo
2612 1912 2671 2231 cantaverint,
2608 2266 2669 2530 ignoratur.
2606 2599 2670 2772 Neque
2619 2802 2664 2968 tamen

2535 1285 2596 1477 dubito,
2530 1512 2593 1625 quin
2545 1660 2593 1737 vel
2542 1774 2592 2111 institutorum
2542 2147 2590 2224 vel
2541 2260 2590 2507 festorum
2541 2543 2583 2679 certa
2540 2715 2588 2967 sollemnia

2468 1284 2515 1357 sic
2452 1393 2515 1766 celebraverint,
2462 1802 2504 1858 ut
2447 1894 2510 2259 praedicatione
2460 2281 2493 2446 rerum
2461 2473 2509 2787 familiarium
2459 2811 2508 2968 Athe-

2386 1284 2435 1481 nienses
2379 1518 2434 1903 delectarentur.

2306 1414 2355 1584 Prodit
2304 1619 2336 1705 rex
2302 1742 2349 2005 salutatum
2289 2039 2348 2280 iuvenem,
2284 2318 2347 2401 qui
2284 2436 2331 2586 quum
2300 2622 2343 2697 tot
2283 2722 2347 2971 tantisque

2225 1284 2273 1632 certaminibus
2221 1670 2267 1959 sustentatis
2219 1996 2266 2209 omnium
2220 2247 2266 2343 iam
2219 2381 2266 2551 oculos
2220 2589 2266 2634 in
2218 2672 2250 2726 se
2219 2761 2251 2973 conver-

2136 1282 2194 1447 tisset,
2144 1483 2187 1648 tamen
2144 1683 2174 1743 ex
2128 1779 2173 1987 quanam
2124 2024 2187 2179 patria
2128 2216 2186 2485 oriundus,
2123 2532 2186 2707 quibus
2123 2753 2186 2970 parenti-

2065 1282 2113 1373 bus
2057 1409 2108 1568 natns,
2048 1606 2095 1702 qno
2062 1738 2108 1934 nomine
2046 1970 2107 2221 praeditus
2049 2257 2099 2405 esset,
2045 2441 2106 2783 ignorabatur:

1984 1413 2035 1575 ποίαν
1985 1611 2021 1667 σε
1969 1702 2030 1887 φῶμεν
1967 1920 2027 2079 γαῖαν
1979 2116 2032 2448 ἐκλελοιπότα

1904 1411 1954 1559 πόλει
1892 1594 1954 1881 ξενοῦσθαι
1884 1914 1950 2067 τῇδε,’
1891 2103 1950 2178 τίς
1884 2213 1949 2411 πάτρας
1884 2448 1950 2600 6909,-

1813 1413 1874 1491 τίς
1822 1526 1876 1638 ἔσθ’
1821 1676 1872 1705 ὁ
1805 1739 1871 1939 φύσαςς
1819 1976 1865 2073 τοῦ
1803 2108 1869 2391 κεκήρυξαι
1802 2426 1866 2659 numos,-

1743 1281 1792 1421 Ficta
1742 1455 1790 1682 Theseus
1723 1718 1786 1989 respondet
1724 2025 1784 2278 quaerenti
1722 2312 1785 2536 falsaque
1734 2571 1781 2700 veris
1733 2727 1781 2850 scite
1734 2878 1780 2969 mi-

1662 1282 1709 1467 scendo
1661 1515 1710 1664 fidem
1660 1710 1708 1831 facit
1659 1879 1706 2023 dictis
1643 2052 1708 2118 ²¹²).
1657 2191 1706 2403 Patriam
1656 2457 1703 2551 sibi
1654 2587 1701 2800 Atticam
1640 2840 1683 2969 esse,

1582 1283 1629 1371 sed
1565 1408 1623 1663 parentes,
1564 1713 1626 1843 quod
1578 1893 1625 1955 sit
1562 1999 1624 2227 parvulus
1577 2277 1607 2302 a
1574 2339 1616 2497 matre
1557 2534 1619 2789 expositus
1572 2826 1615 2875 et
1570 2909 1618 2969 ab

1502 1282 1550 1452 alienis
1486 1500 1549 1771 educatus,
1482 1819 1545 2048 ignorari.
1496 2128 1546 2274 Velle
1495 2310 1526 2364 se
1479 2401 1525 2601 operam
1493 2640 1524 2777 suam
1491 2814 1539 2968 vires-

1407 1283 1454 1379 que
1421 1414 1468 1475 ad
1404 1512 1466 1785 augendam
1401 1822 1465 2030 patriam
1401 2068 1464 2447 liberandosque
1415 2482 1446 2508 a
1413 2533 1461 2673 malis
1397 2700 1457 2849 atque
1410 2868 1452 2967 ter-

1339 1280 1389 1475 roribus
1339 1511 1386 1743 mortales
1337 1782 1385 2033 conferre:

1260 1412 1310 1462 τί
1243 1496 1310 1597 γὰρ
1240 1632 1307 1878 πατρῴας
1240 1913 1306 2070 ἀνδρὶ
1242 2104 1306 2352 φίλτερον
1239 2385 1304 2607 χθονός,-

1179 1281 1228 1409 velle
1163 1445 1225 1674 exemplo
1175 1710 1223 1942 Herculis
1174 1979 1223 2200 serendis
1161 2239 1223 2507 laboribus,
1172 2543 1220 2772 tollendis
1171 2808 1218 2968 homi-

1099 1280 1131 1398 num
1080 1446 1146 1819 belluarumque
1082 1868 1142 2134 monstris,
1094 2184 1142 2390 salutem
1093 2440 1124 2564 unus
1077 2612 1140 2834 plurimis
1075 2880 1121 2967 pa-

1019 1282 1067 1434 rando
1019 1470 1065 1531 ad
1002 1566 1066 1768 gloriam
998 1807 1055 1956 atque
1014 1990 1061 2408 immortalitatem
1013 2445 1061 2576 eniti.
1013 2617 1060 2695 Cf.
1007 2713 1060 2965 Plutarch.

939 1283 971 1327 c.
939 1364 983 1411 6.
922 1447 969 1495 p.
939 1534 983 1590 3:
935 1636 990 1731 τὸν
933 1764 985 1819 δὲ
932 1853 982 2014 πάλαι
916 2046 984 2168 μέν,
923 2217 984 2287 ὡς
921 2334 987 2498 ἔοικε,
916 2547 982 2845 λεληθότως
929 2890 980 2967 δι-

747 1349 801 1391 ’)
761 1423 803 1611 Panaeti
761 1655 803 1847 civitatis
760 1887 801 1931 in
759 1962 799 2049 hae
758 2079 799 2328 narratione
757 2358 798 2626 mentionem
754 2657 797 2826 factam
754 2871 781 2967 csse

690 1423 717 1477 cx
678 1506 730 1727 llarpocr.
692 1759 718 1792 s.
689 1826 716 1869 v.
689 1900 729 2051 verbis
676 2097 732 2181 (ὥς
685 2218 730 2296 καὶ
672 2327 733 2580 Εὐριπίδης
684 2620 728 2668 ἐν
671 2697 725 2822 Αἰγεῖ
670 2850 708 2967 μνη-

607 1425 665 1627 μονεύει)
617 1659 661 1846 coniecit
616 1876 660 2150 wolckerus.
