5010 3336
3942 2078 3997 2193 160

3809 1300 3859 1578 Aristotelis
3794 1630 3859 1802 (Rhet.
3794 1847 3856 1928 ΙΙΙ,
3792 1972 3852 2065 16,
3786 2102 3853 2202 7.),
3800 2239 3851 2448 Platonis
3781 2487 3850 2607 (lon.
3780 2647 3828 2697 p.
3789 2734 3840 2844 533.
3775 2870 3842 2970 D.)‚

3730 1300 3773 1351 et
3715 1394 3775 1814 grammaticorum
3725 1865 3774 1981 satis
3707 2033 3772 2372 frequentibus
3699 2410 3762 2969 commemorationibus,

3651 1299 3683 1359 ex
3650 1395 3697 1570 summi
3632 1605 3688 1780 poetae
3645 1813 3693 1934 Attii
3641 1986 3693 2255 imitatione
3623 2302 3687 2506 aliisque
3634 2561 3683 2854 testimoniis
3632 2888 3664 2970 ae·

3569 1296 3618 1493 stimare
3565 1526 3617 1661 licet.
3549 1730 3615 1971 Respexit
3563 2007 3610 2067 ad
3561 2104 3610 2234 idem
3558 2272 3609 2473 Ovidius
3551 2499 3605 2703 Heroid.
3539 2734 3603 2819 IX,
3552 2846 3599 2969 153:

3501 1425 3509 1489 ——
3476 1556 3534 1715 „solio
3485 1749 3533 1893 sedet
3467 1927 3531 2122 Agrius
3480 2158 3527 2297 alto:

3408 1427 3457 1601 Oenea
3404 1637 3454 1889 desertum
3403 1922 3451 2063 meda
3399 2096 3441 2305 senecta
3381 2330 3446 2571 premit.⁷'

3314 1290 3378 1509 Denique
3326 1535 3375 1780 Timocles
3323 1807 3372 2033 Comicus
3319 2062 3367 2282 versibus
3304 2315 3365 2599 quibusdam
3299 2626 3362 2754 apud
3309 2782 3362 2964 Athen.

3234 1287 3280 1337 p.
3237 1371 3294 1500 223„
3233 1537 3294 1713 quibus
3244 1748 3293 1919 utilem
3242 1956 3274 2066 esse
3240 2100 3288 2247 docet
3222 2274 3285 2572 tragoediam
3234 2602 3283 2830 advitam
3232 2858 3265 2963 mo-

3154 1287 3200 1466 resque
3153 1499 3213 1759 regendOS,
3163 1797 3212 1950 Oenei
3144 1984 3208 2260 exemplum
3156 2297 3205 2493 senibus
3144 2528 3203 2739 miseris,
3138 2775 3185 2872 quo
3150 2907 3185 2963 se

3074 1287 3135 1672 consolarentur,
3069 1708 3130 1991 proposuit:

2993 1413 3059 1583 γέρων
2995 1616 3038 1693 τις
2987 1727 3055 1933 ἀτυχεῖς
2984 1968 3053 2262 κατέμαθεν
2996 2298 3049 2391 τὸν
2996 2424 3049 2600 Οἰνέα.

2658 1813 2711 1882 D.
2638 1984 2710 2403 Syleus

2509 1404 2569 1663 Hercules,
2503 1699 2564 1833 gravi
2513 1866 2560 2034 morbo
2513 2061 2560 2122 de
2496 2158 2560 2303 Iphiti
2510 2339 2542 2461 nece
2492 2497 2553 2768 correptus,
2493 2805 2541 2951 quum

2425 1270 2489 1487 Delphos
2427 1524 2487 1725 adisset,
2419 1777 2466 2068 responsum
2432 2105 2479 2216 tulit
2431 2251 2478 2355 sore
2427 2393 2475 2547 morbi
2416 2585 2474 2748 finem,
2428 2786 2475 2828 si
2428 2863 2474 2950 tri-

2362 1268 2407 1463 ennium
2360 1490 2403 1646 totum
2355 1674 2403 1897 venditus
2352 1935 2399 2222 servitutem
2349 2260 2396 2506 serviiSset
2333 2541 2390 2684 atque
2347 2718 2394 2948 aestima-

2282 1265 2329 1449 tionem
2264 1495 2326 1714 corporis
2278 1762 2323 1837 sui
2259 1886 2306 1976 pro
2258 2019 2320 2210 piaculo
2255 2259 2318 2409 Iphiti
2269 2467 2315 2583 filiis
2267 2631 2315 2944 reddidisset.

2189 1266 2249 1375 Quo
2200 1412 2247 1607 oraculo
2184 1643 2245 1795 edito7
2180 1831 2243 2126 Mercurius,
2173 2163 2232 2364 rogante
2178 2397 2235 2633 Hercule,
2171 2668 2235 2829 ipsum
2171 2856 2220 2946 pro

2122 1263 2154 1405 servo
2118 1439 2167 1673 vendidit.
2113 1745 2164 1881 Haec
2112 1914 2160 2081 retulit
2096 2114 2159 2443 Apollodorus
2098 2473 2155 2533 ΙΙ,
2098 2559 2152 2606 6,
2107 2636 2152 2681 3.
2092 2716 2154 2947 idemque

2041 1260 2091 1389 inter
2024 1424 2083 1617 tempus
2035 1651 2082 1899 servitutis
2018 1937 2081 2137 Syleum
2030 2172 2077 2220 in
2016 2272 2077 2482 Aulide,
2012 2528 2075 2610 qui
2012 2656 2074 2943 peregrinos

1963 1260 1993 1315 ea
1960 1351 2008 1447 iter
1957 1483 2007 1719 facientes
1954 1754 1998 1933 terram
1951 1971 2000 2144 fodere
1935 2169 1991 2383 cogeret,
1949 2422 1995 2480 ab
1934 2514 1995 2746 Hercule,
1947 2783 1994 2941 resos-

1882 1260 1929 1324 sis
1880 1362 1926 1419 ab
1877 1456 1926 1621 radice
1862 1656 1923 1863 vitibus,
1871 1911 1919 2223 intersectum
1868 2271 1901 2381 esse
1868 2415 1899 2509 una
1867 2545 1899 2653 cum
1866 2690 1915 2942 Xenodice

1802 1256 1850 1355 filia
1797 1416 1846 1617 tradidit
1793 1662 1841 1956 memoriae:
1791 2011 1823 2120 cum
1775 2158 1821 2253 quo
1771 2290 1835 2539 conspirat
1787 2574 1834 2815 Diodorus
1775 2854 1834 2939 IV,

1722 1255 1768 1334 31.
1719 1404 1768 1457 ln
1718 1493 1767 1610 Pelii
1714 1645 1761 1823 montis
1712 1861 1759 2033 vicinia
1695 2085 1758 2285 Syleum
1706 2334 1755 2583 habitasse
1706 2635 1753 2779 etiam
1707 2819 1754 2937 Pro-

1641 1252 1690 1356 clus
1623 1382 1670 1429 p.
1626 1457 1684 1569 221,
1636 1598 1681 1677 33.
1635 1715 1676 1765 et
1633 1799 1681 1998 Photius
1618 2028 1677 2138 186,
1629 2170 1675 2246 17.
1612 2283 1671 2551 testantur,
1625 2604 1672 2734 unde
1626 2772 1673 2935 conie-

1559 1250 1605 1437 cturam
1543 1464 1606 1740 Matthiaei,
1553 1779 1605 1836 ἐν
1533 1872 1601 2047 Λυδίᾳ
1533 2075 1580 2165 pro
1548 2192 1601 2248 ἐν
1545 2282 1596 2471 Αὐλίδι
1530 2506 1592 2633 apud
1529 2669 1593 2934 Apollodo-

1480 1248 1515 1354 rum
1462 1392 1509 1634 reponere
1462 1670 1522 1894 volentis,
1454 1933 1515 2284 repudiandam
1466 2322 1498 2431 esse
1448 2466 1513 2769 intelligitur.

1396 1376 1447 1596 Philonis
1393 1633 1442 1798 Iudaei
1374 1835 1422 1983 opera
1376 2012 1435 2082 fit,
1389 2119 1431 2173 ut
1385 2203 1429 2493 structuram
1385 2524 1431 2754 dramatis
1368 2781 1417 2931 agno-

1319 1245 1354 1384 scere
1302 1431 1359 1577 atque
1309 1628 1361 1962 demonstrare
1293 1996 1356 2271 possimus:
1290 2326 1353 2466 plura
1304 2502 1351 2627 enim
1304 2665 1352 2727 de
1304 2760 1351 2845 illo
1286 2881 1334 2928 p.

1241 1242 1285 1337 681
1223 1366 1270 1471 seq.
1219 1510 1279 1773 excerpsit.
1227 1844 1278 2111 Praeterea
1226 2146 1272 2355 narratio
1210 2390 1271 2661 argumenti
1223 2695 1270 2837 etiam
1223 2878 1270 2927 in

1159 1243 1208 1465 Crameri
1155 1501 1205 1682 Anecd.
1141 1718 1201 1777 II,
1149 1806 1195 1849 7.
1138 1887 1190 2128 servatur,
1146 2165 1193 2343 additis
1145 2379 1193 2456 his
1143 2492 1190 2678 verbis:
1142 2728 1195 2834 ἔστι
1141 2870 1194 2927 δὲ

1079 1237 1130 1296 τὸ
1075 1341 1122 1588 τοιοῦτον
1059 1639 1122 1941 Εὐριπίδου
1051 1994 1116 2179 δρᾶμα.
1064 2262 1113 2432 Prodit
1047 2468 1110 2612 igitur
1060 2648 1110 2924 Mercurius

995 1236 1048 1503 Herculem
979 1537 1042 1735 ducens,
976 1774 1021 1918 quem
984 1955 1031 2244 venditurus
972 2280 1027 2372 est,
967 2411 1029 2707 exponitque
981 2745 1028 2824 illa
980 2860 1026 2923 de

904 1234 968 1378 Iphiti
901 1412 947 1561 nece,
912 1619 959 1681 de
895 1733 942 1916 poena,
891 1966 937 2109 quam
905 2159 953 2275 dare
903 2310 952 2552 Hercules
902 2587 949 2718 illius
899 2753 949 2921 liberis

820 1234 883 1558 constituerit,
817 1595 881 1755 deque
829 1792 861 1878 suo
812 1920 873 2106 officio,
808 2144 873 2272 quod
808 2308 854 2398 pro
821 2435 853 2577 servo
820 2612 867 2795 amicus
818 2828 866 2919 sibi

753 1233 805 1512 vendendus
740 1562 799 1654 sit.
748 1713 798 1774 de
732 1823 795 1999 quibus
742 2048 790 2196 rebus
742 2246 790 2411 videas
739 2461 791 2725 Diodorum
722 2770 782 2918 atque
