5010 3336
3930 2084 3986 2202 102

3793 1284 3843 1477 xissent
3793 1510 3842 1723 initium.
3792 1793 3840 1867 Ac
3792 1902 3834 2005 tum
3775 2029 3839 2231 quidem
3773 2258 3838 2595 Anaxagoram
3785 2624 3835 2852 admirati
3782 2874 3825 2992 sunt

3698 1283 3761 1370 qui
3699 1420 3762 1655 aderant,
3712 1707 3761 1795 sed
3694 1848 3760 2016 paullo
3694 2051 3753 2164 post
3692 2199 3757 2533 Lamponem,
3692 2587 3739 2766 quum,
3700 2814 3754 2991 fractis

3618 1281 3683 1593 Thucydidis
3615 1630 3680 1839 opibus,
3630 1887 3678 1949 ad
3629 1998 3676 2144 unius
3628 2191 3677 2401 Periclis
3611 2446 3674 2714 potentiam
3620 2765 3672 2992 universa

3536 1279 3600 1562 respublica
3549 1597 3598 1827 redisset.
3549 1896 3598 2100 Poterat
3547 2134 3580 2253 vero
3547 2287 3590 2427 recte
3530 2462 3587 2673 uterque
3527 2701 3590 2992 coniecisse,

3473 1280 3517 1380 tam
3453 1429 3518 1760 philosophus
3453 1809 3500 1954 quam
3456 1992 3510 2158 vates,
3466 2214 3515 2340 alter
3452 2377 3496 2618 caussam,
3462 2669 3511 2795 alter
3459 2840 3509 2990 finem

3390 1279 3432 1556 assecutus.
3387 1627 3437 1759 Illius
3387 1797 3433 1924 enim
3377 1963 3429 2097 erat,
3371 2149 3418 2242 qua
3385 2277 3433 2340 de
3384 2376 3416 2553 caussa
3383 2589 3425 2638 et
3367 2673 3414 2767 qua
3378 2800 3427 2993 ratione

3311 1278 3360 1398 illud
3308 1435 3350 1604 natum
3297 1642 3349 1804 esset,
3290 1857 3353 2146 exquirere3
3294 2184 3353 2363 huius,
3302 2400 3349 2462 ad
3287 2499 3350 2733 quidnam
3284 2769 3345 2991 genitum

3229 1280 3272 1418 esset
3229 1449 3271 1498 et
3213 1525 3275 1639 quid
3211 1668 3275 2009 portenderet,
3208 2048 3274 2395 praedicere.’'
3220 2433 3271 2732 Producitur
3219 2757 3266 2816 ab
3217 2842 3266 2985 Euri·

3135 1277 3198 1396 pide
3131 1411 3196 1548 virgo
3130 1579 3192 1854 praeceptis
3127 1885 3192 2401 matrisphilosophae
3131 2418 3189 2624 imbuta,
3124 2649 3170 2773 quae
3136 2791 3170 2990 caussas

3068 1276 3101 1443 rerum
3064 1483 3115 1868 demonstrando
3045 1904 3110 2129 prodigia
3062 2164 3109 2294 nulla
3060 2331 3092 2444 esse
3046 2496 3106 2700 doceat3
3042 2753 3105 2989 produci-

2988 1274 3031 1359 tur
2986 1394 3019 1546 senex
2969 1582 3032 1869 religiosus,
2981 1925 3029 1974 in
2980 2012 3029 2328 observandis
2963 2366 3026 2599 auspiciis
2960 2646 3024 2990 ominibusque

2892 1276 2956 1673 curiosissimus3
2903 1724 2950 1867 adest
2886 1904 2950 2115 denique
2883 2150 2946 2529 paterfamilias,
2895 2566 2944 2689 satis
2880 2726 2942 2925 quidem
2893 2961 2925 2989 a

2811 1275 2872 1634 superstitione
2823 1671 2865 1719 et
2804 1755 2869 1988 religioso
2803 2028 2860 2234 stupore
2804 2269 2865 2485 alienus,
2815 2540 2862 2629 sed
2801 2677 2861 2759 qui
2800 2798 2861 2988 timeat,

2746 1276 2780 1340 ne
2743 1376 2792 1570 sublata
2742 1606 2789 1821 ominum
2731 1856 2786 1918 vi,
2724 1957 2786 2135 quibus
2735 2173 2783 2474 voluntatem
2735 2513 2766 2651 suam
2736 2688 2782 2756 dii
2719 2796 2781 2986 signifi-

2655 1275 2709 1415 cent,
2664 1467 2711 1614 simul
2646 1662 2709 1822 pietas
2642 1875 2705 2210 sanctitasque
2656 2246 2702 2449 tollatur
2639 2485 2685 2644 neque
2653 2681 2700 2877 omnino
2653 2915 2701 2985 dii

2584 1271 2633 1423 rebus
2582 1468 2631 1697 humanis
2563 1745 2626 2036 prospicere
2575 2083 2624 2354 videantur.
2574 2425 2621 2537 Iloc
2572 2574 2619 2744 drama
2570 2777 2602 2984 numero

2495 1271 2537 1474 eorum,
2486 1539 2532 1664 quae
2483 1721 2546 1893 primis
2496 1956 2543 2123 statim
2478 2173 2541 2479 temporibus
2491 2528 2533 2699 noster
2474 2741 2537 2982 docuerit,

2421 1268 2473 1429 fuisse
2420 1485 2468 1602 inde
2404 1639 2465 1877 coniicio,
2401 1927 2463 2057 quod
2398 2109 2445 2282 parum
2412 2320 2453 2493 cautus
2410 2531 2442 2727 versum
2408 2763 2454 2810 in
2392 2846 2455 2983 prin-

2327 1270 2391 1401 cipio
2325 1437 2386 1606 posuit
2330 1642 2369 1772 eum,
2337 1811 2383 1859 in
2322 1896 2367 1992 quo
2333 2029 2381 2211 theatri
2331 2247 2380 2572 offensionem
2329 2597 2376 2756 minus
2322 2787 2375 2980 vitaret.

2260 1270 2314 1485 Videtur
2242 1522 2307 1673 igitur
2257 1713 2299 1856 antea
2255 1891 2302 1988 hoc
2253 2024 2300 2195 drama
2235 2231 2299 2522 scripsisse,
2235 2573 2281 2717 qnam
2246 2758 2295 2980 Socratis

2180 1266 2225 1413 utens
2167 1451 2224 1830 consuetudine,
2175 1868 2217 1921 ut
2174 1957 2221 2025 ait
2157 2064 2221 2345 Dionysius,
2170 2383 2218 2442 ad
2154 2473 2215 2871 probabilitatem
2165 2900 2197 2979 ra-

2099 1265 2149 1453 tionem
2081 1489 2146 1875 philosophandi
2091 1910 2141 2224 traduceret:
2076 2261 2141 2389 μετὰ
2087 2423 2134 2593 ταῦτα
2067 2629 2136 2855 ὡμίλησε
2082 2888 2136 2980 καὶ

2002 1266 2068 1564 Σωκράτει,
2015 1628 2066 1717 καὶ
2013 1779 2065 1863 ἐπὶ
2011 1926 2062 1984 τὸ
1992 2044 2061 2415 εὐπορώτερον
1989 2462 2053 2626 ἤγαγε
2001 2673 2052 2768 τὸν
1985 2816 2051 2979 λόγον

1923 1267 1987 1442 (Rhet.
1923 1480 1984 1609 Vlll,
1915 1649 1982 1772 1⁷1.).
1915 1860 1979 2083 Eamque
1928 2118 1960 2223 rem
1927 2261 1973 2333 sic
1926 2370 1957 2424 se
1923 2458 1972 2692 habuisse
1904 2743 1967 2977 intelligi-

1855 1266 1901 1351 tur
1843 1384 1903 1516 inde,
1837 1556 1899 1688 quod
1850 1725 1900 1877 istum
1848 1914 1881 2110 versum
1831 2147 1896 2416 Euripides
1828 2454 1892 2564 ipse
1827 2597 1882 2772 postea
1839 2796 1887 2974 immu-

1773 1264 1822 1403 tavit,

1691 1395 1741 1637 Eiusdem
1676 1683 1738 1877 generis
1672 1929 1731 2078 atque
1667 2137 1735 2424 Menalippa
1679 2486 1730 2753 Cretenses
1676 2816 1727 2972 fuisse

1613 1262 1653 1315 et
1611 1350 1662 1566 Cadmus
1609 1587 1659 1785 fabulae
1606 1821 1656 2068 videntur.
1606 2108 1654 2159 ln
1605 2195 1653 2280 illa
1602 2316 1650 2446 enim
1599 2483 1650 2728 Daedalus
1596 2765 1646 2971 induce-

1518 1260 1580 1431 batur,
1529 1480 1563 1579 non
1528 1631 1577 1793 solum
1526 1840 1569 2043 naturae
1523 2088 1557 2257 rerum
1507 2293 1569 2577 explorator
1503 2614 1565 2964 peritissimus,

1452 1260 1500 1350 sed
1450 1386 1498 1533 etiam
1447 1561 1496 1895 machinarum
1444 1915 1494 2187 fabricator
1425 2210 1490 2653 ingeniosissimus,
1437 2692 1483 2831 cuius
1436 2868 1483 2968 sol-

1369 1258 1420 1409 lertia
1369 1456 1414 1508 et
1367 1554 1411 1729 natura
1349 1776 1407 2099 superaretur
1362 2152 1405 2203 et
1345 2255 1406 2449 tyranni
1343 2484 1404 2705 potentia
1354 2741 1405 2968 eludere-

1278 1258 1334 1370 tur;
1273 1425 1336 1659 idemque
1286 1693 1329 1829 tanta
1284 1865 1325 1973 erat
1269 2007 1331 2239 audacia,
1280 2286 1322 2342 ut
1278 2392 1327 2627 seminam
1276 2675 1319 2813 tauro
1274 2850 1321 2965 sub-

1208 1255 1257 1502 mittendo
1206 1538 1249 1811 monstrum
1202 1848 1250 2141 tauriforme
1184 2176 1245 2429 procreari
1196 2481 1246 2676 faceret
1178 2711 1242 2967 filiumque

1128 1257 1163 1399 suum
1112 1446 1174 1620 pennis
1123 1668 1173 1961 instructum
1121 2013 1169 2063 in
1119 2108 1167 2272 alitem
1119 2319 1150 2380 ex
1115 2422 1165 2625 homine
1111 2660 1154 2872 mutaret
1094 2893 1161 2962 *),

1033 1256 1081 1383 quae
1044 1419 1094 1807 machinationes
1042 1856 1075 1957 non
1039 2007 1082 2147 erant
1038 2190 1086 2376 alienae
1039 2426 1085 2471 ei
1018 2526 1084 2809 doctrinae,
1016 2868 1062 2963 qua

965 1255 1013 1529 communis
962 1581 1012 1799 omnium
959 1847 993 2015 rerum
942 2060 1006 2198 origo
956 2233 1006 2394 fuisse
938 2428 998 2758 statueretur,
936 2810 983 2960 quum

733 1309 788 1362 Ὃ
744 1394 787 1462 Cf.
729 1491 786 1797 Nicephorum
739 1826 782 1870 in
722 1899 767 2137 progymn.
720 2169 777 2328 (Rhet.
720 2349 761 2416 gr.
731 2443 774 2512 ed.
730 2529 773 2670 Walz.
730 2692 771 2728 l.
716 2756 756 2799 p.
716 2817 773 2958 436.).
