5010 3336
1008 2142 1064 2264 489

1174 2958 1222 3022 de
1183 2762 1220 2931 caussa
1163 2562 1222 2737 voluit3
1165 2424 1209 2526 tum
1155 2102 1221 2398 pertinentes
1148 2014 1197 2073 ad
1144 1774 1211 1977 gloriam
1137 1369 1195 1754 Atheniensium7

1254 2961 1300 3022 ad
1250 2691 1298 2926 maiorum
1258 2576 1290 2655 res
1247 2373 1302 2532 gestas
1235 2195 1297 2324 (nam
1231 1890 1277 2156 Amazonas
1222 1607 1269 1854 invasione
1220 1529 1264 1571 in
1217 1364 1266 1492 Atti-

1347 2914 1379 3019 cam
1329 2750 1375 2881 facta
1322 2529 1387 2715 proelio
1320 2243 1380 2493 superatas
1325 2096 1356 2206 esse
1304 1783 1363 2076 constabat),
1299 1688 1345 1745 ad
1298 1364 1345 1659 divinitatem

1418 2572 1447 2628 ae
1414 2413 1445 2520 cum
1394 2156 1441 2377 universo
1385 1889 1432 2119 dramatis
1382 1571 1443 1853 argumento
1378 1359 1422 1534 mirum

1491 2970 1536 3019 in
1485 2739 1534 2935 modum
1480 2408 1542 2701 conspirant.
1470 2158 1518 2340 Omitto
1466 1942 1520 2121 dicere,
1476 1762 1521 1905 quam
1456 1603 1503 1726 scite
1471 1500 1501 1584 eae
1454 1357 1498 1475 ima-

1578 3270 1607 3333 *st
1626 3168 1631 3170 .
1568 2878 1631 3016 gines
1565 2590 1618 2841 inventae„
1554 2269 1615 2540 descriptae
1562 2169 1593 2224 ac
1543 1860 1603 2120 dispositae
1539 1704 1583 1815 sint.
1534 1355 1581 1634 Convivium

1662 2899 1694 3016 vero
1645 2686 1707 2863 ipsum,
1632 2365 1684 2650 ministratio
1627 2167 1683 2328 senis„
1621 1889 1682 2131 ingenium
1615 1533 1663 1855 adolescentis
1626 1353 1674 1495 quam

1726 2886 1773 3013 veris
1734 2611 1785 2851 quamque
1714 2410 1761 2577 vividis
1706 2139 1756 2381 coloribus
1700 1920 1763 2114 depicta
1696 1735 1743 1877 sunt!
1697 1592 1739 1698 tota
1690 1351 1737 1561 narratio

1859 3167 1868 3169 J
1820 2868 1868 3009 quam
1808 2718 1864 2831 apta
1798 2626 1844 2684 ad
1788 2252 1841 2589 delectandos,
1780 1944 1837 2205 tenendos,
1774 1633 1822 1898 movendos
1774 1349 1832 1597 spectato-

1884 2899 1931 3008 res!
1881 2732 1928 2829 lam
1876 2638 1923 2696 ad
1884 2370 1919 2610 summum
1864 2207 1929 2344 quasi
1861 1999 1908 2188 culmen
1853 1676 1903 1970 discriminis
1866 1573 1897 1651 res
1851 1345 1896 1545 evectae

1967 2877 2022 3005 sunt,
1958 2713 2006 2841 unde
1958 2599 1999 2680 aut
1948 2320 2015 2563 pernicies
1949 2220 1990 2300 aut
1942 2071 1989 2199 salus
1935 1757 1985 2044 brevissimo
1937 1506 1993 1731 tempore
1943 1345 1974 1487 even·

2047 2900 2089 3008 tura
2040 2773 2086 2866 est.
2030 2404 2095 2703 'l'repidante
2027 2217 2071 2366 choro
2036 2090 2067 2181 nec
2019 1814 2073 2056 habente,
2027 1670 2073 1765 quo
2007 1449 2055 1622 evadat
2020 1341 2052 1402 ex

2138 3278 2168 3331 Νι)
2118 2835 2181 3006 capitis
2112 2553 2179 2801 periculo,
2109 2286 2159 2502 Creusa,
2116 2087 2164 2232 quum
2111 1896 2160 2051 paene
2108 1802 2139 1859 ex
2089 1592 2137 1766 mediis
2086 1339 2133 1558 hostium

2216 3284 2248 3329 ’Ἡ
2230 3166 2257 3167 ;
2200 2891 2248 3007 telis
2213 2801 2243 2854 se
2192 2491 2254 2765 eripuisset,
2187 2398 2232 2455 ad
2198 2229 2229 2360 aram
2177 1958 2237 2191 confugit,
2175 1635 2233 1923 insequente
2167 1486 2213 1597 lone
2179 1337 2211 1447 cum

2277 2757 2325 3007 militibus.
2269 2454 2330 2687 Sequitur
2262 2154 2309 2418 diverbium
2257 1843 2303 2107 vehemens
2256 1652 2311 1797 atque
2246 1336 2302 1607 incitatum,

2341 3164 2408 3167 l
2360 2770 2418 3003 urgente,
2350 2510 2398 2723 minante
2351 2330 2406 2476 atque
2339 2095 2386 2294 insidias
2333 1734 2397 2058 exprobrante
2329 1561 2386 1702 lone,
2325 1336 2371 1522 Creusa

2443 2832 2483 2997 autem
2430 2716 2478 2795 dei
2427 2507 2474 2681 auxilio
2442 2415 2471 2467 sc
2427 2193 2469 2379 tutante
2423 2110 2465 2160 et
2414 1900 2461 2074 merito
2427 1797 2457 1849 se
2408 1604 2465 1763 hosti,
2404 1470 2467 1554 qui
2403 1333 2449 1421 do-

2530 2868 2562 2999 mum
2516 2781 2558 2830 et
2512 2622 2558 2746 bona
2522 2490 2552 2576 sua
2505 2199 2563 2443 direptum
2496 2011 2550 2149 ierit,
2497 1758 2539 1963 mortem
2487 1496 2533 1712 molitam
2497 1331 2529 1443 esse

2592 2674 2646 2997 defendente,
2602 2530 2648 2625 quo
2585 2388 2631 2493 loco
2581 2202 2628 2350 multa
2578 2110 2623 2167 ab
2580 1863 2634 2072 utroque
2568 1681 2616 1831 inscio
2581 1534 2612 1644 vera
2563 1330 2610 1499 dicun-

2678 2899 2731 2996 tur,
2671 2685 2733 2861 quibus
2666 2492 2713 2649 minus
2665 2146 2709 2455 moverentur
2658 1800 2718 2117 spectatores7
2647 1720 2693 1761 si
2645 1529 2693 1686 minus
2655 1326 2689 1493 rerum

2750 2857 2814 2994 gnari
2751 2641 2795 2820 essent.
2743 2448 2789 2568 Cum
2742 2318 2786 2411 iam
2754 2223 2784 2279 eo
2738 1933 2782 2191 deventum
2734 1746 2787 1894 esset„
2731 1658 2772 1709 ut
2727 1567 2772 1623 ab
2724 1432 2785 1538 ipsa
2736 1324 2767 1407 ara

2819 3162 2995 3166 ι
2830 2898 2889 2995 dei,
2827 2763 2891 2860 (ῙιιίἸ
2822 2600 2887 2728 quod
2821 2340 2869 2566 destituit
2816 2052 2864 2306 mulierem
2810 1772 2873 2013 quondam
2810 1514 2860 1737 amatam,
2801 1324 2847 1477 malo-

1408 2827 1470 3018 originis
1405 2633 1468 2792 pictur

2536 3269 2563 3309 NJ]

2619 3316 2625 3323 .
2616 3269 2646 3290 Η»

2926 2884 2958 2994 rum
2906 2611 2953 2824 omnium
2912 2243 2959 2561 errorumque
2900 2016 2941 2182 auctor
2895 1862 2949 1966 est,
2892 1603 2934 1810 matrem
2882 1429 2927 1555 filius
2878 1322 2925 1383 ad

2998 3163 3027 3165 l
2987 2700 3051 2989 supplicium
2986 2453 3043 2665 raperet7
2976 2243 3039 2418 Pythia
2971 1935 3028 2210 intervenit7
2984 1776 3031 1898 quae
2962 1500 3027 1740 quondam
2974 1321 3023 1471 expo-

3070 2840 3115 2986 situm
3062 2610 3110 2803 sustulit
3072 2320 3119 2559 quamque
3054 2184 3099 2268 ille
3050 1968 3098 2136 matris
3049 1822 3093 1931 loco
3045 1623 3091 1784 colere
3039 1318 3087 1586 consuevit.

3148 2848 3207 2985 Quae
3142 2596 3188 2811 Creusae
3138 2365 3199 2561 quidem
3132 2136 3179 2332 caedem
3126 1858 3183 2096 defendit,
3124 1720 3170 1822 loni
3126 1523 3168 1684 autem
3120 1318 3165 1487 cistam

3242 2873 3273 2986 cum
3221 2642 3277 2836 fasciis,
3220 2551 3265 2599 in
3217 2340 3278 2513 quibus
3211 2051 3273 2301 expositus
3207 1893 3263 2013 suit„
3219 1754 3266 1844 pro
3202 1517 3264 1719 pignore
3198 1317 3245 1483 tradit.

3295 3162 3332 3163 l
3305 2891 3353 2986 His
3300 2708 3349 2855 dictis
3298 2292 3346 2672 adolescentem,
3291 2122 3351 2254 quasi
3286 1711 3346 2087 en1ancipatum‚
3280 1514 3326 1674 valere
3282 1431 3324 1481 et
3292 1316 3323 1398 ve-

3339 3160 3530 3165 ι
3399 2877 3433 2983 ram
3386 2635 3427 2842 matrem
3392 2510 3439 2600 per
3380 2321 3420 2475 totum
3378 2043 3417 2282 terrarum
3365 1824 3411 1992 orbem
3360 1499 3423 1789 investigare
3357 1316 3402 1465 iubet.

3543 3160 3573 3163 l

3585 3159 3703 3163 i

3803 3160 3838 3161 l

2937 3287 2960 3326 ἠν

3464 2871 3511 2984 Hoc
3459 2699 3521 2836 quasi
3456 2495 3503 2663 matris
3451 2175 3499 2460 haeredium
3447 2024 3493 2136 dum
3445 1870 3499 1987 lon,
3444 1768 3488 1818 et
3455 1596 3487 1732 suam
3444 1513 3484 1560 et
3436 1310 3482 1478 matris

3541 2754 3591 2981 acerbam
3541 2537 3584 2717 sortem
3531 2210 3595 2498 deplorans,
3526 1995 3573 2162 insulis
3521 1786 3579 1960 nudat,
3521 1547 3582 1750 repente
3516 1310 3575 1511 Creusa,

3620 2785 3683 2978 cognita
3632 2622 3673 2750 area,
3615 2538 3661 2587 iu
3628 2411 3674 2502 qna
3610 2140 3655 2375 infantem
3604 1863 3667 2103 exposuit,
3602 1692 3648 1828 illum
3603 1614 3645 1668 ut
3597 1426 3644 1581 {ilium
3611 1310 3641 1388 sa-

3702 2838 3757 2976 lutat,
3698 2645 3759 2803 ipsum
3709 2499 3739 2606 cum
3692 2262 3753 2462 pignore
3703 2139 3749 2226 pro
3702 2020 3733 2102 ara
3683 1686 3745 1983 amplectens
3692 1504 3739 1661 neque
3689 1308 3722 1483 curans

3779 2768 3843 2976 amplius
3774 2535 3822 2731 strictos
3772 2292 3818 2499 militum
3768 2069 3830 2257 gladios
3763 1976 3825 2043 *).
3763 1781 3810 1908 Tum
3757 1522 3822 1742 symbola
3761 1446 3802 1495 et
3769 1306 3800 1412 cre-

3881 1636 3897 1645 5
3878 1566 3894 1585 9!

3904 2868 3957 2919 ἢζ)
3902 2714 3944 2837 Male
3900 2397 3939 2682 Hermauuus
3894 2228 3935 2366 verba
3890 1942 3944 2188 σφάζοντες
3883 1847 3928 1901 οὗ
3883 1650 3937 1805 λήγοιτ
3899 1537 3925 1595 αν
3880 1304 3930 1506 mutavit,

3970 2677 4025 2833 quibus
3982 2601 4009 2647 se
3971 2384 4008 2571 mortem
3978 2268 4004 2354 non
3962 2050 4015 2238 amplius
3972 1855 4000 2008 curare
3955 1667 3996 1825 mulier
3956 1416 3995 1635 declarat:
3954 1302 3990 1373 tu—

4041 2747 4082 2831 tius
4039 2602 4080 2718 enim
4039 2396 4092 2572 asylum
4048 2287 4085 2366 ca,
4046 2136 4086 2245 quae
4046 1994 4072 2107 nuuc
4030 1635 4082 1953 amplectatur,
4037 1457 4077 1587 quam
4033 1303 4061 1427 aram

4110 2741 4159 2826 dei,
4123 2666 4149 2712 se
4112 2462 4150 2636 nactam
4119 2336 4147 2431 esse
4104 2053 4166 2305 arbitratur.
4101 1873 4141 1996 Idem
4112 1801 4139 1844 v.
4095 1649 4136 1773 1411.
4097 1499 4135 1617 recte
4090 1300 4143 1474 quidem

4180 2548 4232 2827 emendavit,
4177 2433 4219 2508 sed
4175 2247 4219 2390 minus
4176 2088 4216 2206 reete
4171 1738 4224 2049 interpretatus
4168 1617 4206 1695 est.
4162 1408 4205 1558 Tace
4162 1301 4200 1371 tu.
