5010 3336
2937 3316 2973 3336 ἡ
2927 3226 2973 3294 ἰπ-

1052 2133 1105 2207 81,

1196 2765 1246 2873 ἀλλ’
1189 2563 1254 2727 εὐθὺς
1196 2365 1262 2529 αὐδᾷ·
1197 2223 1257 2328 „7595
1193 1910 1257 2185 Κορινθίῳ
1190 1632 1258 1873 ξένῳ”*).

1355 2765 1420 2873 ἵησι
1354 2506 1419 2731 λάταγας
1357 2369 1417 2473 ,,τῷ
1349 2058 1417 2334 Κορινθίῳ
1348 1861 1413 2020 ξένῳ”
1351 1736 1413 1833 **).

1464 2810 1471 2873 ...-
1462 2616 1469 2675 —-
1461 2423 1468 2481 .-
1459 2226 1466 2288 —.-
1456 2028 1467 2094 -η
1457 1832 1465 1896 .—

1504 1872 1523 1895 9'

1514 2676 1563 2873 τοιαῦτ’
1510 2473 1561 2641 ἀλύει·
1508 2016 1573 2438 νουθετούμενος
1508 1935 1558 1981 δ’
1524 1768 1571 1898 ερως

1596 2678 1659 2874 μᾶλλον
1590 2475 1651 2645 πιέζει.

1675 2801 1722 3003 Nutrice
1676 2720 1721 2767 in
1674 2494 1719 2686 domum
1684 2233 1732 2458 regressa
1663 2020 1715 2199 milites
1668 1697 1728 1964 prodeunt,
1666 1565 1729 1646 qui
1668 1335 1730 1518 praesi-

1755 2909 1801 3002 diis
1752 2625 1817 2871 dispositis
1766 2535 1797 2587 se
1750 2439 1796 2500 ad
1748 2220 1810 2406 reliqna
1746 1881 1809 2190 exsequenda
1750 1661 1809 1857 praesto
1761 1521 1794 1631 esse
1751 1336 1794 1497 osten-

1834 2867 1883 3001 dunt,

1911 2643 1973 2872 Sequitur
1908 2444 1955 2608 Proeti
1906 2167 1954 2409 accusatio
1910 1987 1967 2130 atque
1904 1658 1952 1950 confutatio:

1988 2681 2039 2874 τέκτων
1986 2548 2052 2648 γὰρ
1980 2412 2035 2510 οὖν
1981 2130 2048 2379 ἔπρασσες
1984 2031 2032 2096 οὐ
1980 1543 2047 1995 ξυλουργικά***).

2071 2666 2118 2870 Simulat
2070 2550 2116 2631 hic
2067 2140 2132 2517 poenitentiam,
2064 1911 2111 2102 simulat
2062 1472 2125 1877 indignationem:
2066 1334 2110 1436 tum

2151 2558 2212 3005 Bellerophontem,
2152 2452 2206 2521 ut,
2147 2367 2192 2415 in
2146 2122 2208 2332 priorem
2144 1895 2207 2096 hospitii
2143 1530 2204 1867 amicitiaeque
2143 1333 2189 1494 locum

2231 2719 2287 3003 restitutus,
2242 2505 2274 2673 rursus
2225 2125 2272 2456 communibus
2223 1819 2286 2074 penatibus
2237 1605 2268 1771 secum
2222 1498 2267 1570 uti
2222 1335 2279 1467 velit,

2310 2793 2372 3001 benigue
2308 2577 2353 2759 invitat.
2305 2417 2351 2509 ΙἸίε
2304 2248 2350 2368 actis
2309 2066 2348 2199 extra
2306 1854 2362 2018 portas
2300 1446 2362 1803 proficiscitur,
2301 1334 2346 1401 si-

2388 2816 2434 3001 mulans
2386 2584 2447 2779 quidem
2400 2494 2431 2547 se
2383 2103 2429 2458 Sthenebocam
2379 1708 2441 2078 Bellerophonti
2378 1333 2426 1667 abducendam

2467 2665 2523 2999 committere,
2479 2449 2510 2617 revera
2468 2239 2507 2399 autem
2461 1998 2506 2202 militum
2474 1770 2504 1960 manum
2463 1334 2520 1732 congregaturus,

2562 2796 2608 3000 quorum
2560 2601 2606 2749 opera
2542 2421 2587 2556 illum
2557 2265 2587 2372 cum
2538 1909 2585 2215 Stheneboea
2538 1579 2583 1863 redeuntem
2536 1332 2582 1527 invadat

2623 2670 2687 3002 praedamque
2622 2497 2668 2627 hosti
2634 2284 2666 2451 rursus
2618 2045 2678 2233 eripiat.
2616 1725 2678 1968 Deceptus
2615 1549 2661 1675 enim
2613 1333 2661 1500 uxoris

2702 2630 2760 3002 blandimentis,
2704 2514 2746 2566 ut
2698 2298 2746 2456 solent
2695 1879 2742 2247 infidelissimae
2708 1612 2755 1832 quaeque
2692 1333 2740 1565 mulieres

2781 2643 2829 2999 studiosissime
2778 2392 2825 2589 maritos
2775 2109 2836 2342 obsequio
2779 2013 2821 2063 et
2772 1663 2819 1966 simulatione
2772 1443 2819 1619 amoris
2772 1332 2819 1395 ad

2861 2745 2908 3001 arcendam
2874 2519 2906 2708 omnem
2857 2156 2920 2481 suspicionem
2852 1849 2912 2120 devincire,
2850 1686 2913 1796 plus
2851 1510 2899 1638 illius
2867 1333 2914 1475 quam

2940 2792 3003 3000 hospitis
2939 2586 2987 2759 tribuit
2937 2393 2983 2551 dictis.

3018 2523 3080 2870 Interpositum
3020 2412 3062 2485 cst
3014 2174 3061 2378 alterum
3011 2000 3060 2136 chori
3026 1729 3059 1953 carmen:

3096 2794 3155 2870 τίς
3095 2591 3157 2760 ἄνδρα
3096 2437 3159 2559 τιμᾷ
3090 2060 3153 2402 ξειναποέτανς

3177 2890 3238 2997 Quo
3182 2663 3225 2853 cantato
3178 2424 3222 2626 iteratae
3173 2104 3237 2391 proditionis
3170 1865 3217 2059 nuntius
3166 1450 3230 1819 Bellerophonti
3166 1333 3214 1402 al-

3257 2871 3303 2997 latus
3260 2743 3302 2834 est.
3256 2347 3314 2672 Quamobrem
3252 2166 3298 2299 eluso
3250 1938 3296 2118 Proeto
3247 1543 3297 1901 Stheneboeam
3246 1459 3292 1508 in
3244 1332 3292 1423 Pe-

3351 2830 3398 2998 gasum
3334 2611 3382 2783 tollere
3332 2212 3390 2564 sublimemque
3329 1916 3375 2157 abducere
3327 1591 3373 1855 constituit.
3324 1330 3386 1498 Itaque

3414 2789 3471 2997 mulieri,
3428 2605 3474 2751 quum
3410 2510 3456 2569 ad
3408 2180 3469 2473 colloquium
3406 1886 3467 2145 prodisset,
3404 1703 3450 1849 maris
3408 1453 3448 1666 monstra
3407 1330 3448 1427 tam

3494 2773 3540 2999 immania
3490 2455 3551 2739 itinerisque
3485 2207 3551 2421 pericula
3490 2076 3531 2172 tam
3483 1861 3529 2040 atrocia
3481 1419 3545 1828 repraesentavit,
3483 1329 3526 1379 ut

3574 2936 3621 2998 ad
3573 2726 3635 2902 Pegasi
3570 2464 3619 2693 auxilium
3568 2302 3614 2430 ultro
3563 1952 3626 2266 confugeret:

3698 2886 3751 2931 *)
3698 2698 3738 2855 Athen.
3698 2602 3738 2655 X.
3710 2517 3748 2560 p.
3692 2383 3733 2479 427.
3693 2290 3732 2349 E:
3691 2148 3735 2242 τοῖς
3682 1780 3738 2111 τετελευτηκόσι
3682 1649 3723 1740 τῶν
3680 1468 3734 1609 φίλων
3676 1329 3721 1437 οἷπέ-

3783 2724 3820 2859 νεμον
3765 2636 3807 2694 τὰ
3768 2381 3807 2608 πίπτοντα
3762 2274 3814 2353 τῆς
3758 2070 3814 2245 τροφῆς
3753 1954 3797 2042 οἷπὸ
3754 1832 3796 1921 τῶν
3751 1548 3807 1803 τραπεζῶν·
3750 1432 3792 1502 διὸ
3748 1332 3792 1406 καὶ

3835 2605 3892 2859 Εὐριπίδης
3833 2464 3890 2567 περὶ
3834 2347 3886 2427 τῆς
3828 2026 3883 2304 Σθενεβοίας
3824 1840 3879 1993 φησίν,
3820 1641 3875 1794 ἐπειδὴ
3820 1438 3875 1607 νομίζει
3818 1328 3861 1409 τὸν

3903 2498 3962 2860 Βελλεροφόντην
3898 2233 3945 2468 τεθνάναι.

3977 2885 4030 2949 **)
3978 2656 4032 2855 Hesych.
3975 2377 4029 2624 Κορίνθιος
3970 2209 4023 2347 ξένος,
3964 2104 4008 2178 ἐπὶ
3965 1983 4007 2073 τῶν
3962 1875 4013 1955 τὰς
3960 1647 4015 1844 λάταγας
3955 1326 4017 1625 ῥιπτούντων,

4045 2766 4089 2856 οἷπὸ
4047 2648 4100 2726 τῆς
4039 2515 4099 2619 παρ’
4040 2269 4097 2494 Εὐριπίδῃ
4036 1929 4093 2237 Σθενεβοίας,
4034 1826 4091 1888 τῷ
4026 1459 4087 1795 Βελλεροφόντῃ
4026 1330 4069 1427 {m-

4116 2658 4171 2857 χεούσης.
4114 2531 4156 2598 Cf.
4113 2334 4155 2500 Welck.
4125 2260 4163 2301 p.
4106 2134 4148 2231 780.

4188 2884 4240 2970 ***)
4188 2676 4243 2855 Fragm.
4185 2560 4227 2645 inc.
4182 2434 4223 2531 141.
4197 2360 4235 2402 p.
4178 2232 4223 2330 395.
4176 2046 4219 2203 Matth.
