<?xml version="1.0" encoding="UTF-8"?>
<!DOCTYPE html PUBLIC "-//W3C//DTD XHTML 1.0 Transitional//EN"
    "http://www.w3.org/TR/xhtml1/DTD/xhtml1-transitional.dtd">
<html xmlns="http://www.w3.org/1999/xhtml" xml:lang="en" lang="en">
 <head>
  <title>
</title>
<meta http-equiv="Content-Type" content="text/html;charset=utf-8" />
  <meta name='ocr-system' content='tesseract 3.04.00' />
  <meta name='ocr-capabilities' content='ocr_page ocr_carea ocr_par ocr_line ocrx_word'/>
</head>
<body>
  <div class='ocr_page' id='page_1' title='image "./euripidesrestitu00hartuoft_raw_0280.png"; bbox 0 0 5010 3336; ppageno 0'>
   <div class='ocr_carea' id='block_1_1' title="bbox 3937 0 5010 3332">
    <p class='ocr_par' dir='ltr' id='par_1_1' title="bbox 3937 0 5010 3332">
     <span class='ocr_line' id='line_1_1' title="bbox 3937 0 5010 3332; textangle 270"><span class='ocrx_word' id='word_1_1' title='bbox 3937 0 5010 3332; x_wconf 95' lang='lat' dir='ltr'><strong> </strong></span> 
     </span>
    </p>
   </div>
   <div class='ocr_carea' id='block_1_2' title="bbox 3968 2095 4024 2216">
    <p class='ocr_par' dir='ltr' id='par_1_2' title="bbox 3968 2095 4024 2216">
     <span class='ocr_line' id='line_1_2' title="bbox 3968 2095 4024 2216; textangle 270"><span class='ocrx_word' id='word_1_2' title='bbox 3968 2095 4024 2216; x_wconf 80' lang='lat'><strong>262</strong></span> 
     </span>
    </p>
   </div>
   <div class='ocr_carea' id='block_1_3' title="bbox 3483 1306 3889 2988">
    <p class='ocr_par' dir='ltr' id='par_1_3' title="bbox 3483 1306 3889 2988">
     <span class='ocr_line' id='line_1_3' title="bbox 3807 1310 3889 2988; textangle 270"><span class='ocrx_word' id='word_1_3' title='bbox 3838 1310 3889 1502; x_wconf 91' lang='lat' dir='ltr'><strong>Horum</strong></span> <span class='ocrx_word' id='word_1_4' title='bbox 3820 1538 3887 1772; x_wconf 83' lang='lat' dir='ltr'><strong>pleraque</strong></span> <span class='ocrx_word' id='word_1_5' title='bbox 3819 1806 3867 1902; x_wconf 91' lang='lat' dir='ltr'><strong>quo</strong></span> <span class='ocrx_word' id='word_1_6' title='bbox 3830 1937 3880 2096; x_wconf 88' lang='lat' dir='ltr'><strong>minus</strong></span> <span class='ocrx_word' id='word_1_7' title='bbox 3816 2133 3877 2238; x_wconf 82' lang='lat' dir='ltr'><strong>sic,</strong></span> <span class='ocrx_word' id='word_1_8' title='bbox 3827 2285 3871 2338; x_wconf 90' lang='lat' dir='ltr'><strong>ut</strong></span> <span class='ocrx_word' id='word_1_9' title='bbox 3824 2385 3876 2590; x_wconf 90' lang='lat' dir='ltr'><strong>Ovidius</strong></span> <span class='ocrx_word' id='word_1_10' title='bbox 3807 2646 3870 2831; x_wconf 82' lang='lat' dir='ltr'><strong>refert,</strong></span> <span class='ocrx_word' id='word_1_11' title='bbox 3814 2879 3858 2988; x_wconf 88' lang='lat' dir='ltr'><strong>acta</strong></span> 
     </span>
     <span class='ocr_line' id='line_1_4' title="bbox 3722 1310 3802 2986; textangle 270"><span class='ocrx_word' id='word_1_12' title='bbox 3759 1310 3792 1424; x_wconf 87' lang='lat' dir='ltr'><strong>esse</strong></span> <span class='ocrx_word' id='word_1_13' title='bbox 3743 1459 3802 1748; x_wconf 74' lang='lat' dir='ltr'><strong>statuamus,</strong></span> <span class='ocrx_word' id='word_1_14' title='bbox 3755 1785 3802 1850; x_wconf 90' lang='lat' dir='ltr'><strong>nil</strong></span> <span class='ocrx_word' id='word_1_15' title='bbox 3735 1885 3802 2109; x_wconf 90' lang='lat' dir='ltr'><strong>impedit.</strong></span> <span class='ocrx_word' id='word_1_16' title='bbox 3746 2177 3798 2379; x_wconf 81' lang='lat' dir='ltr'><strong>Poterat</strong></span> <span class='ocrx_word' id='word_1_17' title='bbox 3745 2413 3777 2501; x_wconf 81' lang='lat' dir='ltr'><strong>rex</strong></span> <span class='ocrx_word' id='word_1_18' title='bbox 3743 2535 3792 2610; x_wconf 87' lang='lat' dir='ltr'><strong>vel</strong></span> <span class='ocrx_word' id='word_1_19' title='bbox 3741 2636 3790 2683; x_wconf 89' lang='lat' dir='ltr'><strong>in</strong></span> <span class='ocrx_word' id='word_1_20' title='bbox 3722 2708 3786 2986; x_wconf 81' lang='lat' dir='ltr'><strong>nuptiarum</strong></span> 
     </span>
     <span class='ocr_line' id='line_1_5' title="bbox 3652 1309 3729 2985; textangle 270"><span class='ocrx_word' id='word_1_21' title='bbox 3678 1309 3729 1597; x_wconf 86' lang='lat' dir='ltr'><strong>celebritate</strong></span> <span class='ocrx_word' id='word_1_22' title='bbox 3660 1644 3723 1858; x_wconf 85' lang='lat' dir='ltr'><strong>paranda</strong></span> <span class='ocrx_word' id='word_1_23' title='bbox 3671 1906 3719 1981; x_wconf 86' lang='lat' dir='ltr'><strong>vel</strong></span> <span class='ocrx_word' id='word_1_24' title='bbox 3669 2030 3717 2076; x_wconf 91' lang='lat' dir='ltr'><strong>in</strong></span> <span class='ocrx_word' id='word_1_25' title='bbox 3668 2124 3716 2275; x_wconf 86' lang='lat' dir='ltr'><strong>sacris</strong></span> <span class='ocrx_word' id='word_1_26' title='bbox 3664 2320 3715 2557; x_wconf 80' lang='lat' dir='ltr'><strong>faciendis</strong></span> <span class='ocrx_word' id='word_1_27' title='bbox 3661 2610 3693 2718; x_wconf 89' lang='lat' dir='ltr'><strong>cum</strong></span> <span class='ocrx_word' id='word_1_28' title='bbox 3657 2774 3706 2891; x_wconf 89' lang='lat' dir='ltr'><strong>filiis</strong></span> <span class='ocrx_word' id='word_1_29' title='bbox 3652 2934 3702 2985; x_wconf 89' lang='lat' dir='ltr'><strong>in</strong></span> 
     </span>
     <span class='ocr_line' id='line_1_6' title="bbox 3561 1307 3639 2984; textangle 270"><span class='ocrx_word' id='word_1_30' title='bbox 3600 1307 3635 1453; x_wconf 86' lang='lat' dir='ltr'><strong>scena</strong></span> <span class='ocrx_word' id='word_1_31' title='bbox 3581 1488 3639 1755; x_wconf 87' lang='lat' dir='ltr'><strong>occupatus</strong></span> <span class='ocrx_word' id='word_1_32' title='bbox 3580 1809 3625 1949; x_wconf 86' lang='lat' dir='ltr'><strong>esse,</strong></span> <span class='ocrx_word' id='word_1_33' title='bbox 3589 1995 3637 2185; x_wconf 90' lang='lat' dir='ltr'><strong>nutrice</strong></span> <span class='ocrx_word' id='word_1_34' title='bbox 3587 2234 3620 2343; x_wconf 92' lang='lat' dir='ltr'><strong>cum</strong></span> <span class='ocrx_word' id='word_1_35' title='bbox 3583 2380 3633 2619; x_wconf 87' lang='lat' dir='ltr'><strong>simulatis</strong></span> <span class='ocrx_word' id='word_1_36' title='bbox 3579 2649 3626 2800; x_wconf 85' lang='lat' dir='ltr'><strong>sacris</strong></span> <span class='ocrx_word' id='word_1_37' title='bbox 3561 2836 3622 2984; x_wconf 86' lang='lat' dir='ltr'><strong>prod-</strong></span> 
     </span>
     <span class='ocr_line' id='line_1_7' title="bbox 3483 1306 3567 2985; textangle 270"><span class='ocrx_word' id='word_1_38' title='bbox 3521 1306 3564 1467; x_wconf 87' lang='lat' dir='ltr'><strong>eunte.</strong></span> <span class='ocrx_word' id='word_1_39' title='bbox 3501 1536 3567 1789; x_wconf 85' lang='lat' dir='ltr'><strong>Deprensa</strong></span> <span class='ocrx_word' id='word_1_40' title='bbox 3509 1834 3558 2023; x_wconf 88' lang='lat' dir='ltr'><strong>nutrice</strong></span> <span class='ocrx_word' id='word_1_41' title='bbox 3509 2071 3551 2122; x_wconf 92' lang='lat' dir='ltr'><strong>et</strong></span> <span class='ocrx_word' id='word_1_42' title='bbox 3506 2157 3553 2380; x_wconf 86' lang='lat' dir='ltr'><strong>convicta</strong></span> <span class='ocrx_word' id='word_1_43' title='bbox 3487 2415 3535 2708; x_wconf 90' lang='lat' dir='ltr'><strong>puerperam</strong></span> <span class='ocrx_word' id='word_1_44' title='bbox 3483 2743 3546 2902; x_wconf 88' lang='lat' dir='ltr'><strong>ipsam</strong></span> <span class='ocrx_word' id='word_1_45' title='bbox 3493 2935 3543 2985; x_wconf 91' lang='lat' dir='ltr'><strong>in</strong></span> 
     </span>
    </p>
   </div>
   <div class='ocr_carea' id='block_1_4' title="bbox 3341 1307 3484 2983">
    <p class='ocr_par' dir='ltr' id='par_1_4' title="bbox 3341 1307 3484 2983">
     <span class='ocr_line' id='line_1_8' title="bbox 3402 1307 3484 2983; textangle 270"><span class='ocrx_word' id='word_1_46' title='bbox 3440 1307 3476 1502; x_wconf 84' lang='lat' dir='ltr'><strong>scenam</strong></span> <span class='ocrx_word' id='word_1_47' title='bbox 3422 1540 3484 1826; x_wconf 89' lang='lat' dir='ltr'><strong>productam</strong></span> <span class='ocrx_word' id='word_1_48' title='bbox 3431 1862 3463 1972; x_wconf 84' lang='lat' dir='ltr'><strong>esse</strong></span> <span class='ocrx_word' id='word_1_49' title='bbox 3429 2007 3461 2102; x_wconf 91' lang='lat' dir='ltr'><strong>non</strong></span> <span class='ocrx_word' id='word_1_50' title='bbox 3427 2139 3470 2214; x_wconf 87' lang='lat' dir='ltr'><strong>est</strong></span> <span class='ocrx_word' id='word_1_51' title='bbox 3422 2250 3473 2529; x_wconf 85' lang='lat' dir='ltr'><strong>verisimile.</strong></span> <span class='ocrx_word' id='word_1_52' title='bbox 3418 2610 3468 2801; x_wconf 87' lang='lat' dir='ltr'><strong>Absens</strong></span> <span class='ocrx_word' id='word_1_53' title='bbox 3402 2837 3464 2983; x_wconf 79' lang='lat' dir='ltr'><strong>igitur</strong></span> 
     </span>
     <span class='ocr_line' id='line_1_9' title="bbox 3341 1307 3409 2122; textangle 270"><span class='ocrx_word' id='word_1_54' title='bbox 3360 1307 3409 1539; x_wconf 86' lang='lat' dir='ltr'><strong>conviciis</strong></span> <span class='ocrx_word' id='word_1_55' title='bbox 3358 1577 3389 1603; x_wconf 85' lang='lat' dir='ltr'><strong>a</strong></span> <span class='ocrx_word' id='word_1_56' title='bbox 3341 1637 3397 1779; x_wconf 87' lang='lat' dir='ltr'><strong>patre</strong></span> <span class='ocrx_word' id='word_1_57' title='bbox 3351 1814 3400 1987; x_wconf 87' lang='lat' dir='ltr'><strong>obruta</strong></span> <span class='ocrx_word' id='word_1_58' title='bbox 3350 2020 3391 2122; x_wconf 87' lang='lat' dir='ltr'><strong>est:</strong></span> 
     </span>
    </p>
   </div>
   <div class='ocr_carea' id='block_1_5' title="bbox 3308 1787 3325 1813">
    <p class='ocr_par' dir='ltr' id='par_1_5' title="bbox 3308 1787 3325 1813">
     <span class='ocr_line' id='line_1_10' title="bbox 3308 1787 3325 1813; textangle 270"><span class='ocrx_word' id='word_1_59' title='bbox 3308 1787 3325 1813; x_wconf 70' lang='lat' dir='ltr'><strong>P!</strong></span> 
     </span>
    </p>
   </div>
   <div class='ocr_carea' id='block_1_6' title="bbox 1397 1279 3325 2978">
    <p class='ocr_par' dir='ltr' id='par_1_6' title="bbox 3251 1434 3325 2618">
     <span class='ocr_line' id='line_1_11' title="bbox 3251 1434 3325 2618; textangle 270"><span class='ocrx_word' id='word_1_60' title='bbox 3264 1434 3325 1665; x_wconf 77' lang='grc' dir='ltr'><em>γυναῖκα</em></span> <span class='ocrx_word' id='word_1_61' title='bbox 3274 1700 3325 1746; x_wconf 83' lang='grc' dir='ltr'><strong>δ’</strong></span> <span class='ocrx_word' id='word_1_62' title='bbox 3262 1783 3305 1919; x_wconf 80' lang='grc' dir='ltr'><em>οςτις</em></span> <span class='ocrx_word' id='word_1_63' title='bbox 3268 1951 3319 2207; x_wconf 87' lang='grc' dir='ltr'><em>παύσεται</em></span> <span class='ocrx_word' id='word_1_64' title='bbox 3251 2239 3319 2409; x_wconf 81' lang='grc' dir='ltr'><em>λέγων</em></span> <span class='ocrx_word' id='word_1_65' title='bbox 3251 2444 3312 2618; x_wconf 81' lang='grc' dir='ltr'><em>κακῶς</em></span> 
     </span>
    </p>

    <p class='ocr_par' dir='ltr' id='par_1_7' title="bbox 2958 1299 3251 2978">
     <span class='ocr_line' id='line_1_12' title="bbox 3170 1433 3251 2515; textangle 270"><span class='ocrx_word' id='word_1_66' title='bbox 3181 1433 3251 1691; x_wconf 79' lang='grc' dir='ltr'><em>δύστηνος</em></span> <span class='ocrx_word' id='word_1_67' title='bbox 3178 1726 3249 1830; x_wconf 68' lang='grc' dir='ltr'><em>ἄρα</em></span> <span class='ocrx_word' id='word_1_68' title='bbox 3190 1864 3240 1964; x_wconf 87' lang='grc' dir='ltr'><em>κού</em></span> <span class='ocrx_word' id='word_1_69' title='bbox 3174 2000 3237 2168; x_wconf 80' lang='grc' dir='ltr'><em>σοφὸς</em></span> <span class='ocrx_word' id='word_1_70' title='bbox 3170 2200 3235 2515; x_wconf 78' lang='grc' dir='ltr'><em>κεκλήσεται.</em></span> 
     </span>
     <span class='ocr_line' id='line_1_13' title="bbox 3087 1299 3173 2978; textangle 270"><span class='ocrx_word' id='word_1_71' title='bbox 3104 1299 3173 1661; x_wconf 76' lang='lat' dir='ltr'><strong>interposuisse</strong></span> <span class='ocrx_word' id='word_1_72' title='bbox 3113 1711 3146 1766; x_wconf 90' lang='lat' dir='ltr'><strong>se</strong></span> <span class='ocrx_word' id='word_1_73' title='bbox 3109 1801 3160 2082; x_wconf 87' lang='lat' dir='ltr'><strong>Macareum</strong></span> <span class='ocrx_word' id='word_1_74' title='bbox 3107 2135 3150 2185; x_wconf 89' lang='lat' dir='ltr'><strong>et</strong></span> <span class='ocrx_word' id='word_1_75' title='bbox 3087 2230 3155 2720; x_wconf 85' lang='lat' dir='ltr'><strong>Pseudoplutarchus</strong></span> <span class='ocrx_word' id='word_1_76' title='bbox 3094 2767 3141 2978; x_wconf 86' lang='lat' dir='ltr'><strong>testatur</strong></span> 
     </span>
     <span class='ocr_line' id='line_1_14' title="bbox 3003 1300 3093 2975; textangle 270"><span class='ocrx_word' id='word_1_77' title='bbox 3029 1300 3093 1417; x_wconf 85' lang='grc' dir='ltr'><em>(τὸν</em></span> <span class='ocrx_word' id='word_1_78' title='bbox 3019 1450 3086 1777; x_wconf 73' lang='grc' dir='ltr'><em>γεννήσαντα</em></span> <span class='ocrx_word' id='word_1_79' title='bbox 3010 1820 3080 2350; x_wconf 78' lang='grc' dir='ltr'><em>προεξιλεωσοέμενος)</em></span> <span class='ocrx_word' id='word_1_80' title='bbox 3024 2397 3065 2446; x_wconf 91' lang='lat' dir='ltr'><strong>et</strong></span> <span class='ocrx_word' id='word_1_81' title='bbox 3021 2490 3070 2585; x_wconf 90' lang='lat' dir='ltr'><strong>hae</strong></span> <span class='ocrx_word' id='word_1_82' title='bbox 3003 2620 3067 2855; x_wconf 86' lang='lat' dir='ltr'><strong>reliquiae</strong></span> <span class='ocrx_word' id='word_1_83' title='bbox 3014 2889 3062 2975; x_wconf 88' lang='lat' dir='ltr'><strong>de-</strong></span> 
     </span>
     <span class='ocr_line' id='line_1_15' title="bbox 2958 1299 3011 1505; textangle 270"><span class='ocrx_word' id='word_1_84' title='bbox 2958 1299 3011 1505; x_wconf 87' lang='lat' dir='ltr'><strong>clarant:</strong></span> 
     </span>
    </p>

    <p class='ocr_par' dir='ltr' id='par_1_8' title="bbox 2850 1427 2929 2413">
     <span class='ocr_line' id='line_1_16' title="bbox 2850 1427 2929 2413; textangle 270"><span class='ocrx_word' id='word_1_85' title='bbox 2860 1427 2929 1562; x_wconf 76' lang='grc' dir='ltr'><strong>ὄργῇ</strong></span> <span class='ocrx_word' id='word_1_86' title='bbox 2858 1597 2925 1698; x_wconf 75' lang='grc' dir='ltr'><strong>γὰρ</strong></span> <span class='ocrx_word' id='word_1_87' title='bbox 2860 1735 2925 1871; x_wconf 80' lang='grc' dir='ltr'><em>ὅςτις</em></span> <span class='ocrx_word' id='word_1_88' title='bbox 2857 1905 2919 2104; x_wconf 76' lang='grc' dir='ltr'><em>εὐθέως</em></span> <span class='ocrx_word' id='word_1_89' title='bbox 2850 2138 2914 2413; x_wconf 83' lang='grc' dir='ltr'><em>χαρίζεται,</em></span> 
     </span>
    </p>

    <p class='ocr_par' dir='ltr' id='par_1_9' title="bbox 2621 1291 2844 2969">
     <span class='ocr_line' id='line_1_17' title="bbox 2766 1426 2844 2790; textangle 270"><span class='ocrx_word' id='word_1_90' title='bbox 2784 1426 2844 1601; x_wconf 81' lang='grc' dir='ltr'><em>κακῶς</em></span> <span class='ocrx_word' id='word_1_91' title='bbox 2773 1635 2840 1875; x_wconf 68' lang='grc' dir='ltr'><em>τελευτᾷ·</em></span> <span class='ocrx_word' id='word_1_92' title='bbox 2785 1910 2835 2123; x_wconf 87' lang='grc' dir='ltr'><em>πλεῖστα</em></span> <span class='ocrx_word' id='word_1_93' title='bbox 2767 2157 2834 2258; x_wconf 72' lang='grc' dir='ltr'><strong>γὰρ</strong></span> <span class='ocrx_word' id='word_1_94' title='bbox 2768 2296 2832 2513; x_wconf 76' lang='grc' dir='ltr'><em>σφάλλει</em></span> <span class='ocrx_word' id='word_1_95' title='bbox 2766 2548 2831 2790; x_wconf 81' lang='grc' dir='ltr'><em>βροτούς.</em></span> 
     </span>
     <span class='ocr_line' id='line_1_18' title="bbox 2682 1293 2772 2969; textangle 270"><span class='ocrx_word' id='word_1_96' title='bbox 2705 1293 2772 1468; x_wconf 84' lang='lat' dir='ltr'><strong>Neque</strong></span> <span class='ocrx_word' id='word_1_97' title='bbox 2714 1516 2763 1633; x_wconf 86' lang='lat' dir='ltr'><strong>huie</strong></span> <span class='ocrx_word' id='word_1_98' title='bbox 2707 1679 2758 1897; x_wconf 88' lang='lat' dir='ltr'><strong>tribuere</strong></span> <span class='ocrx_word' id='word_1_99' title='bbox 2705 1935 2754 2102; x_wconf 89' lang='lat' dir='ltr'><strong>dubito</strong></span> <span class='ocrx_word' id='word_1_100' title='bbox 2692 2148 2749 2312; x_wconf 75' lang='lat' dir='ltr'><strong>verba,</strong></span> <span class='ocrx_word' id='word_1_101' title='bbox 2688 2362 2734 2488; x_wconf 88' lang='lat' dir='ltr'><strong>quae</strong></span> <span class='ocrx_word' id='word_1_102' title='bbox 2699 2536 2748 2584; x_wconf 89' lang='lat' dir='ltr'><strong>in</strong></span> <span class='ocrx_word' id='word_1_103' title='bbox 2682 2634 2747 2969; x_wconf 89' lang='lat' dir='ltr'><strong>Strepsiadem</strong></span> 
     </span>
     <span class='ocr_line' id='line_1_19' title="bbox 2621 1291 2691 2355; textangle 270"><span class='ocrx_word' id='word_1_104' title='bbox 2622 1291 2691 1643; x_wconf 86' lang='lat' dir='ltr'><strong>Aristophanes</strong></span> <span class='ocrx_word' id='word_1_105' title='bbox 2627 1679 2675 1924; x_wconf 85' lang='lat' dir='ltr'><strong>transtulit</strong></span> <span class='ocrx_word' id='word_1_106' title='bbox 2622 1958 2674 2085; x_wconf 82' lang='lat' dir='ltr'><strong>Nub.</strong></span> <span class='ocrx_word' id='word_1_107' title='bbox 2623 2124 2655 2164; x_wconf 90' lang='lat' dir='ltr'><strong>v.</strong></span> <span class='ocrx_word' id='word_1_108' title='bbox 2621 2202 2668 2355; x_wconf 75' lang='lat'>1468:</span> 
     </span>
    </p>

    <p class='ocr_par' dir='ltr' id='par_1_10' title="bbox 2294 1287 2598 2968">
     <span class='ocr_line' id='line_1_20' title="bbox 2525 1425 2598 2586; textangle 270"><span class='ocrx_word' id='word_1_109' title='bbox 2568 1425 2578 1487; x_wconf 81' lang='lat'><strong>—-</strong></span> <span class='ocrx_word' id='word_1_110' title='bbox 2566 1556 2573 1619; x_wconf 96' lang='lat'><strong>—</strong></span> <span class='ocrx_word' id='word_1_111' title='bbox 2530 1688 2598 2061; x_wconf 76' lang='grc' dir='ltr'><em>καταιδέσθητι</em></span> <span class='ocrx_word' id='word_1_112' title='bbox 2525 2095 2586 2343; x_wconf 78' lang='grc' dir='ltr'><em>πατρῷον</em></span> <span class='ocrx_word' id='word_1_113' title='bbox 2540 2379 2591 2488; x_wconf 84' lang='grc' dir='ltr'><em>Δία</em></span> <span class='ocrx_word' id='word_1_114' title='bbox 2526 2521 2589 2586; x_wconf 77' lang='lat'>²³².)</span> 
     </span>
     <span class='ocr_line' id='line_1_21' title="bbox 2443 1291 2531 2968; textangle 270"><span class='ocrx_word' id='word_1_115' title='bbox 2468 1291 2531 1479; x_wconf 76' lang='lat' dir='ltr'><strong>Quibus</strong></span> <span class='ocrx_word' id='word_1_116' title='bbox 2460 1528 2518 1756; x_wconf 86' lang='lat' dir='ltr'><strong>precibus</strong></span> <span class='ocrx_word' id='word_1_117' title='bbox 2467 1805 2513 1870; x_wconf 88' lang='lat' dir='ltr'><strong>nil</strong></span> <span class='ocrx_word' id='word_1_118' title='bbox 2464 1923 2506 2083; x_wconf 83' lang='lat' dir='ltr'><strong>motus</strong></span> <span class='ocrx_word' id='word_1_119' title='bbox 2461 2128 2508 2312; x_wconf 87' lang='lat' dir='ltr'><strong>Aeolus</strong></span> <span class='ocrx_word' id='word_1_120' title='bbox 2460 2368 2506 2531; x_wconf 84' lang='lat' dir='ltr'><strong>statim</strong></span> <span class='ocrx_word' id='word_1_121' title='bbox 2443 2585 2489 2675; x_wconf 86' lang='lat' dir='ltr'><strong>per</strong></span> <span class='ocrx_word' id='word_1_122' title='bbox 2452 2710 2503 2968; x_wconf 88' lang='lat' dir='ltr'><strong>satellitem</strong></span> 
     </span>
     <span class='ocr_line' id='line_1_22' title="bbox 2370 1288 2450 2966; textangle 270"><span class='ocrx_word' id='word_1_123' title='bbox 2398 1288 2450 1420; x_wconf 85' lang='lat' dir='ltr'><strong>filiae</strong></span> <span class='ocrx_word' id='word_1_124' title='bbox 2381 1455 2443 1669; x_wconf 84' lang='lat' dir='ltr'><strong>gladium</strong></span> <span class='ocrx_word' id='word_1_125' title='bbox 2375 1706 2435 1869; x_wconf 82' lang='lat' dir='ltr'><strong>mittit,</strong></span> <span class='ocrx_word' id='word_1_126' title='bbox 2370 1906 2417 2001; x_wconf 90' lang='lat' dir='ltr'><strong>quo</strong></span> <span class='ocrx_word' id='word_1_127' title='bbox 2382 2037 2414 2145; x_wconf 90' lang='lat' dir='ltr'><strong>eam</strong></span> <span class='ocrx_word' id='word_1_128' title='bbox 2380 2178 2427 2239; x_wconf 85' lang='lat' dir='ltr'><strong>ad</strong></span> <span class='ocrx_word' id='word_1_129' title='bbox 2379 2275 2420 2485; x_wconf 87' lang='lat' dir='ltr'><strong>mortem</strong></span> <span class='ocrx_word' id='word_1_130' title='bbox 2378 2524 2425 2618; x_wconf 87' lang='lat' dir='ltr'><strong>sibi</strong></span> <span class='ocrx_word' id='word_1_131' title='bbox 2372 2655 2421 2966; x_wconf 84' lang='lat' dir='ltr'><strong>consciscen-</strong></span> 
     </span>
     <span class='ocr_line' id='line_1_23' title="bbox 2294 1287 2370 1844; textangle 270"><span class='ocrx_word' id='word_1_132' title='bbox 2318 1287 2370 1397; x_wconf 85' lang='lat' dir='ltr'><strong>dam</strong></span> <span class='ocrx_word' id='word_1_133' title='bbox 2314 1435 2359 1565; x_wconf 87' lang='lat' dir='ltr'><strong>tecte</strong></span> <span class='ocrx_word' id='word_1_134' title='bbox 2294 1602 2358 1844; x_wconf 86' lang='lat' dir='ltr'><strong>impellit:</strong></span> 
     </span>
    </p>

    <p class='ocr_par' dir='ltr' id='par_1_11' title="bbox 2212 1416 2284 2629">
     <span class='ocr_line' id='line_1_24' title="bbox 2212 1416 2284 2629; textangle 270"><span class='ocrx_word' id='word_1_135' title='bbox 2224 1416 2284 1666; x_wconf 75' lang='lat' dir='ltr'><strong>„Interea</strong></span> <span class='ocrx_word' id='word_1_136' title='bbox 2212 1693 2271 1903; x_wconf 73' lang='lat' dir='ltr'><strong>patrius</strong></span> <span class='ocrx_word' id='word_1_137' title='bbox 2223 1939 2269 2085; x_wconf 72' lang='grc' dir='ltr'><em>νῑιίίιι</em></span> <span class='ocrx_word' id='word_1_138' title='bbox 2219 2120 2260 2385; x_wconf 73' lang='lat' dir='ltr'><strong>moerente</strong></span> <span class='ocrx_word' id='word_1_139' title='bbox 2217 2418 2263 2629; x_wconf 77' lang='lat' dir='ltr'><strong>satelles</strong></span> 
     </span>
    </p>

    <p class='ocr_par' dir='ltr' id='par_1_12' title="bbox 1963 1415 2201 2820">
     <span class='ocr_line' id='line_1_25' title="bbox 2127 1556 2201 2602; textangle 270"><span class='ocrx_word' id='word_1_140' title='bbox 2150 1556 2201 1706; x_wconf 78' lang='lat' dir='ltr'><strong>Venit</strong></span> <span class='ocrx_word' id='word_1_141' title='bbox 2148 1743 2188 1793; x_wconf 79' lang='lat' dir='ltr'><strong>et</strong></span> <span class='ocrx_word' id='word_1_142' title='bbox 2127 1828 2192 2066; x_wconf 79' lang='lat' dir='ltr'><strong>indignos</strong></span> <span class='ocrx_word' id='word_1_143' title='bbox 2140 2104 2189 2268; x_wconf 76' lang='lat' dir='ltr'><strong>edidit</strong></span> <span class='ocrx_word' id='word_1_144' title='bbox 2139 2305 2170 2391; x_wconf 77' lang='lat' dir='ltr'><strong>ore</strong></span> <span class='ocrx_word' id='word_1_145' title='bbox 2138 2424 2170 2602; x_wconf 79' lang='lat' dir='ltr'><strong>sonos:</strong></span> 
     </span>
     <span class='ocr_line' id='line_1_26' title="bbox 2040 1415 2124 2820; textangle 270"><span class='ocrx_word' id='word_1_146' title='bbox 2072 1415 2124 1610; x_wconf 77' lang='lat' dir='ltr'><strong>Aeolus</strong></span> <span class='ocrx_word' id='word_1_147' title='bbox 2067 1644 2118 1779; x_wconf 77' lang='lat' dir='ltr'><strong>hunc</strong></span> <span class='ocrx_word' id='word_1_148' title='bbox 2063 1815 2096 1983; x_wconf 80' lang='lat' dir='ltr'><strong>ensem</strong></span> <span class='ocrx_word' id='word_1_149' title='bbox 2061 2019 2109 2180; x_wconf 77' lang='lat' dir='ltr'><strong>mittit</strong></span> <span class='ocrx_word' id='word_1_150' title='bbox 2060 2215 2107 2313; x_wconf 79' lang='lat' dir='ltr'><strong>tibi</strong></span> <span class='ocrx_word' id='word_1_151' title='bbox 2046 2346 2107 2589; x_wconf 75' lang='lat' dir='ltr'><strong>(tradidit</strong></span> <span class='ocrx_word' id='word_1_152' title='bbox 2040 2628 2103 2820; x_wconf 76' lang='lat' dir='ltr'><strong>ensem)</strong></span> 
     </span>
     <span class='ocr_line' id='line_1_27' title="bbox 1963 1543 2039 2797; textangle 270"><span class='ocrx_word' id='word_1_153' title='bbox 1992 1543 2039 1620; x_wconf 82' lang='lat' dir='ltr'><strong>Ec</strong></span> <span class='ocrx_word' id='word_1_154' title='bbox 1986 1655 2035 1796; x_wconf 77' lang='lat' dir='ltr'><strong>iubet</strong></span> <span class='ocrx_word' id='word_1_155' title='bbox 1985 1834 2015 1897; x_wconf 65' lang='lat' dir='ltr'><strong>ex·</strong></span> <span class='ocrx_word' id='word_1_156' title='bbox 1981 1932 2029 2116; x_wconf 78' lang='lat' dir='ltr'><strong>merito</strong></span> <span class='ocrx_word' id='word_1_157' title='bbox 1968 2149 2025 2296; x_wconf 70' lang='lat' dir='ltr'><strong>scire,</strong></span> <span class='ocrx_word' id='word_1_158' title='bbox 1963 2332 2026 2455; x_wconf 76' lang='lat' dir='ltr'><strong>quid</strong></span> <span class='ocrx_word' id='word_1_159' title='bbox 1978 2490 2025 2589; x_wconf 84' lang='lat' dir='ltr'><strong>iste</strong></span> <span class='ocrx_word' id='word_1_160' title='bbox 1974 2623 2023 2797; x_wconf 74' lang='lat' dir='ltr'><strong>velz&#39;l.&#39;&#39;</strong></span> 
     </span>
    </p>

    <p class='ocr_par' dir='ltr' id='par_1_13' title="bbox 1738 1279 1968 2961">
     <span class='ocr_line' id='line_1_28' title="bbox 1884 1283 1968 2958; textangle 270"><span class='ocrx_word' id='word_1_161' title='bbox 1918 1283 1968 1360; x_wconf 86' lang='lat' dir='ltr'><strong>Cf.</strong></span> <span class='ocrx_word' id='word_1_162' title='bbox 1895 1400 1965 1910; x_wconf 82' lang='lat' dir='ltr'><strong>Pseudoplutarchum</strong></span> <span class='ocrx_word' id='word_1_163' title='bbox 1900 1948 1950 1979; x_wconf 90' lang='lat' dir='ltr'><strong>l.</strong></span> <span class='ocrx_word' id='word_1_164' title='bbox 1891 2018 1950 2069; x_wconf 73' lang='grc'><strong>1.,</strong></span> <span class='ocrx_word' id='word_1_165' title='bbox 1885 2105 1949 2354; x_wconf 81' lang='lat' dir='ltr'><strong>Hyginum</strong></span> <span class='ocrx_word' id='word_1_166' title='bbox 1898 2379 1946 2474; x_wconf 86' lang='lat' dir='ltr'><strong>sab.</strong></span> <span class='ocrx_word' id='word_1_167' title='bbox 1884 2498 1943 2628; x_wconf 63' lang='lat'><strong>238„</strong></span> <span class='ocrx_word' id='word_1_168' title='bbox 1894 2667 1944 2808; x_wconf 81' lang='lat' dir='ltr'><strong>Ovid.</strong></span> <span class='ocrx_word' id='word_1_169' title='bbox 1890 2838 1942 2958; x_wconf 86' lang='lat' dir='ltr'><strong>[bid.</strong></span> 
     </span>
     <span class='ocr_line' id='line_1_29' title="bbox 1807 1279 1884 2961; textangle 270"><span class='ocrx_word' id='word_1_170' title='bbox 1838 1279 1884 1389; x_wconf 80' lang='lat'>564.</span> <span class='ocrx_word' id='word_1_171' title='bbox 1815 1472 1882 1719; x_wconf 87' lang='lat' dir='ltr'><strong>Repulsus</strong></span> <span class='ocrx_word' id='word_1_172' title='bbox 1810 1773 1874 1923; x_wconf 79' lang='lat' dir='ltr'><strong>igitur</strong></span> <span class='ocrx_word' id='word_1_173' title='bbox 1807 1967 1869 2120; x_wconf 85' lang='lat' dir='ltr'><strong>patris</strong></span> <span class='ocrx_word' id='word_1_174' title='bbox 1818 2172 1863 2474; x_wconf 87' lang='lat' dir='ltr'><strong>contumacia</strong></span> <span class='ocrx_word' id='word_1_175' title='bbox 1813 2519 1865 2780; x_wconf 86' lang='lat' dir='ltr'><strong>Macareus</strong></span> <span class='ocrx_word' id='word_1_176' title='bbox 1811 2838 1861 2961; x_wconf 89' lang='lat' dir='ltr'><strong>haec</strong></span> 
     </span>
     <span class='ocr_line' id='line_1_30' title="bbox 1738 1279 1808 1885; textangle 270"><span class='ocrx_word' id='word_1_177' title='bbox 1756 1279 1808 1463; x_wconf 85' lang='lat' dir='ltr'><strong>dixisse</strong></span> <span class='ocrx_word' id='word_1_178' title='bbox 1738 1500 1795 1742; x_wconf 85' lang='lat' dir='ltr'><strong>putandus</strong></span> <span class='ocrx_word' id='word_1_179' title='bbox 1746 1782 1787 1885; x_wconf 82' lang='lat' dir='ltr'><strong>est:</strong></span> 
     </span>
    </p>

    <p class='ocr_par' dir='ltr' id='par_1_14' title="bbox 1643 1408 1717 2574">
     <span class='ocr_line' id='line_1_31' title="bbox 1643 1408 1717 2574; textangle 270"><span class='ocrx_word' id='word_1_180' title='bbox 1659 1408 1717 1562; x_wconf 75' lang='grc' dir='ltr'><em>σιγᾶν</em></span> <span class='ocrx_word' id='word_1_181' title='bbox 1654 1597 1711 1911; x_wconf 76' lang='grc' dir='ltr'><em>φρονοῦντα</em></span> <span class='ocrx_word' id='word_1_182' title='bbox 1646 1945 1709 2206; x_wconf 74' lang='grc' dir='ltr'><em>κρεῖσσον,</em></span> <span class='ocrx_word' id='word_1_183' title='bbox 1649 2244 1709 2315; x_wconf 80' lang='grc' dir='ltr'><em>εἰς</em></span> <span class='ocrx_word' id='word_1_184' title='bbox 1643 2364 1708 2574; x_wconf 85' lang='grc' dir='ltr'><em>ὁμιλίαν</em></span> 
     </span>
    </p>

    <p class='ocr_par' dir='ltr' id='par_1_15' title="bbox 1559 1407 1641 2735">
     <span class='ocr_line' id='line_1_32' title="bbox 1559 1407 1641 2735; textangle 270"><span class='ocrx_word' id='word_1_185' title='bbox 1588 1407 1641 1635; x_wconf 84' lang='grc' dir='ltr'><em>πεσόντα</em></span> <span class='ocrx_word' id='word_1_186' title='bbox 1569 1655 1635 1759; x_wconf 50' lang='grc' dir='ltr'><strong>*Ὗ</strong></span> <span class='ocrx_word' id='word_1_187' title='bbox 1565 1797 1633 1968; x_wconf 86' lang='grc' dir='ltr'><em>τούτῳ</em></span> <span class='ocrx_word' id='word_1_188' title='bbox 1580 2005 1631 2051; x_wconf 78' lang='grc' dir='ltr'><strong>δ’</strong></span> <span class='ocrx_word' id='word_1_189' title='bbox 1563 2089 1629 2245; x_wconf 70' lang='grc' dir='ltr'><em>ἀνδρὶ</em></span> <span class='ocrx_word' id='word_1_190' title='bbox 1561 2278 1626 2395; x_wconf 80' lang='grc' dir='ltr'><em>μήτ’</em></span> <span class='ocrx_word' id='word_1_191' title='bbox 1559 2433 1625 2546; x_wconf 83' lang='grc' dir='ltr'><em>εἴην</em></span> <span class='ocrx_word' id='word_1_192' title='bbox 1560 2580 1623 2735; x_wconf 78' lang='grc' dir='ltr'><em>φίλος</em></span> 
     </span>
    </p>

    <p class='ocr_par' dir='ltr' id='par_1_16' title="bbox 1480 1406 1560 2503">
     <span class='ocr_line' id='line_1_33' title="bbox 1480 1406 1560 2503; textangle 270"><span class='ocrx_word' id='word_1_193' title='bbox 1494 1406 1560 1532; x_wconf 84' lang='grc' dir='ltr'><em>μήτε</em></span> <span class='ocrx_word' id='word_1_194' title='bbox 1488 1567 1558 1798; x_wconf 77' lang='grc' dir='ltr'><em>ξυνείην,</em></span> <span class='ocrx_word' id='word_1_195' title='bbox 1490 1834 1553 1968; x_wconf 80' lang='grc' dir='ltr'><em>ὄςτις</em></span> <span class='ocrx_word' id='word_1_196' title='bbox 1482 2006 1549 2241; x_wconf 73' lang='grc' dir='ltr'><em>αὐτάρκη</em></span> <span class='ocrx_word' id='word_1_197' title='bbox 1480 2279 1541 2503; x_wconf 88' lang='grc' dir='ltr'><em>φρονεῖν</em></span> 
     </span>
    </p>

    <p class='ocr_par' dir='ltr' id='par_1_17' title="bbox 1397 1406 1481 2646">
     <span class='ocr_line' id='line_1_34' title="bbox 1397 1406 1481 2646; textangle 270"><span class='ocrx_word' id='word_1_198' title='bbox 1415 1406 1481 1645; x_wconf 78' lang='grc' dir='ltr'><em>πέποιθε,</em></span> <span class='ocrx_word' id='word_1_199' title='bbox 1409 1685 1473 1915; x_wconf 79' lang='grc' dir='ltr'><em>δούλους</em></span> <span class='ocrx_word' id='word_1_200' title='bbox 1407 1949 1474 2075; x_wconf 80' lang='grc' dir='ltr'><em>τοὺς</em></span> <span class='ocrx_word' id='word_1_201' title='bbox 1400 2107 1465 2299; x_wconf 77' lang='grc' dir='ltr'><em>φίλους</em></span> <span class='ocrx_word' id='word_1_202' title='bbox 1397 2331 1465 2646; x_wconf 75' lang='grc' dir='ltr'><em>ἡγούμενος.</em></span> 
     </span>
    </p>
   </div>
   <div class='ocr_carea' id='block_1_7' title="bbox 1250 1273 1401 2955">
    <p class='ocr_par' dir='ltr' id='par_1_18' title="bbox 1250 1273 1401 2955">
     <span class='ocr_line' id='line_1_35' title="bbox 1321 1273 1401 2955; textangle 270"><span class='ocrx_word' id='word_1_203' title='bbox 1337 1273 1401 1438; x_wconf 71' lang='lat' dir='ltr'><strong>Idem,</strong></span> <span class='ocrx_word' id='word_1_204' title='bbox 1329 1488 1387 1746; x_wconf 86' lang='lat' dir='ltr'><strong>postquam</strong></span> <span class='ocrx_word' id='word_1_205' title='bbox 1323 1797 1381 1941; x_wconf 87' lang='lat' dir='ltr'><strong>pater</strong></span> <span class='ocrx_word' id='word_1_206' title='bbox 1321 1991 1383 2137; x_wconf 72' lang='lat' dir='ltr'><strong>abiit7</strong></span> <span class='ocrx_word' id='word_1_207' title='bbox 1334 2187 1382 2248; x_wconf 89' lang='lat' dir='ltr'><strong>ad</strong></span> <span class='ocrx_word' id='word_1_208' title='bbox 1332 2293 1377 2505; x_wconf 88' lang='lat' dir='ltr'><strong>mortem</strong></span> <span class='ocrx_word' id='word_1_209' title='bbox 1332 2543 1363 2597; x_wconf 88' lang='lat' dir='ltr'><strong>se</strong></span> <span class='ocrx_word' id='word_1_210' title='bbox 1331 2632 1381 2955; x_wconf 90' lang='lat' dir='ltr'><strong>communiter</strong></span> 
     </span>
     <span class='ocr_line' id='line_1_36' title="bbox 1250 1273 1320 1749; textangle 270"><span class='ocrx_word' id='word_1_211' title='bbox 1267 1273 1320 1544; x_wconf 88' lang='lat' dir='ltr'><strong>obeundam</strong></span> <span class='ocrx_word' id='word_1_212' title='bbox 1250 1584 1302 1749; x_wconf 86' lang='lat' dir='ltr'><strong>parat:</strong></span> 
     </span>
    </p>
   </div>
   <div class='ocr_carea' id='block_1_8' title="bbox 1226 1274 1232 1478">
    <p class='ocr_par' dir='ltr' id='par_1_19' title="bbox 1226 1274 1232 1478">
     <span class='ocr_line' id='line_1_37' title="bbox 1226 1274 1232 1478; textangle 270"><span class='ocrx_word' id='word_1_213' title='bbox 1226 1274 1232 1478; x_wconf 95' lang='lat' dir='ltr'><strong> </strong></span> 
     </span>
    </p>
   </div>
   <div class='ocr_carea' id='block_1_9' title="bbox 779 1294 1204 2952">
    <p class='ocr_par' dir='ltr' id='par_1_20' title="bbox 846 1326 1204 2952">
     <span class='ocr_line' id='line_1_38' title="bbox 1134 1326 1204 2952; textangle 270"><span class='ocrx_word' id='word_1_214' title='bbox 1150 1326 1204 1375; x_wconf 50' lang='grc' dir='ltr'><strong>ης)</strong></span> <span class='ocrx_word' id='word_1_215' title='bbox 1150 1408 1201 1549; x_wconf 85' lang='lat' dir='ltr'><strong>„Sunt</strong></span> <span class='ocrx_word' id='word_1_216' title='bbox 1156 1577 1197 1692; x_wconf 80' lang='lat' dir='ltr'><strong>hacc</strong></span> <span class='ocrx_word' id='word_1_217' title='bbox 1149 1723 1195 2017; x_wconf 79' lang='lat' dir='ltr'><strong>existimanda</strong></span> <span class='ocrx_word' id='word_1_218' title='bbox 1134 2046 1189 2207; x_wconf 77' lang='lat' dir='ltr'><strong>tragici</strong></span> <span class='ocrx_word' id='word_1_219' title='bbox 1145 2238 1187 2425; x_wconf 81' lang='lat' dir='ltr'><strong>alicuius</strong></span> <span class='ocrx_word' id='word_1_220' title='bbox 1136 2454 1186 2614; x_wconf 82' lang='lat' dir='ltr'><strong>verba,</strong></span> <span class='ocrx_word' id='word_1_221' title='bbox 1146 2658 1188 2703; x_wconf 86' lang='lat' dir='ltr'><strong>id</strong></span> <span class='ocrx_word' id='word_1_222' title='bbox 1134 2734 1187 2848; x_wconf 84' lang='lat' dir='ltr'><strong>quod</strong></span> <span class='ocrx_word' id='word_1_223' title='bbox 1144 2877 1186 2952; x_wconf 80' lang='lat' dir='ltr'><strong>vel</strong></span> 
     </span>
     <span class='ocr_line' id='line_1_39' title="bbox 1061 1407 1129 2952; textangle 270"><span class='ocrx_word' id='word_1_224' title='bbox 1078 1407 1129 1622; x_wconf 82' lang='lat' dir='ltr'><strong>producta</strong></span> <span class='ocrx_word' id='word_1_225' title='bbox 1072 1651 1117 1828; x_wconf 80' lang='lat' dir='ltr'><strong>praeter</strong></span> <span class='ocrx_word' id='word_1_226' title='bbox 1078 1858 1106 2029; x_wconf 85' lang='lat' dir='ltr'><strong>morem</strong></span> <span class='ocrx_word' id='word_1_227' title='bbox 1075 2061 1118 2331; x_wconf 81' lang='lat' dir='ltr'><strong>comicorum</strong></span> <span class='ocrx_word' id='word_1_228' title='bbox 1062 2362 1116 2507; x_wconf 83' lang='lat' dir='ltr'><strong>prima</strong></span> <span class='ocrx_word' id='word_1_229' title='bbox 1061 2536 1116 2711; x_wconf 66' lang='lat' dir='ltr'><strong>syllaba</strong></span> <span class='ocrx_word' id='word_1_230' title='bbox 1073 2740 1115 2952; x_wconf 82' lang='lat' dir='ltr'><strong>vocabuli</strong></span> 
     </span>
     <span class='ocr_line' id='line_1_40' title="bbox 992 1406 1058 2951; textangle 270"><span class='ocrx_word' id='word_1_231' title='bbox 1002 1406 1058 1619; x_wconf 75' lang='grc' dir='ltr'><em>πατρῷον</em></span> <span class='ocrx_word' id='word_1_232' title='bbox 995 1644 1050 1864; x_wconf 76' lang='lat' dir='ltr'><strong>ostendat,</strong></span> <span class='ocrx_word' id='word_1_233' title='bbox 992 1899 1048 2211; x_wconf 82' lang='lat' dir='ltr'><strong>Euripidisque</strong></span> <span class='ocrx_word' id='word_1_234' title='bbox 1003 2238 1030 2333; x_wconf 84' lang='lat' dir='ltr'><strong>esse</strong></span> <span class='ocrx_word' id='word_1_235' title='bbox 992 2363 1047 2611; x_wconf 85' lang='lat' dir='ltr'><strong>suspicatus</strong></span> <span class='ocrx_word' id='word_1_236' title='bbox 1003 2640 1040 2707; x_wconf 85' lang='lat' dir='ltr'><strong>est</strong></span> <span class='ocrx_word' id='word_1_237' title='bbox 1003 2726 1043 2951; x_wconf 79' lang='lat' dir='ltr'><strong>Porsonus</strong></span> 
     </span>
     <span class='ocr_line' id='line_1_41' title="bbox 930 1413 989 2949; textangle 270"><span class='ocrx_word' id='word_1_238' title='bbox 948 1413 989 1471; x_wconf 81' lang='lat' dir='ltr'><strong>ad</strong></span> <span class='ocrx_word' id='word_1_239' title='bbox 945 1500 987 1620; x_wconf 86' lang='lat' dir='ltr'><strong>Med.</strong></span> <span class='ocrx_word' id='word_1_240' title='bbox 940 1653 984 1807; x_wconf 76' lang='lat'>1314.”</span> <span class='ocrx_word' id='word_1_241' title='bbox 936 1863 979 2085; x_wconf 85' lang='lat' dir='ltr'>BOTHE.</span> <span class='ocrx_word' id='word_1_242' title='bbox 933 2147 974 2374; x_wconf 82' lang='lat' dir='ltr'><strong>Proavum</strong></span> <span class='ocrx_word' id='word_1_243' title='bbox 933 2403 975 2529; x_wconf 89' lang='lat' dir='ltr'><strong>Aeoli</strong></span> <span class='ocrx_word' id='word_1_244' title='bbox 930 2558 973 2713; x_wconf 85' lang='lat' dir='ltr'><strong>Iovem</strong></span> <span class='ocrx_word' id='word_1_245' title='bbox 930 2734 974 2871; x_wconf 80' lang='lat' dir='ltr'><strong>fuisse</strong></span> <span class='ocrx_word' id='word_1_246' title='bbox 932 2894 961 2949; x_wconf 82' lang='lat' dir='ltr'><strong>ex</strong></span> 
     </span>
     <span class='ocr_line' id='line_1_42' title="bbox 846 1405 920 2589; textangle 270"><span class='ocrx_word' id='word_1_247' title='bbox 866 1405 920 1475; x_wconf 81' lang='lat' dir='ltr'><strong>iis,</strong></span> <span class='ocrx_word' id='word_1_248' title='bbox 862 1509 902 1626; x_wconf 84' lang='lat' dir='ltr'><strong>quae</strong></span> <span class='ocrx_word' id='word_1_249' title='bbox 858 1656 899 1789; x_wconf 81' lang='lat' dir='ltr'><strong>supra</strong></span> <span class='ocrx_word' id='word_1_250' title='bbox 851 1821 904 2285; x_wconf 74' lang='lat' dir='ltr'><strong>commemoravimus,</strong></span> <span class='ocrx_word' id='word_1_251' title='bbox 846 2315 904 2589; x_wconf 83' lang='lat' dir='ltr'><strong>intelligitur.</strong></span> 
     </span>
    </p>

    <p class='ocr_par' dir='ltr' id='par_1_21' title="bbox 779 1294 851 2423">
     <span class='ocr_line' id='line_1_43' title="bbox 779 1294 851 2423; textangle 270"><span class='ocrx_word' id='word_1_252' title='bbox 796 1294 851 1375; x_wconf 47' lang='lat'><strong>“³¹7</strong></span> <span class='ocrx_word' id='word_1_253' title='bbox 790 1407 847 1579; x_wconf 76' lang='lat' dir='ltr'><strong>Vulgo:</strong></span> <span class='ocrx_word' id='word_1_254' title='bbox 786 1611 839 1817; x_wconf 75' lang='grc' dir='ltr'><em>κρεῖσσον</em></span> <span class='ocrx_word' id='word_1_255' title='bbox 783 1846 842 1877; x_wconf 75' lang='grc' dir='ltr'><em>ἢ</em></span> <span class='ocrx_word' id='word_1_256' title='bbox 785 1908 836 1972; x_wconf 84' lang='grc' dir='ltr'><em>εἰς</em></span> <span class='ocrx_word' id='word_1_257' title='bbox 779 2004 837 2182; x_wconf 82' lang='grc' dir='ltr'><em>ὁμιλίαν</em></span> <span class='ocrx_word' id='word_1_258' title='bbox 788 2210 835 2423; x_wconf 84' lang='grc' dir='ltr'><em>πεσόντα.</em></span> 
     </span>
    </p>
   </div>
   <div class='ocr_carea' id='block_1_10' title="bbox 0 0 0 2593">
    <p class='ocr_par' dir='ltr' id='par_1_22' title="bbox 0 0 0 2593">
     <span class='ocr_line' id='line_1_44' title="bbox 0 0 0 2593; textangle 270"><span class='ocrx_word' id='word_1_259' title='bbox 0 0 0 2593; x_wconf 95' lang='lat' dir='ltr'><strong>                                           </strong></span> 
     </span>
    </p>
   </div>
   <div class='ocr_carea' id='block_1_11' title="bbox 2516 3334 3529 3336">
    <p class='ocr_par' dir='ltr' id='par_1_23' title="bbox 2516 3334 3529 3336">
     <span class='ocr_line' id='line_1_45' title="bbox 2516 3334 3529 3336; textangle 270"><span class='ocrx_word' id='word_1_260' title='bbox 2516 3334 3529 3336; x_wconf 95' lang='lat' dir='ltr'><strong> </strong></span> 
     </span>
    </p>
   </div>
   <div class='ocr_carea' id='block_1_12' title="bbox 0 0 810 3332">
    <p class='ocr_par' dir='ltr' id='par_1_24' title="bbox 0 0 810 3332">
     <span class='ocr_line' id='line_1_46' title="bbox 0 0 810 3332; textangle 270"><span class='ocrx_word' id='word_1_261' title='bbox 0 0 810 3332; x_wconf 95' lang='lat' dir='ltr'><strong> </strong></span> 
     </span>
    </p>
   </div>
   <div class='ocr_carea' id='block_1_13' title="bbox 714 3334 1487 3336">
    <p class='ocr_par' dir='ltr' id='par_1_25' title="bbox 714 3334 1487 3336">
     <span class='ocr_line' id='line_1_47' title="bbox 714 3334 1487 3336; textangle 270"><span class='ocrx_word' id='word_1_262' title='bbox 714 3334 1487 3336; x_wconf 95' lang='lat' dir='ltr'><strong> </strong></span> 
     </span>
    </p>
   </div>
  </div>
 </body>
</html>
