5010 3336
1042 2112 1096 2225 121

1186 2756 1237 2863 ἀλλ’
1184 2449 1235 2720 ἀθανάτου
1184 2166 1246 2415 καθορῶν
1182 1920 1245 2125 φύσεως

1268 2668 1330 2865 κόσμον
1265 2440 1331 2633 ἀγήρω,
1266 2336 1327 2406 πῆ
1279 2249 1312 2302 τε
1260 1999 1326 2217 συνέστη

1346 2776 1397 2863 καὶ
1345 2642 1410 2741 ὅπη
1343 2522 1395 2609 καὶ
1343 2338 1401 2491 ὅπως.

1429 2758 1485 2866 τοῖς
1425 2668 1475 2722 δὲ
1424 2379 1481 2636 τοιούτοις
1418 2109 1470 2345 οὐδέποτ’
1415 1848 1483 2073 αἰσχρῶν

1502 2697 1569 2865 ἔργων
1503 2417 1569 2664 μελέτημα
1501 2146 1565 2384 προςίζει.

1583 2917 1632 2993 Ex
1586 2651 1633 2884 Ennianis
1590 2458 1631 2616 autem
1581 2138 1644 2421 fragmentis
1580 2005 1626 2104 huc
1577 1834 1624 1971 traho
1590 1752 1626 1799 n.
1575 1665 1620 1715 5:

1664 2562 1725 2864 „Lumine
1664 2416 1710 2510 sic
1660 2089 1709 2371 tremulo
1663 1848 1704 2035 terra
1660 1736 1702 1797 et
1667 1524 1701 1687 cava
1668 1343 1700 1475 coe—

1738 2023 1787 2169 γαῖα
1729 1654 1784 1987 candent?⁹

1821 2700 1870 2864 Rediit
1823 2492 1870 2665 deinde
1820 2180 1883 2458 Menalippa
1834 2084 1866 2144 ex
1816 1822 1874 2050 aedibus„
1827 1660 1860 1772 suos
1811 1430 1860 1612 liberos
1811 1335 1857 1396 ad

1916 2824 1965 2992 rogum
1903 2432 1965 2786 compositura,
1916 2292 1961 2385 qua
1899 2215 1945 2260 in
1915 2126 1945 2181 re
1896 1942 1943 2091 multa
1895 1850 1941 1907 ab
1909 1755 1940 1814 ea
1892 1596 1939 1722 dicta
1890 1333 1952 1560 factaque

1997 2866 2039 2993 esse,
1982 2659 2042 2829 quibus
1979 2295 2027 2624 misericordia
1980 1972 2031 2263 moveretur,
1973 1743 2037 1937 planum
1975 1623 2021 1715 est.
1970 1492 2018 1557 Et
1985 1334 2018 1466 com—

2062 2808 2123 2993 paravit
2059 2581 2122 2771 quidem
2058 2367 2105 2543 liberos
2073 2223 2105 2330 cum
2055 2041 2103 2197 hortis
2053 1781 2102 2015 Adonidis
2050 1576 2115 1752 (κῆποι
2042 1334 2098 1547 Ἀδώνι-

2137 2858 2202 2991 δος),
2154 2631 2201 2831 quorum
2139 2459 2185 2604 flores
2138 2324 2196 2434 nati,
2135 2081 2183 2288 necdum
2132 1882 2187 2050 adulti,
2131 1681 2179 1845 statim
2132 1417 2177 1657 intereant
2126 1335 2193 1400 *).

2220 2914 2268 2992 Ad
2219 2675 2266 2889 eiusdem
2218 2440 2265 2648 lamenta
2216 2250 2263 2414 resero
2216 2043 2261 2214 verba:
2209 1807 2273 2007 ἀγρίοις
2212 1450 2258 1774 κατακαῦσαι
2206 1332 2267 1416 ξύ-

2296 2774 2359 2992 λοις**>.
2297 2510 2345 2708 Interim
2296 2286 2343 2462 Aeolus
2295 2133 2341 2235 sive
2291 1814 2352 2099 inquirendo
2291 1675 2336 1777 sive
2290 1481 2350 1641 aliquo
2304 1329 2335 1443 casu

2379 2927 2425 2991 de
2377 2750 2422 2880 filiae
2381 2534 2438 2701 stupro
2375 2264 2437 2498 cognovit.
2372 2090 2418 2194 Nec
2370 1848 2415 2055 alienum
2373 1734 2415 1809 est
2384 1674 2414 1699 a
2366 1329 2430 1639 Menalippae

2456 2798 2518 2990 ingenio
2460 2532 2512 2762 statuere,
2453 2335 2510 2499 illam,
2468 2190 2498 2298 cum
2465 2020 2495 2152 suam
2448 1781 2494 1985 salutem
2448 1623 2493 1745 vitae
2446 1328 2493 1590 liberorum

2539 2644 2599 2989 postponeret,
2533 2524 2579 2597 vel
2532 2301 2578 2487 veniam
2530 2058 2587 2265 delicto,
2526 1881 2587 2011 quod
2526 1701 2572 1846 invita
2526 1327 2583 1666 commisisset,

2631 2961 2661 2988 a
2620 2786 2677 2925 patre
2612 2442 2674 2751 impetratum
2612 2349 2657 2408 iri
2613 2062 2671 2313 speraret,
2606 1869 2668 2025 ipsam
2619 1768 2651 1820 se
2603 1463 2650 1717 infantium
2619 1327 2649 1428 ma-

2698 2864 2740 2989 trem
2707 2717 2738 2827 esse
2691 2397 2753 2661 aperuisse.
2688 2145 2747 2298 Quam
2684 1738 2731 2092 confessionem
2699 1540 2745 1685 quum
2682 1326 2731 1507 iureiu-

2771 2841 2820 2990 rando
2770 2477 2827 2804 confirmaret„
2784 2354 2815 2440 usa
2770 2244 2813 2319 est
2765 2023 2812 2211 famosa
2764 1911 2809 1991 ilia
2761 1637 2809 1874 formula:

2846 2522 2863 2537 ‹-

2851 2664 2913 2859 ὄμνυμι
2846 2578 2897 2625 δ’
2846 2401 2909 2541 ιερὸν
2843 2178 2907 2365 αἰθέρ’,
2842 1936 2905 2140 οἴκησιν
2840 1759 2898 1904 Διός.

2931 2890 2981 2988 Sed
2934 2701 2993 2856 pater,
2944 2478 2976 2666 morum
2927 2135 2975 2442 sanctitatem
2924 1975 2971 2102 tueri
2922 1731 2983 1940 primum
2935 1589 2969 1699 esse
2936 1323 2978 1545 censens,

3011 2778 3060 2988 infantes
3008 2547 3070 2741 quidem
3022 2242 3069 2511 exponere,
3005 2042 3050 2196 filiam
3006 1816 3062 2007 autem,
3000 1629 3048 1779 oculis
3001 1425 3061 1593 erutis,
3000 1323 3048 1390 vi-

3107 2879 3138 2987 vam
3090 2796 3135 2845 in
3104 2574 3134 2763 murum
3087 2290 3133 2539 includere
3083 1973 3131 2256 constituit:

3166 2639 3217 2856 τίσασθε
3164 2425 3230 2606 τήνδε’
3161 2302 3214 2390 καὶ
3161 2169 3227 2269 γὰρ
3159 1886 3210 2132 ἐντεῦθεν
3160 1705 3208 1853 νοσεῖ

3245 2794 3296 2857 τὰ
3247 2656 3295 2761 τῶν
3245 2327 3308 2623 γυναικῶν·
3242 2238 3292 2289 οἵ
3240 2112 3306 2206 μὲν
3240 2048 3305 2081 ἢ
3238 1807 3289 2012 παίδων
3238 1657 3302 1775 πέρι

3325 2821 3391 2853 ἢ
3322 2485 3389 2783 συγγενείας
3322 2282 3372 2450 οὕνεκ’
3322 2149 3371 2245 οὐκ
3320 1827 3378 2114 ἀπώλεσαν,

3403 2685 3470 2854 κακὴν
3403 2392 3467 2653 λαβόντες,
3397 2248 3450 2355 εἶτα
3400 2167 3449 2213 δ’
3398 1995 3448 2129 οὕτω
3398 1745 3447 1961 τᾶδικον

3487 2638 3543 2855 πολλαῖς
3481 2310 3547 2603 ὑπερρύηκε
3478 2192 3530 2277 καὶ
3481 2001 3544 2157 χωρεῖ
3477 1777 3541 1973 πρόσω,

3563 2737 3625 2849 ὥςτ’
3562 2474 3628 2700 ἐξίτηλος
3559 2286 3627 2439 ἀρετὴ
3559 1928 3610 2252 καθίσταται.

3776 2867 3828 2908 Ψ)
3775 2685 3816 2833 Schol.
3774 2529 3815 2642 Plat.
3788 2446 3826 2487 p.
3771 2337 3812 2405 68.
3771 2227 3811 2294 ed.
3769 1996 3810 2194 Ruhnk:
3763 1644 3812 1951 Ἀδώνιδος
3764 1425 3818 1603 κῆποι
3763 1312 3806 1385 ἐπὶ

3846 2748 3886 2841 τῶν
3841 2555 3897 2718 ἀώρων
3842 2453 3883 2528 καὶ
3838 2116 3895 2431 ὄλιγοχρονίων
3837 2018 3879 2092 καὶ
3836 1936 3892 1995 μὴ
3835 1600 3894 1915 ἐρριζωμένων.
3830 1312 3888 1542 Ἐμνήσθη

3913 2790 3955 2839 δὲ
3909 2610 3955 2761 αὐτῶν
3912 2508 3953 2582 καὶ
3908 2225 3966 2475 Εὐριπίδης
3910 1923 3962 2195 Μελανίππῃ
3907 1815 3948 1891 καὶ
3904 1578 3948 1782 ἐνταῦθα
3903 1340 3946 1546 Πλάτων.

3985 2864 4039 2921 **)
3984 2557 4039 2833 Phrynichus
3983 2484 4023 2528 in
3983 2318 4023 2456 Bekk.
3980 2127 4021 2286 Anci-d,
3993 2028 4033 2094 gr.
3994 1953 4032 1995 p,
3977 1845 4018 1922 10:
3972 1624 4031 1797 ἀγρίοις
3975 1310 4016 1596 κατακαῦσαι

4052 2667 4106 2837 ξύλοις·
4052 2569 4095 2627 τὰ
4049 2302 4109 2532 τερατώδη
4048 2179 4103 2262 τὴν
4047 1999 4103 2138 φύσιν
4045 1888 4091 1957 ἐπ’
4043 1686 4103 1860 ἀγρίοις
4043 1504 4089 1657 ἔκαιον
4044 1310 4097 1475 ξύλοις.

4124 2766 4166 2834 Cf.
4124 2566 4167 2735 Welek.
4139 2492 4177 2533 p.
4121 2368 4165 2463 843.
4124 2250 4163 2338 not.
4118 2183 4159 2221 4.
