5010 3336
2253 3312 2277 3318 l
2250 3252 2278 3295 {ssl-

1055 2118 1108 2233 501

1207 2626 1267 2881 Nunquam
1205 2441 1268 2591 igitur
1215 2235 1263 2406 magna
1199 2097 1245 2201 sine
1196 1811 1243 2062 doloribus
1190 1472 1251 1774 efficiuntur,
1206 1346 1237 1436 ne-

1304 2912 1350 3007 que
1289 2739 1334 2875 beata
1284 2600 1330 2695 vita
1283 2332 1344 2551 cuiquam
1278 2206 1324 2297 nisi
1278 1992 1339 2160 ignavo
1276 1895 1319 1943 et
1272 1685 1334 1847 quieto
1269 1344 1317 1648 conceditur.

1364 2812 1425 3008 „Licuit
1362 2599 1410 2778 Achilli
1361 2504 1407 2564 ad
1361 2163 1406 2467 senectutem
1353 1876 1416 2129 pervenire
1353 1716 1397 1843 inter
1349 1345 1411 1681 Myrmidones

1443 2759 1506 3009 regnanti5
1439 2563 1487 2702 licuit
1436 2317 1485 2516 Nestori
1434 2142 1480 2272 domi
1431 1884 1479 2095 manenti
1430 1732 1476 1833 otio
1434 1629 1475 1679 et
1428 1342 1475 1585 felicitate

1522 2882 1578 3009 frui3
1520 2708 1567 2847 licuit
1519 2512 1580 2682 Ulyssi
1533 2370 1563 2478 cum
1514 2244 1560 2334 dea
1515 2000 1559 2210 aetatem
1509 1789 1571 1970 degere
1507 1498 1554 1763 senectutis
1520 1342 1554 1471 mor-

1600 2846 1661 3008 tisque
1598 2594 1661 2810 experti:
1596 2457 1643 2543 sed
1594 2142 1640 2411 maluerunt
1588 1887 1636 2107 infelices
1602 1709 1649 1848 quam
1586 1491 1647 1671 ignavi‚
1599 1342 1630 1441 ma-

1679 2814 1726 3007 luerunt
1693 2726 1724 2780 se
1676 2492 1723 2692 deorum
1672 2093 1733 2441 hominumque
1666 1862 1713 2050 iniuriis
1681 1538 1726 1817 exponere,
1678 1341 1724 1486 quam

1774 2911 1806 3008 non
1758 2803 1805 2877 uti
1756 2588 1803 2771 virtute
1755 2528 1801 2574 :³²
1752 2364 1815 2491 quod
1750 2094 1797 2331 facientes
1752 1953 1793 2057 tum
1744 1593 1791 1902 admirabiles
1742 1340 1804 1557 gerendo

1852 2923 1885 3005 res
1842 2785 1883 2889 tum
1833 2447 1881 2749 atrocissima
1830 2172 1893 2402 patiendo
1824 1876 1874 2127 materiam
1823 1533 1870 1825 carminibus
1819 1339 1882 1492 epicis

1916 2707 1979 3005 tragicisque
1912 2341 1976 2673 dignissimam
1908 1973 1971 2316 praebuerunt.
1902 1709 1950 1904 Etenim
1902 1550 1947 1672 haec
1898 1338 1946 1513 carmi-

2011 2890 2042 3005 num
2007 2678 2057 2854 genera
2006 2538 2038 2632 non
1990 2343 2036 2489 rebus
1988 1957 2051 2309 personisque,
1998 1787 2045 1906 quas
1980 1471 2039 1737 exhibent,
1976 1337 2025 1425 sed

2078 2818 2121 3004 tantum
2072 2590 2118 2776 ratione
2068 2282 2117 2543 exhibendi
2067 2109 2113 2238 inter
2080 2008 2111 2063 se
2063 1725 2110 1973 differunt.
2059 1523 2106 1646 Nam
2072 1338 2121 1485 quum

2168 2944 2200 3004 ex
2151 2667 2215 2895 gerendis
2150 2471 2196 2618 rebus
2146 2152 2194 2423 necessitas
2142 1766 2207 2107 patiendorum
2139 1445 2197 1714 malorum,
2151 1336 2183 1396 ex

2230 2865 2278 3005 malis
2228 2588 2291 2832 patiendis
2228 2288 2275 2553 necessitas
2240 2074 2271 2240 rerum
2222 1708 2286 2031 gerendarum
2217 1463 2265 1674 fortibus
2216 1334 2263 1429 ho-

2310 2795 2356 3005 minibus
2312 2492 2366 2748 nascatur,
2319 2194 2367 2437 quumque
2303 1943 2349 2147 alterum
2299 1694 2346 1894 alterius
2298 1334 2345 1636 incremento

2386 2643 2450 3001 quodammodo
2386 2332 2433 2606 necessario
2386 2032 2443 2293 augeatur:
2380 1734 2441 1983 sequitur,
2381 1635 2424 1689 ut
2390 1428 2438 1589 neque
2373 1332 2420 1382 in

2455 2730 2514 3000 scribendis
2467 2548 2513 2696 rebus
2480 2354 2524 2512 neque
2464 2271 2507 2319 iu
2460 1890 2521 2235 componendis
2456 1568 2503 1861 carminibus
2454 1332 2500 1541 alterum

2547 2942 2593 3001 ab
2546 2737 2591 2892 altero
2543 2473 2606 2690 separari
2541 2257 2604 2432 possit.
2539 2120 2585 2188 Et
2537 1845 2600 2070 profecto
2535 1584 2580 1796 carmina
2531 1331 2579 1537 Ilomeri

2624 2871 2688 3000 quod
2623 2664 2669 2835 attinet
2623 2555 2669 2616 ad
2620 2272 2667 2509 malorum
2616 1862 2663 2220 multitudinem
2612 1331 2676 1815 magnitudinemque

2700 2735 2764 3002 tragoediis
2717 2603 2748 2698 non
2705 2452 2747 2568 sunt
2699 2162 2753 2420 hilariora,
2710 1966 2756 2125 neque
2708 1765 2740 1934 rursus
2691 1446 2753 1725 tragoediae
2705 1331 2736 1410 re-

2798 2891 2830 3000 rum
2786 2598 2842 2845 gestarum
2778 2476 2825 2556 vel
2778 2192 2839 2429 gravitate
2774 2060 2821 2137 vel
2773 1796 2819 2015 novitate
2771 1491 2818 1752 inferiores
2773 1327 2815 1441 sunt

2860 2726 2924 2997 epopoeiis.
2857 2557 2905 2656 Sed
2872 2364 2919 2522 neque
2857 2154 2902 2342 theatra
2855 1983 2899 2128 rebus
2850 1728 2913 1956 gerendis
2850 1480 2911 1692 spatium
2849 1327 2895 1445 dare

2955 2840 3001 2999 neque
2937 2561 3001 2797 rhapsodi
2935 2273 2983 2524 doloribus
2930 1894 2994 2224 exprimendis
2929 1601 2975 1848 immorari
2932 1327 2989 1554 possunt.

3019 2896 3066 2997 Res
3018 2730 3065 2860 enim
3017 2503 3063 2696 fortiter
3017 2303 3075 2469 gestas
3012 2083 3074 2268 agendo
3010 1864 3056 2048 imitari
3024 1687 3055 1830 nemo
3010 1454 3070 1653 potest,
3006 1325 3053 1418 nisi

3098 2897 3160 2993 qui,
3112 2713 3158 2860 quum
3095 2613 3141 2678 sit
3094 2472 3156 2579 pari
3093 2260 3139 2439 robore
3107 2176 3136 2231 ac
3088 1852 3135 2141 fortitudine
3087 1559 3149 1827 praeditus,
3086 1326 3148 1521 paribus

3174 2648 3223 2994 certaminibus
3172 2316 3220 2612 sustinendis
3170 2078 3216 2281 idoneus
3172 1947 3225 2037 est,
3167 1775 3212 1911 cuius
3166 1562 3228 1756 generis
3164 1324 3211 1538 athletae

3260 2875 3302 2991 sunt
3259 2789 3300 2840 et
3253 2445 3316 2756 gladiatores,
3251 2255 3297 2373 ltem
3247 2016 3310 2219 proeliis
3244 1732 3291 1980 imitandis
3244 1323 3305 1696 amphitheatra,

3332 2648 3381 2993 certaminibus
3332 2398 3378 2614 virorum
3328 2162 3375 2361 sortium
3326 1844 3389 2125 spectandis
3324 1681 3370 1797 circi
3322 1483 3370 1647 idonei
3325 1324 3369 1448 sunt.

3412 2774 3460 2991 Theatra
3416 2574 3458 2739 autem
3412 2498 3456 2537 si
3410 2349 3456 2462 talia
3407 2134 3453 2312 imitari
3406 1922 3463 2101 volent,
3407 1657 3451 1886 nascetur
3401 1470 3448 1623 illud:

3517 2796 3526 2862 --·
3518 2669 3524 2731 -—
3487 2232 3552 2600 „Migravit
3486 2120 3533 2194 ab
3500 1916 3532 2083 aare
3483 1562 3546 1882 voluptas

3571 2635 3619 2855 Omnis
3568 2526 3616 2607 ad
3570 2198 3615 2500 incertos
3564 1938 3611 2169 oculos
3568 1850 3609 1907 et
3560 1571 3625 1823 gaudia
3574 1354 3606 1542 vana.

3651 2602 3709 2856 Quattuor
3654 2478 3695 2566 aut
3647 2270 3711 2448 plures
3644 2046 3691 2233 aulaea
3648 1709 3707 2017 premuntur
3640 1620 3686 1675 in
3639 1422 3697 1592 horas,

3729 2722 3777 2857 Dum
3728 2482 3791 2699 fugiant
3729 2218 3790 2442 equitum
3731 1989 3770 2190 turmae
3720 1627 3786 1960 peditumque
3723 1319 3771 1585 catervae;

3808 2729 3855 2855 3on
3807 2470 3854 2695 trahitur
3804 2204 3851 2436 manibus
3818 1990 3865 2170 regum
3803 1743 3864 1968 fortuna
3798 1467 3854 1709 retortis,-

3886 2655 3935 2859 Esseda
3888 2355 3950 2633 festinant„
3884 2105 3947 2322 pilenta,
3882 1801 3945 2078 petorrita,
3894 1576 3934 1763 mcves;

3966 2584 4031 2850 Captivum
3970 2314 4030 2554 portatur
3963 2136 4021 2274 ebur,
3962 1892 4025 2098 captiva
3956 1533 4006 1851 Corirztlzzts.'³

4046 2563 4107 2985 Quemadmodum
4049 2365 4091 2527 autem
4044 2118 4089 2331 virorum
4041 1878 4087 2082 fortium
4037 1511 4086 1854 certaminibus
4038 1428 4080 1477 et
4036 1315 4079 1401 im-

4127 2705 4187 2985 peratorum
4124 2500 4171 2649 rebus
4122 2286 4184 2438 gestis
4120 2017 4183 2229 gravitas
4119 1643 4181 1955 dignitasque
4111 1311 4160 1584 detrahitur

4203 2719 4262 2983 imitando,
4203 2609 4250 2673 ita
4201 2368 4251 2575 affectus
4199 2186 4249 2333 animi
4214 2094 4246 2151 ac
4198 1865 4246 2060 dolores
4195 1649 4247 1830 narrati
4192 1452 4241 1614 minus
4207 1314 4238 1416 mo—
