<?xml version="1.0" encoding="UTF-8"?>
<!DOCTYPE html PUBLIC "-//W3C//DTD XHTML 1.0 Transitional//EN"
    "http://www.w3.org/TR/xhtml1/DTD/xhtml1-transitional.dtd">
<html xmlns="http://www.w3.org/1999/xhtml" xml:lang="en" lang="en">
 <head>
  <title>
</title>
<meta http-equiv="Content-Type" content="text/html;charset=utf-8" />
  <meta name='ocr-system' content='tesseract 3.04.00' />
  <meta name='ocr-capabilities' content='ocr_page ocr_carea ocr_par ocr_line ocrx_word'/>
</head>
<body>
  <div class='ocr_page' id='page_1' title='image "./euripidesrestitu00hartuoft/euripidesrestitu00hartuoft_raw_0462.png"; bbox 0 0 5010 3336; ppageno 0'>
   <div class='ocr_carea' id='block_1_1' title="bbox 3584 717 4178 727">
    <p class='ocr_par' dir='ltr' id='par_1_1' title="bbox 3584 717 4178 727">
     <span class='ocr_line' id='line_1_1' title="bbox 3584 717 4178 727; textangle 270"><span class='ocrx_word' id='word_1_1' title='bbox 3584 717 4178 727; x_wconf 95' lang='lat' dir='ltr'> </span> 
     </span>
    </p>
   </div>
   <div class='ocr_carea' id='block_1_2' title="bbox 2895 708 3426 717">
    <p class='ocr_par' dir='ltr' id='par_1_2' title="bbox 2895 708 3426 717">
     <span class='ocr_line' id='line_1_2' title="bbox 2895 708 3426 717; textangle 270"><span class='ocrx_word' id='word_1_2' title='bbox 2895 708 3426 717; x_wconf 95' lang='lat' dir='ltr'> </span> 
     </span>
    </p>
   </div>
   <div class='ocr_carea' id='block_1_3' title="bbox 0 505 0 860">
    <p class='ocr_par' dir='ltr' id='par_1_3' title="bbox 0 505 0 860">
     <span class='ocr_line' id='line_1_3' title="bbox 0 505 0 860; textangle 270"><span class='ocrx_word' id='word_1_3' title='bbox 0 505 0 860; x_wconf 95' lang='lat' dir='ltr'> </span> 
     </span>
    </p>
   </div>
   <div class='ocr_carea' id='block_1_4' title="bbox 2109 658 2342 675">
    <p class='ocr_par' dir='ltr' id='par_1_4' title="bbox 2109 658 2342 675">
     <span class='ocr_line' id='line_1_4' title="bbox 2286 661 2342 675; textangle 270"><span class='ocrx_word' id='word_1_4' title='bbox 2286 661 2342 675; x_wconf 76' lang='grc' dir='ltr'>,ἒ</span> 
     </span>
     <span class='ocr_line' id='line_1_5' title="bbox 2242 660 2284 675; textangle 270"><span class='ocrx_word' id='word_1_5' title='bbox 2242 660 2284 675; x_wconf 55' lang='lat'>3.</span> 
     </span>
     <span class='ocr_line' id='line_1_6' title="bbox 2200 660 2239 675; textangle 270"><span class='ocrx_word' id='word_1_6' title='bbox 2200 660 2239 675; x_wconf 68' lang='lat' dir='ltr'>l?</span> 
     </span>
     <span class='ocr_line' id='line_1_7' title="bbox 2150 658 2197 663; textangle 270"><span class='ocrx_word' id='word_1_7' title='bbox 2150 658 2197 663; x_wconf 75' lang='lat' dir='ltr'>l</span> 
     </span>
     <span class='ocr_line' id='line_1_8' title="bbox 2109 658 2140 662; textangle 270"><span class='ocrx_word' id='word_1_8' title='bbox 2109 658 2140 662; x_wconf 82' lang='lat' dir='ltr'><strong>l</strong></span> 
     </span>
    </p>
   </div>
   <div class='ocr_carea' id='block_1_5' title="bbox 3818 0 5010 3332">
    <p class='ocr_par' dir='ltr' id='par_1_5' title="bbox 3818 0 5010 3332">
     <span class='ocr_line' id='line_1_9' title="bbox 3818 0 5010 3332; textangle 270"><span class='ocrx_word' id='word_1_9' title='bbox 3818 0 5010 3332; x_wconf 95' lang='lat' dir='ltr'> </span> 
     </span>
    </p>
   </div>
   <div class='ocr_carea' id='block_1_6' title="bbox 3848 2178 3903 2299">
    <p class='ocr_par' dir='ltr' id='par_1_6' title="bbox 3848 2178 3903 2299">
     <span class='ocr_line' id='line_1_10' title="bbox 3848 2178 3903 2299; textangle 270"><span class='ocrx_word' id='word_1_10' title='bbox 3848 2178 3903 2299; x_wconf 69' lang='lat'>444</span> 
     </span>
    </p>
   </div>
   <div class='ocr_carea' id='block_1_7' title="bbox 1935 1375 3770 3073">
    <p class='ocr_par' dir='ltr' id='par_1_7' title="bbox 1935 1375 3770 3073">
     <span class='ocr_line' id='line_1_11' title="bbox 3691 1408 3770 3073; textangle 270"><span class='ocrx_word' id='word_1_11' title='bbox 3705 1408 3770 1796; x_wconf 75' lang='lat' dir='ltr'>tistropliis,</span> <span class='ocrx_word' id='word_1_12' title='bbox 3714 1861 3765 2121; x_wconf 79' lang='lat' dir='ltr'>cliorica</span> <span class='ocrx_word' id='word_1_13' title='bbox 3707 2177 3750 2391; x_wconf 85' lang='lat' dir='ltr'>autem</span> <span class='ocrx_word' id='word_1_14' title='bbox 3699 2438 3748 2724; x_wconf 89' lang='lat' dir='ltr'>utuntur.</span> <span class='ocrx_word' id='word_1_15' title='bbox 3691 2806 3745 3073; x_wconf 86' lang='lat' dir='ltr'>Histrio</span> 
     </span>
     <span class='ocr_line' id='line_1_12' title="bbox 3605 1407 3689 3070; textangle 270"><span class='ocrx_word' id='word_1_16' title='bbox 3642 1407 3689 1572; x_wconf 89' lang='lat' dir='ltr'>enim</span> <span class='ocrx_word' id='word_1_17' title='bbox 3639 1608 3688 1795; x_wconf 89' lang='lat' dir='ltr'>simul</span> <span class='ocrx_word' id='word_1_18' title='bbox 3634 1831 3679 2129; x_wconf 85' lang='lat' dir='ltr'>certator</span> <span class='ocrx_word' id='word_1_19' title='bbox 3629 2164 3671 2262; x_wconf 85' lang='lat' dir='ltr'>est</span> <span class='ocrx_word' id='word_1_20' title='bbox 3612 2314 3670 2507; x_wconf 87' lang='lat' dir='ltr'>atque</span> <span class='ocrx_word' id='word_1_21' title='bbox 3605 2553 3671 2879; x_wconf 83' lang='lat' dir='ltr'><strong>imitator,</strong></span> <span class='ocrx_word' id='word_1_22' title='bbox 3611 2930 3660 3070; x_wconf 87' lang='lat' dir='ltr'>cho-</span> 
     </span>
     <span class='ocr_line' id='line_1_13' title="bbox 3530 1405 3604 3070; textangle 270"><span class='ocrx_word' id='word_1_23' title='bbox 3562 1405 3594 1509; x_wconf 89' lang='lat' dir='ltr'>rus</span> <span class='ocrx_word' id='word_1_24' title='bbox 3561 1545 3602 1754; x_wconf 89' lang='lat' dir='ltr'>autem</span> <span class='ocrx_word' id='word_1_25' title='bbox 3558 1790 3604 1987; x_wconf 89' lang='lat' dir='ltr'>minus</span> <span class='ocrx_word' id='word_1_26' title='bbox 3530 2023 3602 2443; x_wconf 77' lang='lat' dir='ltr'>imitatur”*).</span> <span class='ocrx_word' id='word_1_27' title='bbox 3539 2511 3594 2787; x_wconf 86' lang='lat' dir='ltr'><strong>Verborum</strong></span> <span class='ocrx_word' id='word_1_28' title='bbox 3532 2823 3584 3070; x_wconf 77' lang='lat' dir='ltr'>Aristote-</span> 
     </span>
     <span class='ocr_line' id='line_1_14' title="bbox 3440 1401 3531 3068; textangle 270"><span class='ocrx_word' id='word_1_29' title='bbox 3484 1401 3531 1464; x_wconf 88' lang='lat' dir='ltr'>lis</span> <span class='ocrx_word' id='word_1_30' title='bbox 3481 1501 3514 1674; x_wconf 87' lang='lat' dir='ltr'>sensus</span> <span class='ocrx_word' id='word_1_31' title='bbox 3466 1712 3511 1805; x_wconf 90' lang='lat' dir='ltr'>quo</span> <span class='ocrx_word' id='word_1_32' title='bbox 3477 1843 3526 2031; x_wconf 77' lang='lat' dir='ltr'><strong>facilius</strong></span> <span class='ocrx_word' id='word_1_33' title='bbox 3456 2061 3517 2405; x_wconf 74' lang='lat' dir='ltr'>perspiciatur,</span> <span class='ocrx_word' id='word_1_34' title='bbox 3450 2433 3514 2773; x_wconf 84' lang='lat' dir='ltr'>explicandum</span> <span class='ocrx_word' id='word_1_35' title='bbox 3457 2796 3490 2907; x_wconf 90' lang='lat' dir='ltr'>esse</span> <span class='ocrx_word' id='word_1_36' title='bbox 3440 2931 3497 3068; x_wconf 83' lang='lat' dir='ltr'>puto,</span> 
     </span>
     <span class='ocr_line' id='line_1_15' title="bbox 3374 1402 3450 3069; textangle 270"><span class='ocrx_word' id='word_1_37' title='bbox 3390 1402 3450 1597; x_wconf 79' lang='lat' dir='ltr'>quinam</span> <span class='ocrx_word' id='word_1_38' title='bbox 3400 1646 3447 1777; x_wconf 90' lang='lat' dir='ltr'>nomi</span> <span class='ocrx_word' id='word_1_39' title='bbox 3399 1824 3439 1872; x_wconf 91' lang='lat' dir='ltr'>et</span> <span class='ocrx_word' id='word_1_40' title='bbox 3383 1925 3442 2007; x_wconf 88' lang='lat' dir='ltr'>qui</span> <span class='ocrx_word' id='word_1_41' title='bbox 3378 2041 3441 2338; x_wconf 76' lang='lat' dir='ltr'>dithyrambi</span> <span class='ocrx_word' id='word_1_42' title='bbox 3388 2386 3436 2501; x_wconf 84' lang='lat' dir='ltr'>dicti</span> <span class='ocrx_word' id='word_1_43' title='bbox 3383 2550 3431 2660; x_wconf 86' lang='lat' dir='ltr'>sint.</span> <span class='ocrx_word' id='word_1_44' title='bbox 3378 2749 3427 2814; x_wconf 79' lang='lat' dir='ltr'>Et</span> <span class='ocrx_word' id='word_1_45' title='bbox 3374 2859 3423 3069; x_wconf 89' lang='lat' dir='ltr'>nominis</span> 
     </span>
     <span class='ocr_line' id='line_1_16' title="bbox 3294 1398 3373 3069; textangle 270"><span class='ocrx_word' id='word_1_46' title='bbox 3308 1398 3373 1564; x_wconf 76' lang='grc' dir='ltr'><strong><em>νόμος</em></strong></span> <span class='ocrx_word' id='word_1_47' title='bbox 3321 1612 3353 1784; x_wconf 89' lang='lat' dir='ltr'>sensus</span> <span class='ocrx_word' id='word_1_48' title='bbox 3302 1832 3367 2014; x_wconf 79' lang='lat' dir='ltr'>duplex</span> <span class='ocrx_word' id='word_1_49' title='bbox 3313 2063 3352 2192; x_wconf 83' lang='lat' dir='ltr'>erat:</span> <span class='ocrx_word' id='word_1_50' title='bbox 3309 2251 3358 2404; x_wconf 83' lang='lat' dir='ltr'>altero</span> <span class='ocrx_word' id='word_1_51' title='bbox 3305 2457 3355 2627; x_wconf 87' lang='lat' dir='ltr'>latiore</span> <span class='ocrx_word' id='word_1_52' title='bbox 3298 2670 3346 2917; x_wconf 90' lang='lat' dir='ltr'>modum</span> <span class='ocrx_word' id='word_1_53' title='bbox 3294 2965 3343 3069; x_wconf 86' lang='lat' dir='ltr'>sive</span> 
     </span>
     <span class='ocr_line' id='line_1_17' title="bbox 3203 1398 3294 3066; textangle 270"><span class='ocrx_word' id='word_1_54' title='bbox 3227 1398 3294 1661; x_wconf 74' lang='grc' dir='ltr'><em>ἁρμονίαν</em></span> <span class='ocrx_word' id='word_1_55' title='bbox 3227 1696 3289 1783; x_wconf 84' lang='lat' dir='ltr'>(W</span> <span class='ocrx_word' id='word_1_56' title='bbox 3225 1800 3286 1969; x_wconf 85' lang='lat' dir='ltr'>eise,</span> <span class='ocrx_word' id='word_1_57' title='bbox 3216 2005 3283 2319; x_wconf 84' lang='lat' dir='ltr'>Melodie)</span> <span class='ocrx_word' id='word_1_58' title='bbox 3212 2358 3275 2688; x_wconf 80' lang='lat' dir='ltr'>significabat:</span> <span class='ocrx_word' id='word_1_59' title='bbox 3219 2740 3251 2851; x_wconf 89' lang='lat' dir='ltr'>nam</span> <span class='ocrx_word' id='word_1_60' title='bbox 3203 2885 3266 3066; x_wconf 73' lang='grc' dir='ltr'><strong><em>νόμος,</em></strong></span> 
     </span>
     <span class='ocr_line' id='line_1_18' title="bbox 3134 1397 3213 3066; textangle 270"><span class='ocrx_word' id='word_1_61' title='bbox 3162 1397 3192 1458; x_wconf 78' lang='lat' dir='ltr'>ex</span> <span class='ocrx_word' id='word_1_62' title='bbox 3147 1487 3213 1626; x_wconf 79' lang='grc' dir='ltr'><strong><em>νέμω</em></strong></span> <span class='ocrx_word' id='word_1_63' title='bbox 3149 1655 3203 1838; x_wconf 87' lang='lat' dir='ltr'>natum,</span> <span class='ocrx_word' id='word_1_64' title='bbox 3159 1876 3206 1923; x_wconf 80' lang='lat' dir='ltr'>vi</span> <span class='ocrx_word' id='word_1_65' title='bbox 3142 1957 3202 2201; x_wconf 80' lang='lat' dir='ltr'>primitiva</span> <span class='ocrx_word' id='word_1_66' title='bbox 3134 2237 3196 2472; x_wconf 87' lang='lat' dir='ltr'>quidquid</span> <span class='ocrx_word' id='word_1_67' title='bbox 3144 2506 3186 2642; x_wconf 86' lang='lat' dir='ltr'>certo</span> <span class='ocrx_word' id='word_1_68' title='bbox 3138 2678 3189 2847; x_wconf 85' lang='lat' dir='ltr'>ordine</span> <span class='ocrx_word' id='word_1_69' title='bbox 3136 2882 3184 3066; x_wconf 80' lang='lat' dir='ltr'>descri-</span> 
     </span>
     <span class='ocr_line' id='line_1_19' title="bbox 3044 1393 3128 3064; textangle 270"><span class='ocrx_word' id='word_1_70' title='bbox 3066 1393 3124 1534; x_wconf 84' lang='lat' dir='ltr'>ptum</span> <span class='ocrx_word' id='word_1_71' title='bbox 3081 1579 3123 1653; x_wconf 87' lang='lat' dir='ltr'>est</span> <span class='ocrx_word' id='word_1_72' title='bbox 3065 1700 3128 1951; x_wconf 82' lang='lat' dir='ltr'>designat,</span> <span class='ocrx_word' id='word_1_73' title='bbox 3075 2011 3122 2139; x_wconf 88' lang='lat' dir='ltr'>unde</span> <span class='ocrx_word' id='word_1_74' title='bbox 3070 2183 3121 2366; x_wconf 76' lang='lat' dir='ltr'>factum</span> <span class='ocrx_word' id='word_1_75' title='bbox 3055 2424 3110 2528; x_wconf 63' lang='lat' dir='ltr'>est,</span> <span class='ocrx_word' id='word_1_76' title='bbox 3064 2589 3107 2644; x_wconf 80' lang='lat' dir='ltr'>ut</span> <span class='ocrx_word' id='word_1_77' title='bbox 3046 2698 3093 2786; x_wconf 87' lang='lat' dir='ltr'>pro</span> <span class='ocrx_word' id='word_1_78' title='bbox 3044 2838 3090 3064; x_wconf 71' lang='lat' dir='ltr'>norma,</span> 
     </span>
     <span class='ocr_line' id='line_1_20' title="bbox 2972 1392 3048 3064; textangle 270"><span class='ocrx_word' id='word_1_79' title='bbox 2989 1392 3033 1592; x_wconf 78' lang='lat' dir='ltr'>more,</span> <span class='ocrx_word' id='word_1_80' title='bbox 2986 1652 3048 1801; x_wconf 77' lang='lat' dir='ltr'>lege</span> <span class='ocrx_word' id='word_1_81' title='bbox 2985 1847 3039 2131; x_wconf 76' lang='lat' dir='ltr'><strong>poneretur.</strong></span> <span class='ocrx_word' id='word_1_82' title='bbox 2991 2223 3040 2287; x_wconf 86' lang='lat' dir='ltr'>Et</span> <span class='ocrx_word' id='word_1_83' title='bbox 2972 2336 3036 2618; x_wconf 80' lang='lat' dir='ltr'>antiquioris</span> <span class='ocrx_word' id='word_1_84' title='bbox 2979 2667 3027 2884; x_wconf 82' lang='lat' dir='ltr'>musicae</span> <span class='ocrx_word' id='word_1_85' title='bbox 2977 2930 3025 3064; x_wconf 87' lang='lat' dir='ltr'>modi</span> 
     </span>
     <span class='ocr_line' id='line_1_21' title="bbox 2882 1392 2970 3063; textangle 270"><span class='ocrx_word' id='word_1_86' title='bbox 2922 1392 2954 1561; x_wconf 79' lang='lat' dir='ltr'>omnes</span> <span class='ocrx_word' id='word_1_87' title='bbox 2924 1598 2970 1709; x_wconf 83' lang='lat' dir='ltr'>stati</span> <span class='ocrx_word' id='word_1_88' title='bbox 2905 1745 2969 2034; x_wconf 82' lang='lat' dir='ltr'>definitique</span> <span class='ocrx_word' id='word_1_89' title='bbox 2904 2084 2956 2249; x_wconf 80' lang='lat' dir='ltr'>erant,</span> <span class='ocrx_word' id='word_1_90' title='bbox 2912 2301 2953 2355; x_wconf 86' lang='lat' dir='ltr'>ut</span> <span class='ocrx_word' id='word_1_91' title='bbox 2894 2400 2957 2555; x_wconf 80' lang='grc' dir='ltr'><strong><em>νόμοι</em></strong></span> <span class='ocrx_word' id='word_1_92' title='bbox 2900 2599 2950 2862; x_wconf 87' lang='lat' dir='ltr'>iustissime</span> <span class='ocrx_word' id='word_1_93' title='bbox 2882 2894 2945 3063; x_wconf 86' lang='lat' dir='ltr'>appel—</span> 
     </span>
     <span class='ocr_line' id='line_1_22' title="bbox 2811 1391 2891 3062; textangle 270"><span class='ocrx_word' id='word_1_94' title='bbox 2828 1391 2891 1714; x_wconf 47' lang='lat' dir='ltr'>larenturss‘ffi)</span> <span class='ocrx_word' id='word_1_95' title='bbox 2826 1782 2889 2080; x_wconf 82' lang='lat' dir='ltr'>Angustiore</span> <span class='ocrx_word' id='word_1_96' title='bbox 2835 2114 2868 2259; x_wconf 90' lang='lat' dir='ltr'>sensu</span> <span class='ocrx_word' id='word_1_97' title='bbox 2828 2295 2874 2482; x_wconf 86' lang='lat' dir='ltr'>certum</span> <span class='ocrx_word' id='word_1_98' title='bbox 2811 2517 2873 2761; x_wconf 82' lang='lat' dir='ltr'>quoddam</span> <span class='ocrx_word' id='word_1_99' title='bbox 2817 2797 2865 3062; x_wconf 86' lang='lat' dir='ltr'>carminum</span> 
     </span>
     <span class='ocr_line' id='line_1_23' title="bbox 2726 1388 2810 3059; textangle 270"><span class='ocrx_word' id='word_1_100' title='bbox 2747 1388 2795 1542; x_wconf 81' lang='lat' dir='ltr'>genus</span> <span class='ocrx_word' id='word_1_101' title='bbox 2748 1578 2810 1910; x_wconf 72' lang='lat' dir='ltr'>significabat,</span> <span class='ocrx_word' id='word_1_102' title='bbox 2758 1961 2805 2099; x_wconf 89' lang='lat' dir='ltr'>cuius</span> <span class='ocrx_word' id='word_1_103' title='bbox 2754 2137 2794 2305; x_wconf 85' lang='lat' dir='ltr'>auctor</span> <span class='ocrx_word' id='word_1_104' title='bbox 2736 2339 2798 2515; x_wconf 86' lang='lat' dir='ltr'><strong>Apollo</strong></span> <span class='ocrx_word' id='word_1_105' title='bbox 2743 2559 2794 2714; x_wconf 88' lang='lat' dir='ltr'>fuisse</span> <span class='ocrx_word' id='word_1_106' title='bbox 2726 2763 2787 3059; x_wconf 86' lang='lat' dir='ltr'>perhibeba-</span> 
     </span>
     <span class='ocr_line' id='line_1_24' title="bbox 2656 1390 2730 3060; textangle 270"><span class='ocrx_word' id='word_1_107' title='bbox 2671 1390 2725 1498; x_wconf 73' lang='lat' dir='ltr'>tur,</span> <span class='ocrx_word' id='word_1_108' title='bbox 2683 1536 2730 1663; x_wconf 87' lang='lat' dir='ltr'>sicut</span> <span class='ocrx_word' id='word_1_109' title='bbox 2667 1698 2730 2118; x_wconf 59' lang='lat' dir='ltr'>ditliyramborum</span> <span class='ocrx_word' id='word_1_110' title='bbox 2668 2156 2723 2397; x_wconf 80' lang='lat' dir='ltr'>Bacchus,</span> <span class='ocrx_word' id='word_1_111' title='bbox 2666 2468 2718 2631; x_wconf 89' lang='lat' dir='ltr'>Testis</span> <span class='ocrx_word' id='word_1_112' title='bbox 2664 2663 2705 2738; x_wconf 91' lang='lat' dir='ltr'>est</span> <span class='ocrx_word' id='word_1_113' title='bbox 2658 2772 2709 2974; x_wconf 90' lang='lat' dir='ltr'>Proclus</span> <span class='ocrx_word' id='word_1_114' title='bbox 2656 3011 2704 3060; x_wconf 89' lang='lat' dir='ltr'>in</span> 
     </span>
     <span class='ocr_line' id='line_1_25' title="bbox 2568 1385 2651 3057; textangle 270"><span class='ocrx_word' id='word_1_115' title='bbox 2602 1385 2651 1551; x_wconf 88' lang='lat' dir='ltr'>Photii</span> <span class='ocrx_word' id='word_1_116' title='bbox 2602 1596 2650 1721; x_wconf 90' lang='lat' dir='ltr'>Bibl.</span> <span class='ocrx_word' id='word_1_117' title='bbox 2600 1774 2633 1814; x_wconf 91' lang='lat' dir='ltr'>c.</span> <span class='ocrx_word' id='word_1_118' title='bbox 2597 1854 2648 2159; x_wconf 75' lang='lat' dir='ltr'>ccxxxix.</span> <span class='ocrx_word' id='word_1_119' title='bbox 2579 2197 2624 2244; x_wconf 92' lang='lat' dir='ltr'>p.</span> <span class='ocrx_word' id='word_1_120' title='bbox 2592 2280 2637 2404; x_wconf 68' lang='lat'>985:</span> <span class='ocrx_word' id='word_1_121' title='bbox 2578 2488 2635 2713; x_wconf 82' lang='lat' dir='ltr'>„Nomas</span> <span class='ocrx_word' id='word_1_122' title='bbox 2568 2763 2629 2959; x_wconf 84' lang='lat' dir='ltr'>quidem</span> <span class='ocrx_word' id='word_1_123' title='bbox 2576 3007 2623 3057; x_wconf 89' lang='lat' dir='ltr'>in</span> 
     </span>
     <span class='ocr_line' id='line_1_26' title="bbox 2488 1384 2570 3056; textangle 270"><span class='ocrx_word' id='word_1_124' title='bbox 2506 1384 2570 1661; x_wconf 77' lang='lat' dir='ltr'>Apollinem</span> <span class='ocrx_word' id='word_1_125' title='bbox 2504 1698 2567 2005; x_wconf 86' lang='lat' dir='ltr'>conscriptus</span> <span class='ocrx_word' id='word_1_126' title='bbox 2506 2042 2558 2145; x_wconf 66' lang='lat' dir='ltr'>est,</span> <span class='ocrx_word' id='word_1_127' title='bbox 2516 2195 2545 2221; x_wconf 90' lang='lat' dir='ltr'>a</span> <span class='ocrx_word' id='word_1_128' title='bbox 2499 2259 2544 2352; x_wconf 87' lang='lat' dir='ltr'>quo</span> <span class='ocrx_word' id='word_1_129' title='bbox 2507 2388 2542 2567; x_wconf 88' lang='lat' dir='ltr'>nomen</span> <span class='ocrx_word' id='word_1_130' title='bbox 2488 2612 2549 2824; x_wconf 89' lang='lat' dir='ltr'>accepit:</span> <span class='ocrx_word' id='word_1_131' title='bbox 2497 2890 2547 3056; x_wconf 89' lang='lat' dir='ltr'>Nomi-</span> 
     </span>
     <span class='ocr_line' id='line_1_27' title="bbox 2415 1383 2489 3056; textangle 270"><span class='ocrx_word' id='word_1_132' title='bbox 2442 1383 2473 1441; x_wconf 89' lang='lat' dir='ltr'>us</span> <span class='ocrx_word' id='word_1_133' title='bbox 2443 1490 2489 1619; x_wconf 91' lang='lat' dir='ltr'>euim</span> <span class='ocrx_word' id='word_1_134' title='bbox 2426 1667 2489 1843; x_wconf 88' lang='lat' dir='ltr'><strong>Apollo</strong></span> <span class='ocrx_word' id='word_1_135' title='bbox 2423 1896 2484 2171; x_wconf 83' lang='lat' dir='ltr'>appellatus</span> <span class='ocrx_word' id='word_1_136' title='bbox 2421 2218 2475 2321; x_wconf 69' lang='lat' dir='ltr'>est,</span> <span class='ocrx_word' id='word_1_137' title='bbox 2415 2375 2474 2531; x_wconf 90' lang='lat' dir='ltr'>quod,</span> <span class='ocrx_word' id='word_1_138' title='bbox 2422 2580 2470 2830; x_wconf 86' lang='lat' dir='ltr'>veteribus</span> <span class='ocrx_word' id='word_1_139' title='bbox 2415 2880 2465 3056; x_wconf 90' lang='lat' dir='ltr'>choros</span> 
     </span>
     <span class='ocr_line' id='line_1_28' title="bbox 2323 1383 2409 3054; textangle 270"><span class='ocrx_word' id='word_1_140' title='bbox 2362 1383 2409 1796; x_wconf 75' lang='lat' dir='ltr'>constituentibus</span> <span class='ocrx_word' id='word_1_141' title='bbox 2361 1833 2403 1881; x_wconf 89' lang='lat' dir='ltr'>et</span> <span class='ocrx_word' id='word_1_142' title='bbox 2360 1918 2406 1976; x_wconf 84' lang='lat' dir='ltr'>ad</span> <span class='ocrx_word' id='word_1_143' title='bbox 2357 2014 2405 2182; x_wconf 87' lang='lat' dir='ltr'>tibiam</span> <span class='ocrx_word' id='word_1_144' title='bbox 2355 2228 2400 2305; x_wconf 78' lang='lat' dir='ltr'>vel</span> <span class='ocrx_word' id='word_1_145' title='bbox 2337 2352 2399 2507; x_wconf 72' lang='lat' dir='ltr'>lyram</span> <span class='ocrx_word' id='word_1_146' title='bbox 2344 2543 2379 2719; x_wconf 91' lang='lat' dir='ltr'>nomon</span> <span class='ocrx_word' id='word_1_147' title='bbox 2323 2755 2385 3054; x_wconf 75' lang='lat' dir='ltr'>canentibus,</span> 
     </span>
     <span class='ocr_line' id='line_1_29' title="bbox 2247 1382 2331 3053; textangle 270"><span class='ocrx_word' id='word_1_148' title='bbox 2267 1382 2331 1760; x_wconf 74' lang='lat' dir='ltr'>Chrysothemis</span> <span class='ocrx_word' id='word_1_149' title='bbox 2279 1797 2328 2048; x_wconf 84' lang='lat' dir='ltr'>Cretensis</span> <span class='ocrx_word' id='word_1_150' title='bbox 2262 2084 2323 2271; x_wconf 87' lang='lat' dir='ltr'>primus</span> <span class='ocrx_word' id='word_1_151' title='bbox 2270 2319 2317 2443; x_wconf 85' lang='lat' dir='ltr'>stola</span> <span class='ocrx_word' id='word_1_152' title='bbox 2267 2493 2299 2610; x_wconf 92' lang='lat' dir='ltr'>usus</span> <span class='ocrx_word' id='word_1_153' title='bbox 2247 2656 2312 2833; x_wconf 81' lang='lat' dir='ltr'>insigni</span> <span class='ocrx_word' id='word_1_154' title='bbox 2259 2878 2302 2927; x_wconf 86' lang='lat' dir='ltr'>et</span> <span class='ocrx_word' id='word_1_155' title='bbox 2256 2970 2288 3053; x_wconf 88' lang='lat' dir='ltr'>ac-</span> 
     </span>
     <span class='ocr_line' id='line_1_30' title="bbox 2177 1379 2249 3050; textangle 270"><span class='ocrx_word' id='word_1_156' title='bbox 2188 1379 2245 1523; x_wconf 88' lang='lat' dir='ltr'>cepta</span> <span class='ocrx_word' id='word_1_157' title='bbox 2190 1561 2249 1769; x_wconf 86' lang='lat' dir='ltr'>eithara,</span> <span class='ocrx_word' id='word_1_158' title='bbox 2185 1817 2247 2093; x_wconf 85' lang='lat' dir='ltr'>Apollinem</span> <span class='ocrx_word' id='word_1_159' title='bbox 2179 2130 2242 2375; x_wconf 83' lang='lat' dir='ltr'>imitatus,</span> <span class='ocrx_word' id='word_1_160' title='bbox 2187 2426 2235 2602; x_wconf 86' lang='lat' dir='ltr'>solus</span> <span class='ocrx_word' id='word_1_161' title='bbox 2182 2640 2231 2815; x_wconf 78' lang='lat' dir='ltr'>cecinit</span> <span class='ocrx_word' id='word_1_162' title='bbox 2177 2848 2211 3050; x_wconf 90' lang='lat' dir='ltr'>nomon:</span> 
     </span>
     <span class='ocr_line' id='line_1_31' title="bbox 2088 1376 2169 3051; textangle 270"><span class='ocrx_word' id='word_1_163' title='bbox 2109 1376 2169 1461; x_wconf 90' lang='lat' dir='ltr'>qui</span> <span class='ocrx_word' id='word_1_164' title='bbox 2123 1496 2153 1607; x_wconf 89' lang='lat' dir='ltr'>cum</span> <span class='ocrx_word' id='word_1_165' title='bbox 2122 1645 2154 1701; x_wconf 92' lang='lat' dir='ltr'>eo</span> <span class='ocrx_word' id='word_1_166' title='bbox 2107 1736 2153 1917; x_wconf 82' lang='lat' dir='ltr'>genere</span> <span class='ocrx_word' id='word_1_167' title='bbox 2116 1952 2165 2266; x_wconf 73' lang='lat' dir='ltr'>veliementer</span> <span class='ocrx_word' id='word_1_168' title='bbox 2097 2300 2156 2536; x_wconf 86' lang='lat' dir='ltr'>probatus</span> <span class='ocrx_word' id='word_1_169' title='bbox 2092 2574 2145 2734; x_wconf 87' lang='lat' dir='ltr'>esset,</span> <span class='ocrx_word' id='word_1_170' title='bbox 2088 2772 2133 3051; x_wconf 86' lang='lat' dir='ltr'>perman—</span> 
     </span>
     <span class='ocr_line' id='line_1_32' title="bbox 2007 1376 2090 3049; textangle 270"><span class='ocrx_word' id='word_1_171' title='bbox 2044 1376 2090 1454; x_wconf 82' lang='lat' dir='ltr'>sit</span> <span class='ocrx_word' id='word_1_172' title='bbox 2043 1488 2090 1589; x_wconf 88' lang='lat' dir='ltr'>hic</span> <span class='ocrx_word' id='word_1_173' title='bbox 2043 1623 2074 1753; x_wconf 88' lang='lat' dir='ltr'>mos</span> <span class='ocrx_word' id='word_1_174' title='bbox 2036 1801 2085 2231; x_wconf 81' lang='lat' dir='ltr'>certa1ninis.’⁷</span> <span class='ocrx_word' id='word_1_175' title='bbox 2033 2299 2080 2390; x_wconf 90' lang='lat' dir='ltr'>IIis</span> <span class='ocrx_word' id='word_1_176' title='bbox 2026 2428 2076 2741; x_wconf 86' lang='lat' dir='ltr'>confirmatur</span> <span class='ocrx_word' id='word_1_177' title='bbox 2007 2775 2068 2905; x_wconf 89' lang='lat' dir='ltr'>quod</span> <span class='ocrx_word' id='word_1_178' title='bbox 2018 2938 2066 3049; x_wconf 88' lang='lat' dir='ltr'>Ari-</span> 
     </span>
     <span class='ocr_line' id='line_1_33' title="bbox 1935 1375 2012 3049; textangle 270"><span class='ocrx_word' id='word_1_179' title='bbox 1965 1375 2012 1580; x_wconf 90' lang='lat' dir='ltr'>stoteles</span> <span class='ocrx_word' id='word_1_180' title='bbox 1952 1629 2012 1772; x_wconf 80' lang='lat' dir='ltr'>dicit,</span> <span class='ocrx_word' id='word_1_181' title='bbox 1961 1821 1994 1993; x_wconf 90' lang='lat' dir='ltr'>nomos</span> <span class='ocrx_word' id='word_1_182' title='bbox 1952 2043 2003 2388; x_wconf 84' lang='lat' dir='ltr'>certaminibus</span> <span class='ocrx_word' id='word_1_183' title='bbox 1935 2433 1998 2733; x_wconf 83' lang='lat' dir='ltr'>singulorum</span> <span class='ocrx_word' id='word_1_184' title='bbox 1938 2781 1990 3049; x_wconf 87' lang='lat' dir='ltr'>destinatos</span> 
     </span>
    </p>
   </div>
   <div class='ocr_carea' id='block_1_8' title="bbox 664 1396 1857 3047">
    <p class='ocr_par' dir='ltr' id='par_1_8' title="bbox 1318 1431 1857 3047">
     <span class='ocr_line' id='line_1_34' title="bbox 1777 1431 1857 3047; textangle 270"><span class='ocrx_word' id='word_1_185' title='bbox 1803 1431 1856 1477; x_wconf 50' lang='lat'>²2³)</span> <span class='ocrx_word' id='word_1_186' title='bbox 1816 1507 1857 1619; x_wconf 91' lang='lat' dir='ltr'>Ibid.</span> <span class='ocrx_word' id='word_1_187' title='bbox 1804 1652 1852 1689; x_wconf 52' lang='grc' dir='ltr'>ᾗ.</span> <span class='ocrx_word' id='word_1_188' title='bbox 1814 1722 1857 1801; x_wconf 84' lang='lat'>30:</span> <span class='ocrx_word' id='word_1_189' title='bbox 1803 1835 1852 1956; x_wconf 74' lang='lat' dir='ltr'>„Cur</span> <span class='ocrx_word' id='word_1_190' title='bbox 1799 1986 1837 2125; x_wconf 86' lang='lat' dir='ltr'>neque</span> <span class='ocrx_word' id='word_1_191' title='bbox 1804 2156 1847 2412; x_wconf 85' lang='lat' dir='ltr'>subdorium</span> <span class='ocrx_word' id='word_1_192' title='bbox 1788 2442 1829 2582; x_wconf 89' lang='lat' dir='ltr'>neque</span> <span class='ocrx_word' id='word_1_193' title='bbox 1780 2611 1837 2939; x_wconf 81' lang='lat' dir='ltr'>subphrygium</span> <span class='ocrx_word' id='word_1_194' title='bbox 1777 2967 1817 3047; x_wconf 82' lang='lat' dir='ltr'>ge—</span> 
     </span>
     <span class='ocr_line' id='line_1_35' title="bbox 1715 1510 1785 3046; textangle 270"><span class='ocrx_word' id='word_1_195' title='bbox 1745 1510 1772 1591; x_wconf 87' lang='lat' dir='ltr'>nus</span> <span class='ocrx_word' id='word_1_196' title='bbox 1745 1619 1785 1664; x_wconf 90' lang='lat' dir='ltr'>in</span> <span class='ocrx_word' id='word_1_197' title='bbox 1744 1697 1785 1846; x_wconf 86' lang='lat' dir='ltr'>choris</span> <span class='ocrx_word' id='word_1_198' title='bbox 1728 1876 1780 2136; x_wconf 75' lang='lat' dir='ltr'>tragoediae</span> <span class='ocrx_word' id='word_1_199' title='bbox 1725 2166 1774 2438; x_wconf 57' lang='lat' dir='ltr'>usurpatur?</span> <span class='ocrx_word' id='word_1_200' title='bbox 1730 2508 1770 2573; x_wconf 88' lang='lat' dir='ltr'>An</span> <span class='ocrx_word' id='word_1_201' title='bbox 1715 2605 1767 2813; x_wconf 81' lang='lat' dir='ltr'>quonlam</span> <span class='ocrx_word' id='word_1_202' title='bbox 1721 2843 1764 3046; x_wconf 80' lang='lat' dir='ltr'>antistro-</span> 
     </span>
     <span class='ocr_line' id='line_1_36' title="bbox 1645 1479 1714 3045; textangle 270"><span class='ocrx_word' id='word_1_203' title='bbox 1663 1479 1714 1600; x_wconf 85' lang='lat' dir='ltr'>¹pho</span> <span class='ocrx_word' id='word_1_204' title='bbox 1661 1639 1711 1820; x_wconf 83' lang='lat' dir='ltr'>carent,</span> <span class='ocrx_word' id='word_1_205' title='bbox 1659 1859 1708 2011; x_wconf 82' lang='lat' dir='ltr'>utpote</span> <span class='ocrx_word' id='word_1_206' title='bbox 1657 2052 1696 2164; x_wconf 89' lang='lat' dir='ltr'>quae</span> <span class='ocrx_word' id='word_1_207' title='bbox 1664 2210 1706 2385; x_wconf 80' lang='lat' dir='ltr'>scenica</span> <span class='ocrx_word' id='word_1_208' title='bbox 1660 2421 1702 2505; x_wconf 82' lang='lat' dir='ltr'>sint</span> <span class='ocrx_word' id='word_1_209' title='bbox 1645 2545 1695 2675; x_wconf 86' lang='lat' dir='ltr'>atque</span> <span class='ocrx_word' id='word_1_210' title='bbox 1653 2705 1696 2941; x_wconf 83' lang='lat' dir='ltr'>imitationi</span> <span class='ocrx_word' id='word_1_211' title='bbox 1650 2970 1678 3045; x_wconf 84' lang='lat' dir='ltr'>ac—</span> 
     </span>
     <span class='ocr_line' id='line_1_37' title="bbox 1567 1510 1644 3047; textangle 270"><span class='ocrx_word' id='word_1_212' title='bbox 1603 1510 1644 1837; x_wconf 66' lang='lat' dir='ltr'>commodata.”’</span> <span class='ocrx_word' id='word_1_213' title='bbox 1602 1902 1642 2014; x_wconf 86' lang='lat' dir='ltr'>Ibid.</span> <span class='ocrx_word' id='word_1_214' title='bbox 1588 2048 1636 2084; x_wconf 76' lang='lat'>§.</span> <span class='ocrx_word' id='word_1_215' title='bbox 1598 2117 1639 2166; x_wconf 81' lang='lat'>6:</span> <span class='ocrx_word' id='word_1_216' title='bbox 1586 2213 1636 2333; x_wconf 70' lang='lat' dir='ltr'>„Cur</span> <span class='ocrx_word' id='word_1_217' title='bbox 1589 2372 1634 2606; x_wconf 82' lang='lat' dir='ltr'>declinatio</span> <span class='ocrx_word' id='word_1_218' title='bbox 1567 2647 1626 3047; x_wconf 72' lang='grc' dir='ltr'>(παρακαταλογή)</span> 
     </span>
     <span class='ocr_line' id='line_1_38' title="bbox 1506 1507 1577 3044; textangle 270"><span class='ocrx_word' id='word_1_219' title='bbox 1536 1507 1577 1552; x_wconf 91' lang='lat' dir='ltr'>in</span> <span class='ocrx_word' id='word_1_220' title='bbox 1534 1582 1574 1781; x_wconf 88' lang='lat' dir='ltr'>cantibus</span> <span class='ocrx_word' id='word_1_221' title='bbox 1518 1812 1572 1987; x_wconf 77' lang='lat' dir='ltr'>tragica</span> <span class='ocrx_word' id='word_1_222' title='bbox 1529 2023 1569 2122; x_wconf 66' lang='lat' dir='ltr'>est?</span> <span class='ocrx_word' id='word_1_223' title='bbox 1527 2178 1567 2242; x_wconf 89' lang='lat' dir='ltr'>An</span> <span class='ocrx_word' id='word_1_224' title='bbox 1511 2272 1559 2453; x_wconf 82' lang='lat' dir='ltr'>propter</span> <span class='ocrx_word' id='word_1_225' title='bbox 1506 2490 1562 2887; x_wconf 66' lang='lat' dir='ltr'>inaequalitatem?</span> <span class='ocrx_word' id='word_1_226' title='bbox 1511 2941 1551 3044; x_wconf 91' lang='lat' dir='ltr'>Mo-</span> 
     </span>
     <span class='ocr_line' id='line_1_39' title="bbox 1432 1509 1504 3044; textangle 270"><span class='ocrx_word' id='word_1_227' title='bbox 1464 1509 1504 1649; x_wconf 80' lang='lat' dir='ltr'>vendo</span> <span class='ocrx_word' id='word_1_228' title='bbox 1462 1683 1503 1799; x_wconf 89' lang='lat' dir='ltr'>enim</span> <span class='ocrx_word' id='word_1_229' title='bbox 1448 1831 1497 1982; x_wconf 89' lang='lat' dir='ltr'>aptum</span> <span class='ocrx_word' id='word_1_230' title='bbox 1443 2016 1498 2323; x_wconf 74' lang='grc' dir='ltr'>(παθητικόν)</span> <span class='ocrx_word' id='word_1_231' title='bbox 1452 2364 1489 2429; x_wconf 86' lang='lat' dir='ltr'>est</span> <span class='ocrx_word' id='word_1_232' title='bbox 1439 2468 1489 2585; x_wconf 88' lang='lat' dir='ltr'>quod</span> <span class='ocrx_word' id='word_1_233' title='bbox 1432 2625 1487 2858; x_wconf 81' lang='lat' dir='ltr'>inaequale</span> <span class='ocrx_word' id='word_1_234' title='bbox 1441 2897 1478 2963; x_wconf 84' lang='lat' dir='ltr'>est</span> <span class='ocrx_word' id='word_1_235' title='bbox 1439 3000 1477 3044; x_wconf 80' lang='lat' dir='ltr'>et</span> 
     </span>
     <span class='ocr_line' id='line_1_40' title="bbox 1362 1506 1435 3041; textangle 270"><span class='ocrx_word' id='word_1_236' title='bbox 1380 1506 1435 1801; x_wconf 82' lang='lat' dir='ltr'>magnitudini</span> <span class='ocrx_word' id='word_1_237' title='bbox 1386 1844 1429 2109; x_wconf 84' lang='lat' dir='ltr'>calamitatis</span> <span class='ocrx_word' id='word_1_238' title='bbox 1371 2150 1426 2377; x_wconf 86' lang='lat' dir='ltr'>luctusque</span> <span class='ocrx_word' id='word_1_239' title='bbox 1369 2422 1417 2588; x_wconf 88' lang='lat' dir='ltr'>aptum.</span> <span class='ocrx_word' id='word_1_240' title='bbox 1362 2647 1416 2864; x_wconf 85' lang='lat' dir='ltr'>Aequalia</span> <span class='ocrx_word' id='word_1_241' title='bbox 1370 2892 1409 3041; x_wconf 85' lang='lat' dir='ltr'>autem</span> 
     </span>
     <span class='ocr_line' id='line_1_41' title="bbox 1318 1504 1366 2022; textangle 270"><span class='ocrx_word' id='word_1_242' title='bbox 1324 1504 1366 1649; x_wconf 88' lang='lat' dir='ltr'>minus</span> <span class='ocrx_word' id='word_1_243' title='bbox 1321 1678 1363 1851; x_wconf 81' lang='lat' dir='ltr'>ssebiHa</span> <span class='ocrx_word' id='word_1_244' title='bbox 1318 1880 1358 2022; x_wconf 73' lang='lat' dir='ltr'>su11t.”</span> 
     </span>
    </p>

    <p class='ocr_par' dir='ltr' id='par_1_9' title="bbox 733 1396 1295 3039">
     <span class='ocr_line' id='line_1_42' title="bbox 1225 1396 1295 3039; textangle 270"><span class='ocrx_word' id='word_1_245' title='bbox 1242 1396 1295 1467; x_wconf 88' lang='grc' dir='ltr'><em>Μ)</em></span> <span class='ocrx_word' id='word_1_246' title='bbox 1253 1505 1295 1620; x_wconf 87' lang='lat' dir='ltr'>Plat.</span> <span class='ocrx_word' id='word_1_247' title='bbox 1238 1654 1294 1798; x_wconf 73' lang='lat' dir='ltr'>Legg.</span> <span class='ocrx_word' id='word_1_248' title='bbox 1250 1831 1290 1908; x_wconf 89' lang='grc' dir='ltr'>ΙΙΙ.</span> <span class='ocrx_word' id='word_1_249' title='bbox 1236 1941 1274 1982; x_wconf 90' lang='lat' dir='ltr'>p.</span> <span class='ocrx_word' id='word_1_250' title='bbox 1245 2005 1289 2199; x_wconf 76' lang='lat' dir='ltr'><strong>7oo.A.:</strong></span> <span class='ocrx_word' id='word_1_251' title='bbox 1231 2250 1285 2401; x_wconf 83' lang='lat' dir='ltr'>„Olim</span> <span class='ocrx_word' id='word_1_252' title='bbox 1242 2429 1283 2473; x_wconf 91' lang='lat' dir='ltr'>in</span> <span class='ocrx_word' id='word_1_253' title='bbox 1227 2504 1278 2673; x_wconf 84' lang='lat' dir='ltr'>species</span> <span class='ocrx_word' id='word_1_254' title='bbox 1225 2703 1274 2917; x_wconf 87' lang='lat' dir='ltr'>quasdam</span> <span class='ocrx_word' id='word_1_255' title='bbox 1231 2945 1272 3039; x_wconf 84' lang='lat' dir='ltr'>for-</span> 
     </span>
     <span class='ocr_line' id='line_1_43' title="bbox 1150 1504 1222 3038; textangle 270"><span class='ocrx_word' id='word_1_256' title='bbox 1171 1504 1211 1689; x_wconf 83' lang='lat' dir='ltr'>masque</span> <span class='ocrx_word' id='word_1_257' title='bbox 1167 1721 1222 1942; x_wconf 82' lang='lat' dir='ltr'>descripta</span> <span class='ocrx_word' id='word_1_258' title='bbox 1175 1973 1213 2067; x_wconf 88' lang='lat' dir='ltr'>erat</span> <span class='ocrx_word' id='word_1_259' title='bbox 1162 2103 1216 2295; x_wconf 83' lang='lat' dir='ltr'>musica,</span> <span class='ocrx_word' id='word_1_260' title='bbox 1159 2338 1209 2517; x_wconf 88' lang='lat' dir='ltr'>eratque</span> <span class='ocrx_word' id='word_1_261' title='bbox 1156 2557 1208 2727; x_wconf 84' lang='lat' dir='ltr'>species</span> <span class='ocrx_word' id='word_1_262' title='bbox 1164 2759 1201 2909; x_wconf 87' lang='lat' dir='ltr'>cantus</span> <span class='ocrx_word' id='word_1_263' title='bbox 1150 2937 1189 3038; x_wconf 84' lang='lat' dir='ltr'>pre-</span> 
     </span>
     <span class='ocr_line' id='line_1_44' title="bbox 1090 1506 1155 3037; textangle 270"><span class='ocrx_word' id='word_1_264' title='bbox 1114 1506 1155 1620; x_wconf 87' lang='lat' dir='ltr'>catio</span> <span class='ocrx_word' id='word_1_265' title='bbox 1099 1651 1153 1858; x_wconf 78' lang='lat' dir='ltr'>deorum,</span> <span class='ocrx_word' id='word_1_266' title='bbox 1096 1900 1135 2013; x_wconf 88' lang='lat' dir='ltr'>quae</span> <span class='ocrx_word' id='word_1_267' title='bbox 1092 2053 1145 2246; x_wconf 73' lang='lat' dir='ltr'>hymnus</span> <span class='ocrx_word' id='word_1_268' title='bbox 1090 2274 1141 2548; x_wconf 75' lang='lat' dir='ltr'>vocabatur,</span> <span class='ocrx_word' id='word_1_269' title='bbox 1097 2590 1137 2661; x_wconf 87' lang='lat' dir='ltr'>eui</span> <span class='ocrx_word' id='word_1_270' title='bbox 1094 2691 1135 2912; x_wconf 88' lang='lat' dir='ltr'>contraria</span> <span class='ocrx_word' id='word_1_271' title='bbox 1091 2942 1128 3037; x_wconf 83' lang='lat' dir='ltr'>crat</span> 
     </span>
     <span class='ocr_line' id='line_1_45' title="bbox 1011 1501 1084 3036; textangle 270"><span class='ocrx_word' id='word_1_272' title='bbox 1044 1501 1084 1644; x_wconf 85' lang='lat' dir='ltr'>altera</span> <span class='ocrx_word' id='word_1_273' title='bbox 1029 1673 1082 1871; x_wconf 69' lang='lat' dir='ltr'>speeies,</span> <span class='ocrx_word' id='word_1_274' title='bbox 1026 1914 1064 2020; x_wconf 87' lang='lat' dir='ltr'>quos</span> <span class='ocrx_word' id='word_1_275' title='bbox 1034 2059 1075 2240; x_wconf 88' lang='lat' dir='ltr'>threnos</span> <span class='ocrx_word' id='word_1_276' title='bbox 1032 2270 1069 2387; x_wconf 87' lang='lat' dir='ltr'>recte</span> <span class='ocrx_word' id='word_1_277' title='bbox 1019 2430 1072 2615; x_wconf 73' lang='lat' dir='ltr'>dixcriS,</span> <span class='ocrx_word' id='word_1_278' title='bbox 1026 2661 1067 2789; x_wconf 83' lang='lat' dir='ltr'>tertia</span> <span class='ocrx_word' id='word_1_279' title='bbox 1011 2828 1053 3036; x_wconf 74' lang='lat' dir='ltr'>paeaneS,</span> 
     </span>
     <span class='ocr_line' id='line_1_46' title="bbox 941 1502 1014 3034; textangle 270"><span class='ocrx_word' id='word_1_280' title='bbox 964 1502 1011 1661; x_wconf 84' lang='lat' dir='ltr'>quarta</span> <span class='ocrx_word' id='word_1_281' title='bbox 970 1691 1014 1860; x_wconf 86' lang='lat' dir='ltr'>Bacchi</span> <span class='ocrx_word' id='word_1_282' title='bbox 954 1891 1005 2066; x_wconf 82' lang='lat' dir='ltr'>partus,</span> <span class='ocrx_word' id='word_1_283' title='bbox 964 2110 1001 2155; x_wconf 85' lang='lat' dir='ltr'>ut</span> <span class='ocrx_word' id='word_1_284' title='bbox 951 2185 1003 2364; x_wconf 77' lang='lat' dir='ltr'>opinor,</span> <span class='ocrx_word' id='word_1_285' title='bbox 951 2394 1003 2467; x_wconf 87' lang='lat' dir='ltr'>qui</span> <span class='ocrx_word' id='word_1_286' title='bbox 947 2496 1002 2804; x_wconf 79' lang='lat' dir='ltr'>dithyrambus</span> <span class='ocrx_word' id='word_1_287' title='bbox 941 2832 992 3034; x_wconf 84' lang='lat' dir='ltr'>appella-</span> 
     </span>
     <span class='ocr_line' id='line_1_47' title="bbox 871 1496 947 3033; textangle 270"><span class='ocrx_word' id='word_1_288' title='bbox 906 1496 947 1641; x_wconf 86' lang='lat' dir='ltr'>batur.</span> <span class='ocrx_word' id='word_1_289' title='bbox 900 1710 943 1840; x_wconf 89' lang='lat' dir='ltr'>Hanc</span> <span class='ocrx_word' id='word_1_290' title='bbox 886 1880 939 2024; x_wconf 82' lang='lat' dir='ltr'>ipsam</span> <span class='ocrx_word' id='word_1_291' title='bbox 894 2066 930 2214; x_wconf 87' lang='lat' dir='ltr'>autem</span> <span class='ocrx_word' id='word_1_292' title='bbox 881 2244 935 2581; x_wconf 85' lang='lat' dir='ltr'>descriptionem</span> <span class='ocrx_word' id='word_1_293' title='bbox 874 2622 932 2793; x_wconf 82' lang='grc' dir='ltr'><strong><em>νόμους</em></strong></span> <span class='ocrx_word' id='word_1_294' title='bbox 871 2832 923 3033; x_wconf 78' lang='lat' dir='ltr'>appella-</span> 
     </span>
     <span class='ocr_line' id='line_1_48' title="bbox 797 1499 877 3033; textangle 270"><span class='ocrx_word' id='word_1_295' title='bbox 836 1499 877 1606; x_wconf 85' lang='lat' dir='ltr'>bant</span> <span class='ocrx_word' id='word_1_296' title='bbox 823 1636 872 1759; x_wconf 88' lang='lat' dir='ltr'>quasi</span> <span class='ocrx_word' id='word_1_297' title='bbox 814 1801 869 1995; x_wconf 75' lang='lat' dir='ltr'>leges,</span> <span class='ocrx_word' id='word_1_298' title='bbox 812 2041 863 2156; x_wconf 87' lang='lat' dir='ltr'>quod</span> <span class='ocrx_word' id='word_1_299' title='bbox 822 2186 850 2344; x_wconf 85' lang='lat' dir='ltr'>nomen</span> <span class='ocrx_word' id='word_1_300' title='bbox 821 2376 859 2489; x_wconf 84' lang='lat' dir='ltr'>esset</span> <span class='ocrx_word' id='word_1_301' title='bbox 818 2518 859 2659; x_wconf 88' lang='lat' dir='ltr'>altera</span> <span class='ocrx_word' id='word_1_302' title='bbox 814 2689 852 2839; x_wconf 85' lang='lat' dir='ltr'>cantus</span> <span class='ocrx_word' id='word_1_303' title='bbox 797 2869 858 3033; x_wconf 69' lang='grc' dir='ltr'>(ᾠδῆς)</span> 
     </span>
     <span class='ocr_line' id='line_1_49' title="bbox 733 1497 807 3031; textangle 270"><span class='ocrx_word' id='word_1_304' title='bbox 752 1497 807 1777; x_wconf 76' lang='lat' dir='ltr'>significatio.</span> <span class='ocrx_word' id='word_1_305' title='bbox 757 1849 799 1933; x_wconf 86' lang='lat' dir='ltr'>llis</span> <span class='ocrx_word' id='word_1_306' title='bbox 754 1974 794 2097; x_wconf 82' lang='lat' dir='ltr'>statis</span> <span class='ocrx_word' id='word_1_307' title='bbox 741 2128 794 2406; x_wconf 87' lang='lat' dir='ltr'>definitisque</span> <span class='ocrx_word' id='word_1_308' title='bbox 750 2436 792 2591; x_wconf 87' lang='lat' dir='ltr'>formis</span> <span class='ocrx_word' id='word_1_309' title='bbox 733 2619 790 2813; x_wconf 87' lang='lat' dir='ltr'>itemque</span> <span class='ocrx_word' id='word_1_310' title='bbox 743 2843 785 2942; x_wconf 87' lang='lat' dir='ltr'>aliis</span> <span class='ocrx_word' id='word_1_311' title='bbox 743 2970 785 3031; x_wconf 86' lang='lat' dir='ltr'>si-</span> 
     </span>
    </p>

    <p class='ocr_par' dir='ltr' id='par_1_10' title="bbox 664 1498 737 3030">
     <span class='ocr_line' id='line_1_50' title="bbox 664 1498 737 3030; textangle 270"><span class='ocrx_word' id='word_1_312' title='bbox 680 1498 737 1689; x_wconf 49' lang='lat' dir='ltr'>milibus</span> <span class='ocrx_word' id='word_1_313' title='bbox 688 1720 717 1803; x_wconf 87' lang='lat' dir='ltr'>uon</span> <span class='ocrx_word' id='word_1_314' title='bbox 684 1834 729 1997; x_wconf 86' lang='lat' dir='ltr'>licebat</span> <span class='ocrx_word' id='word_1_315' title='bbox 681 2028 723 2117; x_wconf 87' lang='lat' dir='ltr'>alia</span> <span class='ocrx_word' id='word_1_316' title='bbox 681 2149 723 2204; x_wconf 87' lang='lat' dir='ltr'>ad</span> <span class='ocrx_word' id='word_1_317' title='bbox 680 2235 723 2370; x_wconf 85' lang='lat' dir='ltr'>aliam</span> <span class='ocrx_word' id='word_1_318' title='bbox 677 2402 721 2607; x_wconf 79' lang='lat' dir='ltr'>carminis</span> <span class='ocrx_word' id='word_1_319' title='bbox 664 2638 716 2834; x_wconf 79' lang='lat' dir='ltr'>speciem</span> <span class='ocrx_word' id='word_1_320' title='bbox 671 2864 715 3030; x_wconf 80' lang='lat' dir='ltr'>abuti.⁷&#39;</span> 
     </span>
    </p>
   </div>
   <div class='ocr_carea' id='block_1_9' title="bbox 0 0 0 2708">
    <p class='ocr_par' dir='ltr' id='par_1_11' title="bbox 0 0 0 2708">
     <span class='ocr_line' id='line_1_51' title="bbox 0 0 0 2708; textangle 270"><span class='ocrx_word' id='word_1_321' title='bbox 0 0 0 2708; x_wconf 95' lang='lat' dir='ltr'>                                                  </span> 
     </span>
    </p>
   </div>
   <div class='ocr_carea' id='block_1_10' title="bbox 680 3332 3665 3336">
    <p class='ocr_par' dir='ltr' id='par_1_12' title="bbox 680 3332 3665 3336">
     <span class='ocr_line' id='line_1_52' title="bbox 680 3332 3665 3336; textangle 270"><span class='ocrx_word' id='word_1_322' title='bbox 680 3332 3665 3336; x_wconf 95' lang='lat' dir='ltr'> </span> 
     </span>
    </p>
   </div>
   <div class='ocr_carea' id='block_1_11' title="bbox 0 2636 0 3336">
    <p class='ocr_par' dir='ltr' id='par_1_13' title="bbox 0 2636 0 3336">
     <span class='ocr_line' id='line_1_53' title="bbox 0 2636 0 3336; textangle 270"><span class='ocrx_word' id='word_1_323' title='bbox 0 2636 0 3336; x_wconf 95' lang='lat' dir='ltr'>  </span> 
     </span>
    </p>
   </div>
  </div>
 </body>
</html>
