5010 3336
3841 2122 3895 2241 226

3697 1342 3744 1503 iussus
3690 1554 3745 1656 est,
3688 1704 3751 1967 indulgeat.
3701 2052 3750 2118 Et
3700 2175 3748 2492 vehementer
3699 2541 3747 2771 irascitur
3680 2817 3746 3018 hospiti„

3602 1342 3665 1438 qui,
3619 1476 3667 1608 nulla
3622 1643 3670 1931 calamitatis
3621 1966 3667 2153 ratione
3607 2187 3667 2383 habita,
3620 2429 3666 2477 in
3620 2525 3665 2721 domum
3616 2772 3665 3021 intraverit

3528 1340 3585 1603 funestam,
3526 1643 3572 1800 neque
3540 1835 3588 2060 modeste
3524 2096 3586 2346 acceperit
3540 2381 3586 2506 dona
3525 2542 3585 2722 oblata„
3538 2759 3584 2846 sed
3536 2886 3584 3018 insu-

3440 1340 3488 1430 per
3443 1463 3507 1785 postulaverit
3444 1819 3491 2134 quaecunque
3448 2171 3507 2390 luberet,
3459 2437 3500 2539 tum
3458 2576 3489 2713 mero
3454 2750 3505 3019 calescens,

3377 1341 3410 1519 corona
3364 1555 3423 1744 myrtea
3365 1788 3427 1934 capiti
3363 1978 3426 2231 imposita„
3379 2280 3426 2491 absurda
3365 2536 3425 2819 ululaverit7
3378 2873 3425 3019 domo

3279 1338 3345 1610 ploratibus
3300 1648 3342 1923 resonante.
3299 1993 3345 2136 Hunc
3299 2183 3345 2339 l'urcm
3282 2379 3345 2657 improbum
3297 2694 3337 2743 ct
3297 2779 3343 3017 latronem

3200 1339 3264 1570 appellat,
3203 1604 3267 1802 indigne
3208 1855 3266 2045 ferens,
3204 2097 3265 2226 quod
3207 2249 3227 2260 „
3204 2308 3263 2562 quominus
3217 2600 3264 2827 dominae
3218 2860 3265 3021 funeri

3123 1339 3185 1683 exsequiisque
3128 1718 3184 1930 adesset„
3122 1967 3169 2057 per
3138 2091 3168 2202 eum
3138 2241 3184 2302 sit
3121 2330 3184 2620 prohibitus.
3137 2698 3183 2794 lam
3137 2824 3183 3019 Hercu-

3058 1339 3103 1411 les
3041 1444 3103 1567 ipse,
3059 1606 3105 1776 habitu
3042 1813 3105 2075 epulantis,
3042 2113 3105 2272 capite
3057 2308 3102 2454 sertis
3045 2491 3102 2740 redimito,
3056 2776 3102 2821 in
3041 2858 3103 3018 publi-

2976 1338 3007 1448 cum
2960 1487 3024 1666 prodit7
2963 1700 3024 1969 vidensque
2979 2006 3025 2172 famuli
2977 2208 3023 2418 frontem
2977 2457 3021 2643 tristem
2961 2681 3015 2827 atque
2976 2854 3018 3018 auste-

2887 1336 2927 1473 rum,
2898 1520 2944 1790 exhilarare
2898 1839 2929 1951 eum
2897 2000 2942 2167 studet
2880 2204 2942 2480 praeceptis
2881 2518 2942 2786 sapientiae
2886 2822 2943 3018 iisdem,

2800 1338 2862 1512 quibus
2803 1548 2865 1836 saepissime
2811 1873 2865 2128 Horatius,
2818 2166 2861 2225 ad
2800 2263 2862 2677 compotationem
2816 2700 2863 2905 invitans
2817 2935 2862 3020 tri·

2736 1338 2777 1438 stes
2722 1475 2768 1800 severowpm,
2738 1854 2784 1898 iu
2737 1937 2783 2229 carminibus
2727 2268 2783 2451 utitur,
2736 2488 2782 2683 brevem
2736 2723 2767 2834 esse
2736 2870 2783 3018 vitam

2640 1338 2686 1497 neque
2643 1545 2703 1767 cuiquam
2641 1814 2704 2123 exploratum
2648 2172 2687 2312 esse,
2657 2365 2687 2424 an
2657 2471 2703 2518 in
2640 2571 2697 2820 posteram
2655 2859 2702 3018 lucem

2574 1337 2622 1552 victurus
2565 1590 2623 1670 sit,
2576 1707 2616 1810 tum
2576 1849 2623 2130 mutabilem
2576 2169 2606 2279 esse
2576 2320 2622 2569 fortunam
2560 2604 2606 2764 neque
2576 2792 2623 2889 ulla
2576 2915 2617 3020 arte

2493 1336 2537 1421 aut
2494 1455 2541 1647 ratione
2481 1681 2542 1803 regi.
2495 1873 2542 2086 Proinde
2480 2125 2525 2285 neque
2486 2321 2540 2510 vinum,
2480 2560 2526 2655 quo
2496 2703 2543 2905 tristitia
2496 2941 2527 3020 re-

2405 1337 2460 1569 solvatur,
2399 1605 2445 1765 neque
2399 1799 2462 2097 voluptatem
2399 2138 2445 2297 neque
2414 2318 2461 2632 dulcissimos
2416 2660 2447 2853 amores
2400 2879 2447 3019 sper—

2334 1335 2382 1520 nendos
2323 1559 2365 1685 esse„
2335 1724 2377 1775 ct
2319 1811 2381 1939 quod
2335 1979 2380 2022 in
2334 2060 2381 2187 diem
2333 2226 2379 2370 detur
2323 2403 2380 2551 vitae,
2335 2604 2381 2652 in
2336 2689 2382 2824 lucro
2320 2861 2382 3021 depu-

2241 1335 2300 1554 tandum,
2246 1591 2296 1773 cetera,
2253 1799 2294 1854 ut
2253 1883 2299 1928 iu
2252 1950 2300 2181 fortunae
2252 2206 2298 2408 arbitrio
2238 2433 2301 2609 posita,
2255 2644 2301 2842 minime
2241 2868 2288 3018 quae-

2174 1336 2220 1488 renda
2173 1525 2204 1649 esse.
2174 1722 2220 1838 lude
2173 1874 2202 1983 eum
2173 2022 2218 2080 ad
2174 2119 2217 2441 communiter
2160 2476 2222 2745 potandum
2161 2780 2206 3019 curasque

2095 1335 2141 1447 vino
2079 1483 2140 1738 pellendas
2085 1773 2139 1974 invitat,
2095 2029 2140 2236 morosis
2095 2276 2135 2324 et
2095 2359 2142 2486 male
2096 2524 2126 2610 sua
2096 2647 2138 2781 sorte
2095 2818 2137 3019 conten-

2016 1335 2062 1399 tis
2016 1437 2063 1714 hominibus
2016 1752 2060 1910 omnia
2016 1937 2059 2057 dura
2018 2091 2046 2117 a
2018 2144 2061 2239 diis
2000 2262 2063 2517 proposita
2017 2543 2047 2655 esse
2015 2678 2063 2928 affirmans
2004 2949 2061 3015 ³¹³).

1936 1338 1983 1414 Ad
1937 1448 1983 1570 llaec
1920 1606 1966 1752 quum
1937 1790 1968 1958 servus
1922 2011 1983 2354 respondisset
1938 2400 1968 2495 non
1938 2532 1968 2643 esse
1937 2680 1966 2785 eam
1935 2843 1981 3017 domus

1844 1339 1905 1602 fortunam,
1858 1639 1902 1716 cui
1858 1751 1903 1934 laetitia
1858 1963 1899 2011 et
1842 2051 1903 2237 potatio
1846 2269 1903 2564 conveniret,
1856 2600 1904 2844 Hercules
1840 2872 1885 3017 quae-

1776 1336 1822 1489 rendo
1777 1526 1822 1779 veritatem
1762 1819 1822 2080 cognoscit.
1776 2151 1824 2277 Tum
1777 2316 1807 2432 vero
1760 2468 1823 2721 indignans
1776 2760 1806 2814 se
1775 2851 1822 2899 in
1775 2937 1822 3015 su-

1696 1337 1739 1476 nesta
1697 1524 1739 1575 et
1696 1626 1743 1849 luctuosa
1679 1900 1743 2114 hospitis
1696 2151 1743 2296 domo
1696 2344 1742 2659 comissatum
1696 2697 1727 2808 esse
1679 2845 1737 3017 caput-

1602 1337 1649 1435 que
1617 1470 1664 1615 sertis
1603 1652 1662 1942 redimisse,
1615 1992 1658 2041 et
1614 2087 1661 2332 admirans
1600 2368 1662 2747 generositatem
1615 2781 1646 3017 verecun-

1522 1338 1585 1566 diamque
1526 1601 1582 1772 amici,
1519 1823 1581 1902 qui
1535 1948 1566 2009 ne
1520 2043 1581 2323 gravissima
1519 2360 1582 2557 quidem
1535 2595 1582 2867 calamitate
1519 2901 1566 3015 pern

1457 1338 1504 1502 culsus
1455 1540 1503 1761 officium
1438 1797 1502 1999 hospitii
1438 2032 1500 2284 negligere
1445 2335 1501 2569 voluerit,
1455 2619 1502 2724 sine
1456 2771 1487 2906 mora
1456 2956 1503 3015 ad

1362 1337 1409 1548 pugnam
1376 1598 1407 1705 curn
1374 1755 1422 1885 Orco
1374 1922 1420 2320 committendam
1359 2357 1421 2838 recuperandamque
1375 2872 1422 3016 Alce-

1297 1339 1344 1435 stin
1281 1471 1342 1815 proficiscitur.
1277 1888 1341 2069 Sperat
1293 2105 1334 2267 autem
1280 2300 1340 2438 sore,
1296 2487 1337 2539 ut
1280 2585 1327 2740 prope
1294 2774 1342 3016 tumulum

1217 1339 1266 1550 inveniat
1215 1597 1246 1657 ex
1214 1701 1261 1889 inferiis
1211 1936 1259 2232 delibautem
1197 2284 1254 2431 atque
1199 2477 1261 2663 impetu
1215 2719 1246 2778 ex
1215 2826 1263 3014 insidiis

1138 1338 1187 1472 facto
1135 1507 1184 1684 alatum
1117 1721 1179 1976 opprimat.
1131 2046 1178 2127 Sin
1132 2163 1178 2319 minus
1134 2355 1181 2415 ad
1134 2450 1183 2651 inferias
1122 2700 1181 2913 venerit,
1134 2961 1166 3016 se

995 1398 1046 1444 ³¹³)
1003 1474 1044 1613 Plane
989 1644 1042 1793 inepta
999 1826 1036 1890 cst
998 1919 1039 2187 scholiastae
987 2218 1041 2509 vltupcratio:
998 2542 1045 2596 οὗ
986 2627 1044 2742 λόγῳ
1000 2775 1044 2856 τὸν
986 2886 1047 3013 ἥρωα

919 1480 974 1682 ἓῗςήγαγε
916 1713 967 2060 φιλοσοφοῦντα
927 2091 970 2136 ἓν
915 2165 971 2313 μέθῃ,
929 2347 974 2398 ὃν
929 2430 971 2519 ἔδει
928 2550 971 2625 καὶ
929 2656 972 2793 ἄλλοι)
918 2828 968 3011 φιλοσο-

851 1480 902 1681 φοῦντος
847 1718 899 1989 διαπαίζειν.
843 2049 898 2186 Quasi
859 2225 897 2308 hoc
844 2353 883 2515 genere
844 2555 900 2897 philosophandi
862 2930 887 3013 non

792 1483 819 1634 omncs
787 1676 828 1822 ubivis
776 1862 822 2062 utantur,
774 2100 826 2367 quicunque,
773 2414 813 2548 aegre
787 2590 828 2783 forentes
788 2824 830 3013 aliorum

719 1482 763 1703 tristitiam
717 1735 758 1778 in
715 1820 743 1900 sua
706 1941 755 2190 hilaritate,
715 2233 755 2287 ad
714 2326 757 2584 sociotatem
715 2614 758 2809 lactitiae
718 2839 746 2914 cos
719 2942 761 3010 in-

650 1484 693 1636 vitant.
