5010 3336
2814 3325 2820 3334 ·
2810 3271 2838 3306 l'ii·

2970 3275 2999 3327 iln-

1143 2175 1197 2291 347

1296 2954 1350 3047 sit!
1300 2812 1348 2887 Ne
1297 2665 1361 2779 quid
1294 2370 1350 2631 omittatur,
1289 2208 1351 2333 ‘luod
1287 2129 1332 2190 sit
1286 2049 1333 2097 in
1284 1923 1330 2014 hac
1278 1645 1342 1889 tragoedia
1294 1583 1324 1610 a
1280 1417 1323 1550 vete-

1382 2911 1429 3045 ribus
1377 2498 1440 2877 repreheusum,
1374 2241 1418 2466 notarunt
1362 1885 1427 2207 grammatici,
1360 1720 1422 1847 quod
1374 1593 1404 1684 non
1356 1415 1402 1557 siccis

1460 2890 1508 3042 oculis
1456 2675 1505 2854 Medea
1455 2565 1499 2626 de
1452 2256 1497 2513 liberorum
1459 2087 1491 2205 nece
1442 1861 1504 2042 cogitet
1439 1750 1499 1814 ἶ·).
1437 1639 1483 1679 Ο
1437 1412 1482 1591 siccum

1554 2891 1603 3041 genus
1532 2587 1583 2856 hominum!
1557 2481 1562 2536 -——
1527 2254 1581 2415 Multi,
1522 2055 1585 2216 quanti
1522 1898 1566 2019 lianc
1517 1661 1563 1869 sabula-n
1514 1410 1567 1633 fecerint,

1616 2767 1670 3041 lectitando,
1609 2513 1658 2741 imitando
1606 2162 1664 2491 laudandoque
1598 1893 1647 2141 testificati
1602 1729 1643 1869 sunt:
1596 1578 1640 1707 velut
1593 1407 1653 1563 Clu-y-

1697 2844 1758 3040 sippus7
1693 2538 1738 2806 Stoicorum
1688 2250 1750 2502 princeps7
1683 2151 1727 2198 in
1681 1994 1725 2115 libro
1676 1752 1739 1956 quodam
1678 1534 1720 1715 tantum
1686 1404 1718 1497 non

1790 2873 1821 3039 omnes
1771 2630 1818 2834 Medeae
1780 2430 1813 2594 versus
1778 2308 1826 2395 pro
1759 1980 1807 2271 testimoniis
1758 1681 1819 1943 posuerat,
1768 1518 1813 1641 qnae
1765 1406 1796 1483 res

1868 2878 1899 3038 ansam
1850 2621 1914 2840 praebuit
1842 2347 1891 2577 irridendi
1841 2172 1886 2298 illius
1837 1917 1893 2133 cuidam.¹
1834 1788 1895 1870 qui
1834 1402 1890 1741 interrogatus,

1946 2782 1993 3037 quemnam
1929 2578 1973 2749 librum
1938 2403 1968 2542 mann
1925 2174 1973 2377 teneret,
1916 1895 1970 2137 Medeam,
1911 1595 1974 1860 respondit,
1908 1401 1970 1558 Chry-

2010 2907 2073 3035 sippi
2007 2780 2069 2870 Μ).
2004 2526 2051 2706 Ennius
2002 2357 2047 2480 hanc
1998 2029 2060 2322 tragoediam
2010 1899 2040 1990 non
1992 1650 2039 1865 imitatus
1994 1524 2044 1612 θεῖ,
1986 1399 2033 1485 sed

2104 2882 2152 3034 paene
2087 2662 2133 2857 verbum
2082 2578 2128 2638 de
2081 2408 2127 2555 verbo
2079 2106 2139 2381 exprimens
2072 1836 2121 2085 convertit.
2070 1573 2116 1767 Summa
2066 1394 2112 1538 laude

2168 2844 2230 3034 dignam
2163 2629 2211 2797 habuit
2159 2281 2208 2582 Archimelus
2156 2184 2202 2232 in‘
2154 1763 2217 2134 epigrammate„
2146 1586 2209 1712 quod
2160 1394 2208 1538 supra

2243 2596 2306 3034 transscripsimuS.
2239 2280 2299 2525 Quosdam
2250 2088 2282 2254 versus
2234 1843 2279 2052 imitatus
2234 1744 2276 1818 est
2226 1523 2273 1723 Ovidius
2224 1393 2271 1499 libri

2325 2928 2374 3033 Vll.
2324 2674 2370 2889 versibus
2321 2411 2366 2636 10—73.
2316 2139 2377 2341 Saepius
2313 2045 2359 2103 ad
2328 1905 2358 2008 eam
2307 1653 2370 1869 respexit
2304 1392 2352 1619 Horatius

2403 2848 2466 3029 (Epod.
2400 2739 2458 2799 V,
2401 2478 2446 2703 ‹il—*ost
2398 2335 2444 2438 Art.
2399 2159 2458 2289 poet.
2389 1970 2453 2119 123.)
2390 1693 2446 1899 Brutus,
2391 1389 2446 1645 antequam
2375 832 2401 835 ²

2489 2821 2529 3028 mortem
2480 2694 2527 2784 sibi
2479 2419 2533 2650 inferret,
2491 2244 2522 2383 versu
2476 2096 2521 2205 3:32.
2478 1919 2518 2059 utens
2470 1717 2515 1883 hostes
2464 1390 2521 1681 exsecravit3
2450 831 2506 847 «l

2562 2821 2609 3025 eundem
2574 2594 2605 2784 versum
2558 2514 2603 2559 in
2558 2331 2602 2477 risum
2553 2112 2614 2302 quidam
2549 1867 2596 2071 detorsit
2545 1718 2609 1841 apud
2545 1387 2590 1688 Athenaeum
2518 831 2542 837 ¹

2641 2965 2689 3022 V.
2658 2881 2703 2929 p.
2642 2736 2686 2843 156.
2637 2644 2686 2700 F.
2636 2405 2681 2575 Cicero
2650 2223 2694 2368 quum
2632 2130 2677 2185 ab
2629 1790 2676 2094 inimicorum
2624 1501 2670 1761 emissariis
2638 1384 2668 1465 oc-
2574 779 2667 845 ll

2721 2748 2775 3024 chleretnr,
2717 2652 2762 2700 in
2715 2439 2762 2606 lectica
2714 2216 2759 2390 sedens
2708 1922 2771 2166 Euripidis
2704 1650 2751 1870 Medeam
2703 1385 2749 1601 manibus
2669 802 2759 863 {⁸

2798 2870 2847 3024 tenuit
2794 2711 2858 2835 ***).
2796 2464 2856 2641 Magna
2808 2303 2855 2414 pars
2806 2034 2837 2257 versuum
2804 1972 2833 1996 a
2784 1627 2831 1935 nobilissimis
2782 1384 2844 1590 scripto-
2711 775 2898 832 '¹⁵3
2768 722 2769 725 Α

2879 2893 2925 3024 ribus
2874 2549 2935 2861 transscripta
2877 2412 2929 2514 est,
2872 2245 2918 2376 velut
2871 2154 2915 2210 ab
2865 1851 2915 2117 Aristotele
2864 1770 2908 1815 in
2863 1590 2908 1731 Rhet.
2861 1499 2916 1553 ll,
2862 1383 2907 1462 21.
2775 826 2910 845 l
2822 777 2862 788 l

2973 2854 3005 3023 versus
2954 2536 3001 2831 298—301.
2950 2284 2997 2496 Maxime
2955 2105 2996 2266 autem
2946 1868 2993 2081 omnium
2958 1679 2989 1847 versus
2943 1532 2987 1657 1078
2955 1413 3001 1512 seq.
2956 1381 2985 1393 ε
2903 799 2980 833 ll

3031 2803 3085 2890 καὶ
3030 2514 3096 2769 μανθάνω
3027 2386 3093 2479 μὲν
3021 2266 3077 2350 οἶα
3027 2099 3091 2230 δρᾶν
3022 1901 3088 2064 μέλλω
3019 1716 3078 1866 κακά,

3114 2722 3177 2896 θυμὸς
3108 2633 3161 2687 δὲ
3109 2346 3172 2598 κρείσσων
3109 2207 3157 2313 τῶν
3105 2045 3171 2179 ἐμῶν
3101 1623 3167 2017 βουλευμάτων,

3195 2787 3244 3016 celebrati
3198 2618 3251 2767 erant,
3206 2461 3252 2581 quos
3191 2354 3236 2423 sic
3190 2106 3235 2319 imitatus
3190 1994 3231 2068 est
3184 1759 3229 1959 Ovidius
3182 1694 3227 1724 1.
3180 1600 3229 1655 l.:
3118 796 3364 807 i

3300 2824 3307 2888 »-
3298 2695 3306 2757 —-
3298 2566 3303 2629 -—
3268 2308 3315 2498 video
3267 1995 3313 2272 meliora
3261 1611 3326 1966 proboque,

3350 2516 3398 2883 Deteriora
3362 2233 3410 2482 sequor.
3327 779 3389 831 '‚

3433 2938 3479 3012 Ex
3429 2468 3490 2883 grammaticorum
3442 2203 3487 2418 qnoque,
3424 2061 3487 2139 qui
3424 1967 3469 2015 in
3419 1717 3467 1916 scholiis
3430 1371 3463 1665 commemo-
3387 824 3425 851 '⁷

3517 2833 3569 3011 rantur,
3509 2628 3555 2797 studiis
3506 2532 3553 2591 de
3505 2223 3567 2495 frequentia
3504 1964 3551 2186 lectionis
3497 1728 3546 1931 indicari
3501 1515 3559 1694 potest.
3496 1369 3542 1467 Ex-

3591 2823 3637 3009 stabant
3588 2664 3634 2788 enim
3587 2559 3632 2631 vel
3585 2201 3632 2530 commentarii
3584 2090 3629 2163 vel
3580 1744 3628 2051 recensiones
3576 1527 3637 1719 Didymi
3572 1367 3637 1499 (vide
3566 796 3610 805 l

3668 2856 3717 3009 schol.
3666 2763 3713 2819 ad
3682 2685 3713 2726 V.
3668 2553 3715 2661 149.
3668 2410 3710 2518 171.
3668 2264 3712 2372 360.
3666 2120 3709 2228 383.
3664 1984 3708 2093 732.
3660 1774 3719 1955 1409.)Ὶ
3654 1521 3717 1736 Dionysii
3654 1367 3716 1500 (vide
3678 850 3706 852 i
3646 795 3722 805 fi

3747 2755 3795 3008 Mattliiaei
3752 2559 3792 2718 notam
3745 2466 3791 2522 ad
3760 2402 3790 2442 v.
3746 2185 3801 2371 1409.),
3739 1866 3803 2147 Apollodori
3735 1662 3799 1833 (schol.
3734 1567 3781 1624 ad
3750 1503 3779 1545 v.
3733 1365 3782 1475 171.

3827 2846 3888 3005 1490,
3825 2494 3872 2810 'l‘imachidae
3822 2324 3885 2457 )
3822 2204 3882 2285 (ad
3838 2121 3872 2164 v.
3824 2055 3867 2097 1.
3827 1981 3866 2028 et
3818 1813 3878 1943 169.)
3822 1634 3878 1776 atque
3811 1363 3859 1607 Eurenaei

3906 2923 3969 3003 (ad
3922 2844 3954 2886 v.
3903 2656 3967 2807 ⁶222.).
3904 2368 3965 2586 Denique
3899 1868 3950 2340 commemorandum
3902 1758 3957 1849 est,
3895 1594 3957 1722 quod
3892 1362 3941 1575 artifices

4101 2887 4152 2935 ’1)
4100 2787 4141 2854 Cf.
4100 2607 4141 2754 Schol.
4099 2518 4139 2573 nd
4113 2447 4139 2489 v.
4097 2319 4138 2417 911.
4102 2160 4151 2285 atque
4098 1823 4151 2130 argumentum
4090 1658 4145 1792 prius,

4170 2888 4222 2964 11)
4170 2731 4224 2855 Diog.
4170 2555 4209 2700 Laert.
4169 2436 4220 2529 vll,
4167 2307 4207 2399 180.

4239 2883 4291 2989 111)
4239 2582 4292 2855 Hephaestio
4239 2433 4292 2550 apud
4237 2197 4277 2402 l’hotium
4236 2042 4276 2166 CXC.
4250 1970 4288 2012 p.
4232 1843 4274 1941 250.

4309 2891 4361 2997 ****)
4308 2792 4349 2859 Cf.
4310 2708 4349 2760 de
4310 2524 4349 2678 eodem
4309 2358 4348 2495 schol.
4307 2270 4347 2325 ad
4305 2019 4359 2241 Aristoph.
4305 1876 4345 1989 Rau.
4300 1750 4342 1845 873.
