5010 3336
2083 3279 2099 3333 111111

3338 3277 3383 3314 ils·

1126 2122 1181 2236 361

1293 2905 1342 3000 que
1272 2542 1339 2871 sagittarium,
1271 2327 1328 2491 cuius,
1270 2000 1332 2291 simulatque
1268 1793 1331 1966 aliquis
1282 1605 1331 1757 prope
1266 1356 1316 1572 adstitis-

1363 2904 1417 3000 set,
1354 2682 1403 2866 inutilis
1357 2510 1399 2644 esset
1368 2399 1398 2476 ars
1356 2219 1412 2363 atque
1349 1915 1408 2180 fortitudo,
1348 1738 1396 1880 facile
1347 1563 1394 1704 Dioni
1363 1356 1396 1528 conce·-

1435 2822 1484 3001 dimus.
1432 2655 1479 2752 Sed
1432 2481 1493 2620 longe
1429 2319 1477 2446 aliud
1429 2184 1493 2282 egit
1428 1861 1490 2150 Euripides,
1428 1777 1473 1824 id
1428 1585 1490 1740 quod,
1443 1355 1490 1547 compa-

1515 2881 1563 3001 ratis
1512 2648 1574 2846 reliquis
1510 2410 1565 2611 fabulis,
1524 2239 1570 2361 quae
1507 2021 1553 2189 eadem
1506 1722 1553 1983 didascalia
1507 1353 1569 1673 comprehen-

1594 2745 1649 3000 debantur,
1590 2555 1651 2708 quivis
1588 2376 1635 2518 facile
1586 2088 1647 2341 intelliget.
1586 1948 1632 2020 De
1602 1826 1646 1917 qua
1601 1738 1632 1791 re
1585 1459 1647 1714 postmodo
1585 1351 1631 1423 di-

1686 2818 1718 3001 cemus.
1670 2640 1716 2749 IIoc
1670 2414 1731 2604 quidem
1666 2253 1723 2377 loco,
1664 2104 1725 2216 quid
1664 1990 1711 2080 Dio
1664 1891 1710 1953 de
1664 1763 1710 1857 hoc
1665 1511 1711 1728 dramate
1664 1350 1711 1477 iudi-

1750 2798 1805 2998 caverit,
1748 2473 1796 2761 referamuS.
1744 2276 1791 2405 Dicit
1744 2103 1805 2247 igitur
1743 1770 1806 2075 prudentiam
1743 1350 1806 1743 diligentiamque

1827 2734 1891 3005 Euripidis,
1842 2578 1889 2699 quae
1824 2427 1872 2543 nihil
1823 2097 1881 2397 incredibile,
1822 1944 1870 2061 nihil
1822 1634 1884 1907 neglectum
1823 1472 1869 1597 sinat
1838 1352 1869 1437 ne-

1923 2909 1970 3002 que
1907 2590 1969 2873 simpliciter
1904 2381 1961 2556 rebUS,
1904 2254 1950 2342 sed
1919 2111 1949 2218 cum
1903 1945 1948 2074 omni
1901 1718 1948 1908 dicendi
1902 1638 1947 1682 vi
1917 1548 1948 1602 ac
1901 1348 1949 1512 facul-

1991 2898 2033 3001 tate
1993 2684 2042 2863 utatur,
1982 2290 2046 2647 quodammodo
1981 1962 2028 2252 contrariam
1997 1826 2028 1935 esse
1980 1572 2042 1799 Aeschyli
1979 1348 2040 1537 rationi,

2066 2809 2129 3000 plenam
2064 2544 2111 2773 scientiae
2062 2348 2120 2517 civilis,
2061 1844 2123 2310 eloquentissimam,
2066 1664 2121 1808 atque
2075 1506 2114 1629 eam,
2074 1345 2120 1467 quae

2145 2740 2208 3003 plurimum
2142 2415 2206 2686 legentibus
2141 2197 2187 2369 afferat
2139 1919 2187 2153 utilitatis.
2139 1619 2186 1841 Eundem
2139 1344 2186 1576 varietate

2222 2838 2270 3002 drama
2238 2602 2270 2801 ornasse
2227 2517 2269 2567 et
2221 2212 2268 2482 orationum
2219 1892 2267 2175 occasiones
2218 1586 2276 1855 invenisse,
2234 1346 2279 1547 quarum

2302 2666 2350 3001 contentiones
2301 2334 2348 2631 instituendo
2298 1919 2361 2283 copiosissimus
2298 1658 2345 1865 omnium
2302 1570 2343 1619 et
2297 1343 2344 1537 dicendi

2381 2675 2445 3003 peritissimus
2386 2395 2443 2639 appareat.
2380 2158 2440 2326 Itaque
2393 2016 2423 2110 non
2378 1748 2439 1981 Ulyssem
2377 1539 2424 1695 solum
2379 1443 2424 1500 ab
2392 1346 2424 1405 eo

2460 2670 2507 3004 introductum
2475 2501 2517 2634 esse,
2459 2376 2505 2461 sed
2475 2246 2504 2339 una
2456 1899 2513 2209 Diomedem,
2472 1771 2517 1861 qua
2457 1689 2503 1735 in
2472 1601 2503 1654 re
2472 1473 2503 1565 non
2457 1343 2503 1437 mi-

2553 2878 2596 3000 nus,
2554 2686 2600 2827 quam
2537 2604 2584 2650 in
2537 2342 2583 2567 mutanda
2537 2172 2582 2296 illius
2535 1954 2593 2135 forma,
2535 1704 2581 1905 Homeri
2536 1344 2583 1657 imitationem

2618 2762 2680 3001 cognosci.
2616 2640 2663 2692 In
2618 2330 2663 2603 universum
2617 2151 2676 2293 igitur
2632 2028 2678 2115 per
2620 1846 2661 2006 totum
2614 1652 2661 1817 drama
2630 1532 2661 1625 non
2615 1344 2662 1501 solum

2711 2764 2743 3000 summam
2702 2545 2758 2719 poetae
2696 2189 2742 2501 calliditatem
2700 2088 2741 2136 et
2710 1891 2741 2053 rerum
2694 1464 2757 1857 probabilitatem
2710 1343 2757 1428 ap-

2791 2794 2839 3001 parere,
2776 2668 2822 2756 sed
2776 2488 2822 2633 etiam
2774 2121 2821 2455 incredibilem
2774 1818 2835 2084 miramque
2773 1590 2820 1781 dicendi
2772 1342 2820 1552 faculta-

2859 2884 2903 3001 tem.
2853 2691 2901 2813 Nam
2858 2604 2900 2653 et
2854 2326 2900 2569 trimetros
2852 2025 2909 2290 dilucid0s‚
2858 1770 2898 1971 naturae
2853 1342 2900 1735 accommodatos

2933 2730 2996 2998 civilesque
2949 2550 2993 2686 esse,
2939 2448 2980 2496 et
2934 2199 2979 2413 carmina
2948 2058 2979 2153 non
2932 1726 2993 2024 voluptatem
2936 1477 2990 1686 tantum,
2931 1343 2979 1430 sed

3014 2798 3061 3001 multam
3014 2615 3060 2764 etiam
3014 2521 3060 2580 ad
3014 2258 3061 2485 virtutem
3011 1832 3059 2223 exhortationem
3011 1600 3057 1797 habere.

3092 2674 3155 2867 Operae
3092 2416 3155 2626 pretium
3098 2258 3151 2362 est,
3092 2053 3138 2198 etiam
3106 1869 3152 1992 quae
3090 1753 3136 1814 de
3089 1456 3152 1703 Aeschylo
3106 1342 3138 1398 ac

3170 2752 3233 2998 Sophocle
3172 2461 3229 2717 iudicavit,
3186 2216 3233 2416 quorum
3171 2090 3216 2170 hic
3170 1893 3216 2055 multis
3170 1722 3215 1857 annis
3175 1571 3232 1686 post
3170 1343 3232 1534 Euripi-

3250 2886 3297 3000 dem
3251 2719 3297 2851 idem
3254 2346 3311 2685 argumentum
3250 2072 3306 2309 tractavit,
3250 1989 3296 2038 iu
3248 1740 3295 1953 medium
3248 1463 3310 1702 proferre.
3248 1340 3298 1393 ln

3329 2914 3376 3001 illo
3330 2732 3392 2878 igitur
3330 2523 3391 2697 probat
3330 2049 3389 2488 magnanimitatem
3333 1973 3375 2020 et
3328 1612 3389 1946 antiquitatem
3334 1532 3374 1581 et
3344 1341 3375 1504 rerum

3410 2638 3470 2999 verborumque
3409 2240 3469 2582 asperitatem,
3408 2007 3471 2177 dignas
3408 1699 3471 1954 tragoedia
3407 1341 3468 1646 heroumque

3487 2782 3534 2999 moribus
3493 2601 3548 2746 atque
3504 2553 3533 2579 a
3488 2254 3545 2529 calliditate,
3488 1937 3549 2228 loquacitate
3493 1855 3533 1905 et
3486 1560 3533 1827 humilitate
3486 1344 3533 1538 alienas.

3566 2875 3614 2999 Nam
3566 2607 3628 2838 Ulyssem
3572 2365 3614 2559 acutum
3568 2122 3628 2315 quidem
3582 2028 3613 2083 ac
3566 1766 3613 1989 dolosum
3565 1509 3612 1729 effictum
3582 1342 3627 1470 esse,

3646 2908 3693 2998 sed
3646 2670 3693 2874 multum
3645 2376 3693 2633 distantem
3662 2314 3692 2339 a
3646 1953 3709 2277 posteriorum
3646 1671 3692 1915 homiuum
3646 1429 3705 1633 malItia,
3651 1340 3693 1393 ut

3741 2829 3773 2999 revera
3726 2570 3787 2794 antiquus
3726 2368 3773 2523 videri
3728 2162 3787 2317 possit
3734 1804 3788 2110 comparatus
3741 1658 3772 1765 cum
3725 1502 3771 1623 istis.
3725 1341 3773 1433 His

3804 2712 3868 2998 praemissis
3804 2572 3851 2662 Dio
3821 2200 3867 2515 quaecuuque
3806 1882 3868 2155 Aeschylus
3805 1674 3852 1834 minus
3805 1341 3866 1614 probabilia

3884 2777 3942 2994 effinxit,
3890 2513 3946 2739 quantum
3885 2368 3932 2475 fieri
3890 2170 3947 2334 potest
3885 1762 3946 2133 benignissime,
3890 1500 3933 1714 excusat.
3884 1342 3930 1430 So-

3962 2767 4025 2998 phoclem
3970 2571 4011 2732 autem
3964 2415 4012 2532 dicit
3964 2169 4011 2382 medium
3966 1902 4025 2139 quendam
3966 1740 4012 1865 iuter
3971 1446 4025 1705 utrumque
3963 1341 4010 1413 lo-

4056 2887 4087 2995 cum
4047 2651 4089 2849 tenere:
4045 2414 4105 2614 perinde
4045 2251 4091 2377 euim
4044 2048 4091 2223 abesse
4061 1902 4092 2012 eum
4046 1808 4091 1866 ab
4044 1556 4105 1787 Aeschyli
4043 1340 4104 1521 asperi·

4124 2893 4166 2995 tate
4121 2448 4185 2859 simplicitateque
4130 2269 4185 2413 atque
4125 2167 4170 2223 ab
4124 1885 4187 2130 Euripidis
4124 1570 4186 1849 diligentia,
4121 1341 4168 1520 callidi-

4205 2893 4246 2995 tate
4205 2809 4247 2858 et
4202 2574 4249 2775 scientia
4203 2383 4263 2537 civili,
4204 2247 4250 2335 sed
4204 1955 4251 2212 ostendere
4220 1702 4252 1919 severam
4200 1426 4264 1663 quandam
4206 1338 4249 1389 et

4279 2692 4343 2994 magnificam
4282 2457 4344 2658 poesin,
4282 2218 4345 2406 dignam
4283 1921 4345 2171 tragoedia
4300 1831 4333 1887 ac
4283 1538 4341 1796 decoram,
4285 1434 4328 1487 ut
4280 1340 4330 1400 sit

3077 828 3093 835 -V
3110 826 3150 834 ,ψ-
3156 823 3347 833 -r-‘i-u-—ae-V
3351 824 3354 825 ν
3431 831 3434 832 ⁷
