5010 3336
1159 675 1534 686 -mae-›s.*=n--t..„·-·„
1574 682 1587 685 ..

3894 2082 3952 2207 548

3755 1428 3805 1744 Prooemium
3754 1795 3802 1855 ab
3753 1908 3803 2123 Ariadne
3753 2174 3801 2359 dictum
3752 2395 3785 2509 esse
3751 2555 3784 2615 ex
3735 2659 3800 2839 fragm.
3746 2891 3798 2997 Vll.

3660 1295 3724 1609 intelligitur.
3658 1697 3723 2031 Conquestam
3672 2085 3704 2198 esse
3657 2252 3720 2487 virginem
3654 2546 3718 2774 suspicor
3668 2826 3712 2878 et
3665 2934 3714 3000 de

3578 1294 3642 1451 patris
3594 1503 3641 1707 saevitia
3594 1759 3634 1808 et
3593 1852 3641 1913 de
3591 1960 3642 2129 fratris
3591 2168 3639 2371 efferata
3576 2407 3638 2743 immanitate,
3572 2789 3619 2997 quarum

3498 1296 3545 1447 quum
3514 1483 3561 1622 illam
3502 1659 3560 1875 odisset,
3511 1924 3559 2050 hanc
3500 2086 3557 2477 abominaretur,
3491 2526 3557 2809 perfugium
3490 2848 3537 2999 quae-

3433 1294 3480 1438 rebat
3433 1489 3474 1539 et
3431 1576 3481 1923 liberationem
3430 1979 3461 2038 ex
3430 2091 3477 2344 molestiis.
3429 2414 3479 2637 Eandem
3427 2677 3474 2739 de
3424 2774 3473 2998 instituto

3338 1295 3385 1477 pueros
3335 1523 3399 1818 puellasque
3350 1866 3398 2199 Athenienses
3350 2237 3393 2458 monstro
3346 2496 3396 2763 obiicieudi
3328 2800 3386 2998 specta-

3271 1294 3316 1429 tores
3271 1468 3319 1699 docuisse
3269 1735 3302 1943 necesse
3268 1979 3311 2071 est.
3268 2140 3316 2371 Formam
3266 2408 3318 2675 Minotauri
3261 2710 3314 3000 describens

3191 1298 3223 1412 eum
3190 1449 3238 1574 dixit
3191 1611 3223 1723 esse

3094 1428 3159 1726 σύμμικτον
3099 1762 3165 1905 εἶδος
3094 1939 3159 2290 κάποφώλιον
3092 2326 3159 2541 βρέφος.

3029 1430 3077 1614 Postea
3013 1652 3070 1821 pastor
3014 1857 3075 2055 quidam
3028 2093 3059 2200 eam
3014 2240 3072 2496 convenit„
3011 2535 3071 2617 qui
3009 2653 3071 2811 forte,
3005 2848 3053 2997 quum

2934 1293 2982 1450 prope
2949 1485 2979 1624 mare
2947 1674 2989 1896 armenta
2932 1946 2988 2205 pasceret,
2946 2241 2994 2497 Theseum
2944 2535 2975 2644 cum
2941 2684 2989 2786 suis
2941 2823 2971 2851 e
2941 2888 2988 2998 navi

2868 1256 2915 1646 'escendentem
2852 1686 2907 1943 spectasse
2866 1991 2913 2205 videtur.
2866 2290 2913 2387 Hic
2863 2439 2913 2627 Thesei
2861 2674 2893 2850 nomen
2859 2888 2908 2999 navi

2772 1292 2837 1580 inscriptum
2769 1620 2826 1982 conspexerat,
2786 2020 2834 2106 sed
2770 2146 2833 2347 ignarus
2784 2384 2833 2660 litterarum
2781 2699 2812 2807 cum
2778 2843 2826 2999 inter·

2693 1292 2753 1476 pretari
2706 1512 2738 1606 non
2690 1643 2751 1916 potuisset,
2705 1952 2751 2139 formas
2704 2177 2736 2348 earum
2705 2386 2752 2456 sic
2700 2494 2749 2764 memoriae
2698 2798 2744 2999 manda-

2619 1293 2668 1460 verat,
2626 1500 2668 1552 ut
2609 1587 2666 1759 posset
2607 1795 2671 2014 singulas
2624 2053 2672 2228 ordine
2622 2266 2671 2585 describere:

2529 1427 2598 1529 ἐγὼ
2528 1565 2595 1782 πέφυκα
2527 1818 2591 2147 γραμμάτων
2526 2182 2593 2279 μὲν
2542 2316 2593 2414 οὐκ
2526 2450 2593 2604 ἴδρις,

2448 1425 2514 1640 μορφὰς
2461 1678 2511 1734 δὲ
2448 1769 2512 1897 λέξω
2459 1935 2510 2023 καὶ
2443 2062 2507 2209 σαφῆ
2444 2246 2510 2529 τεκμήρια·

2371 1424 2431 1620 κύκλος
2370 1655 2411 1733 τις
2369 1772 2430 1842 ὡς
2365 1877 2428 2150 τόρνοισιν
2364 2186 2431 2635 ἐκμετρούμενος·

2290 1426 2360 1584 οὗτος
2299 1621 2353 1669 δ’
2281 1705 2349 1803 ἔχει
2282 1841 2343 2065 σημεῖον
2297 2101 2350 2158 ἐν
2276 2193 2348 2332 μέσῳ
2282 2360 2350 2538 σαφές.

2218 1432 2270 1506 Τὸ
2204 1548 2267 1805 δεύτερον
2215 1842 2267 1898 δὲ
2202 1934 2263 2119 πρῶτα
2199 2156 2266 2253 μὲν
2198 2289 2266 2530 γραμμαὶ
2203 2567 2266 2686 δύο,

2126 1422 2186 1619 ταύτας
2119 1656 2186 1872 διείργει
2134 1909 2188 1954 δ’
2133 1996 2185 2053 ἐν
2119 2089 2184 2272 μέσαις
2119 2307 2181 2437 άλλη
2118 2475 2184 2584 μία.

2042 1436 2107 1630 Τρίτον
2055 1666 2104 1722 δὲ
2039 1757 2102 2054 βόστρυχός
2045 2088 2085 2164 τις
2046 2200 2104 2270 ὡς
2041 2306 2104 2608 εἱλιγμένος.

1976 1434 2026 1507 Τὸ
1975 1545 2030 1591 δ’
1975 1627 2031 1695 αὖ
1960 1731 2026 1985 τέταρτον
1957 2019 2029 2089 ἧν
1960 2124 2025 2221 μὲν
1965 2258 2025 2330 εἰς
1959 2365 2026 2541 ὀρθὴν
1960 2577 2025 2689 μία,

1883 1422 1945 1572 λοξαὶ
1893 1610 1947 1656 δ’
1892 1695 1949 1771 ἐπ’
1876 1811 1942 1975 αὐτῆς
1878 2010 1939 2150 τρεῖς
1879 2186 1946 2655 κατεστηριγμέναι

1799 1425 1871 1580 ἦσαν.
1811 1659 1863 1732 Τὸ
1797 1770 1864 2013 πέμπτον
1811 2050 1867 2096 δ’
1811 2134 1862 2233 οὐκ
1812 2270 1866 2327 έν
1797 2364 1862 2584 εὐμαρεῖ
1797 2615 1863 2847 φράσαι·

1718 1424 1783 1668 γραμμαὶ
1715 1702 1781 1805 γάρ
1729 1844 1780 1977 εἰσιν
1728 2016 1781 2071 ἐκ
1729 2110 1781 2406 διεστώτων
1720 2442 1782 2560 δύο,

1651 1429 1710 1588 αὗται
1651 1625 1701 1682 δὲ
1633 1719 1700 2104 συντρέχουσιν
1639 2141 1699 2213 εἷς
1634 2249 1700 2378 μίαν
1636 2414 1701 2588 βάσιν.

1570 1435 1621 1508 Τὸ
1568 1544 1619 1790 λοίσθιον
1568 1827 1619 1883 δὲ
1553 1919 1611 1990 τῷ
1550 2026 1618 2185 τρίτῳ
1554 2220 1620 2596 προςεμφερές.

1490 1293 1541 1411 Sine
1489 1440 1539 1591 dubio
1487 1619 1536 1713 hae
1486 1743 1535 2022 litterarum
1487 2039 1534 2231 formae
1474 2247 1537 2610 (ΘΗΣΕΥΣ)
1472 2644 1519 2823 prorae
1474 2848 1534 2998 navis,

1396 1293 1442 1419 quae
1407 1455 1456 1665 Athenis
1397 1719 1454 2040 servabatur,
1390 2089 1455 2361 inscriptae
1397 2398 1449 2562 erant,
1391 2600 1455 2836 deditque
1405 2871 1452 2998 haec

1316 1294 1378 1565 Euripides
1326 1618 1375 1797 civium
1315 1848 1374 2046 studio,
1310 2096 1374 2403 antiquitatis
1326 2452 1374 2576 illud
1325 2628 1367 2997 monumentum

1247 1294 1295 1634 venerantium
1230 1655 1297 1724 *).

1155 1426 1216 1645 Locum,
1150 1686 1198 1783 quo
1165 1820 1198 1901 res
1151 1937 1208 2217 agerentur,
1148 2254 1212 2479 proxime
1149 2506 1214 2839 labyrinthum
1165 2870 1213 2996 fuis-

1089 1294 1120 1349 se
1088 1397 1130 1448 et
1071 1498 1134 1835 labyrinthum
1068 1884 1132 2049 ipsum
1084 2087 1132 2241 oculis
1068 2280 1127 2614 spectatorum
1070 2652 1129 2990 repraesenta·

1008 1295 1051 1399 tum
1006 1436 1054 1596 fuisse
989 1632 1053 1903 putandum
1002 1940 1046 2032 est.
1004 2106 1052 2182 Ex
988 2218 1035 2315 quo
1004 2355 1051 2463 loco
989 2490 1047 2749 postquam
1005 2775 1053 2996 Ariadne

927 1293 974 1341 in
909 1378 973 1566 regiam
910 1601 972 1782 rediit,
923 1821 971 2003 chorus
907 2040 970 2227 prodiit
906 2261 964 2452 septem
923 2488 972 2876 adolescentium
924 2913 956 2994 se-

708 1348 763 1399 r)
720 1431 761 1561 Plato
717 1592 761 1763 Phaed.
705 1797 745 1840 p.
717 1870 774 1941 aa.
717 1980 759 2031 A.
717 2063 760 2293 Plutarch.
719 2324 762 2463 Thes,
720 2495 749 2533 c.
722 2565 765 2635 23.
