5010 3336
1137 2104 1192 2224 ⁴63

1288 2598 1353 2851 „Seque
1287 2497 1333 2565 in
1285 2319 1331 2461 alta
1283 2072 1329 2282 maria
1277 1659 1344 2041 praecipem
1273 1435 1322 1624 dedit

1369 2608 1431 2844 Ιφηροε,
1380 2370 1427 2569 aegra
1361 2010 1408 2336 sanitatis
1355 1709 1404 1975 lzeroiS.”
1353 865 1448 913 ζ’

1446 2658 1493 2847 Recens
1444 2468 1491 2611 animi
1448 2263 1490 2422 tumor
1439 2054 1501 2217 lyricis
1437 1852 1484 2009 modis
1432 1475 1497 1816 exprimendus
1429 1333 1487 1443 suit,

1541 2886 1573 2977 una
1523 2660 1586 2853 lugente
1529 2586 1571 2634 et
1524 2262 1569 2551 lamentante
1519 2065 1565 2226 choro.
1516 1898 1563 2015 lude
1515 1804 1560 1863 ad
1514 1522 1560 1765 trimetros
1516 1332 1558 1489 trans-

1606 2859 1652 2977 itum
1608 2719 1660 2823 est,
1618 2483 1663 2682 quorum
1601 2355 1646 2446 hoc
1600 2161 1645 2319 exstat
1596 1778 1659 2129 fragmentum:

1679 2758 1746 2847 βίᾳ
1673 2622 1729 2724 νὺν
1676 2418 1737 2588 ἕλκετ’,
1668 2339 1724 2379 ὦ
1672 2125 1731 2305 κακοί,
1672 1911 1735 2087 τιμάς,
1668 1680 1734 1874 βροτοί,

1760 2760 1810 2846 καὶ
1763 2535 1809 2727 κτᾶσθε
1759 2247 1815 2502 πλοῦτον,
1754 1946 1804 2211 πάντοθεν
1748 1599 1813 1913 θηρώμενοι,

1841 2557 1905 2843 σύμμικτοι,
1835 2453 1901 2522 μὴ
1834 2242 1885 2416 δίκαια
1832 2122 1883 2209 καὶ
1832 1935 1882 2087 δίκαι’
1829 1735 1892 1895 ὁμοῦ·

1920 2693 1970 2843 ἔπειτ’
1919 2453 1982 2656 οἷμᾶσθε
1914 2258 1965 2419 τῶνδε
1914 1966 1977 2221 δύςτηνον
1908 1774 1972 1933 θέρος
1906 1691 1971 1760 *).

2000 2762 2047 2841 Sic
2000 2543 2059 2735 ubique,
2003 2259 2060 2513 postquam
1995 1928 2041 2231 vehementia
1991 1728 2038 1905 doloris
1986 1432 2050 1691 paullulum
2001 1323 2033 1401 se-

2078 2870 2125 2970 dari
2080 2654 2141 2835 coepit,
2077 2309 2123 2605 sententiosa
2082 2071 2122 2266 utuntur
2072 1817 2119 2037 oratione
2082 1545 2131 1783 personae
2065 1319 2128 1512 Euripi·
2077 851 2130 899 3¹12

2158 2882 2205 2972 dis.
2157 2634 2204 2803 Finem
2162 2439 2203 2598 autem
2155 2254 2200 2403 luctui
2152 1991 2215 2219 imposuit
2149 1721 2196 1957 BacchuS.
2145 1576 2193 1643 Et
2145 1318 2207 1527 primum
2127 850 2132 852 ¹

2236 2776 2299 2970 quidem
2235 2545 2282 2741 Inonem
2250 2397 2281 2505 cum
2233 2103 2279 2362 Melicerte
2231 2022 2277 2069 in
2230 1870 2276 1987 deos
2230 1611 2274 1822 mutatos
2239 1466 2270 1576 esse
2238 1319 2285 1433 ape·
2221 862 2278 897 ³³st
2268 812 2272 819 ⁷

2316 2856 2373 2971 ruit,
2319 2693 2361 2821 teste
2314 2463 2376 2658 Hygino
2312 2310 2373 2424 („at
2312 2196 2358 2273 lno
2326 2051 2357 2158 cnm
2309 1828 2355 2014 minore
2306 1694 2352 1795 filio
2302 1399 2350 1657 Melicerte
2301 1316 2348 1365 in
2288 863 2314 891 2⁹

2411 3264 2441 3336 1
2410 2835 2441 2969 mare
2409 2745 2440 2799 se
2393 2531 2439 2709 deiecit
2397 2446 2438 2495 et
2392 2320 2438 2410 dea
2394 2208 2438 2284 est
2385 1848 2452 2175 facta’'*'“))7
2385 1658 2432 1795 cuius
2382 1463 2430 1610 verba
2379 1316 2427 1416 fra-

2492 3256 2521 3316 m„
2472 2760 2535 2968 gmentis
2472 2353 2518 2722 confirmantur:
2449 881 2509 893 li

2549 2639 2599 2839 πόντου
2548 2354 2613 2603 πλάνητες
2543 2012 2597 2319 Λευκοθέαν
2540 1702 2607 1978 ἐπώνυμον

2707 2650 2772 2835 σεμνὸς
2706 2323 2770 2613 Παλαίμων
2705 2024 2763 2289 ναυτίλοις
2702 1679 2767 1991 κεκλήσεται.

2812 3257 2857 3328 apru-
2788 2777 2835 2965 Deinde
2789 2357 2846 2730 Athamantem,
2793 2252 2835 2305 ut
2786 1948 2848 2205 parricidio
2782 1581 2839 1901 maculatum,
2778 1308 2825 1532 exsulare

2868 2804 2923 2966 iussit,
2867 2487 2930 2771 praedicens
2883 2340 2913 2449 eum
2866 2015 2912 2313 conditorem
2864 1874 2910 1983 sore
2859 1509 2909 1850 Athamantiae
2855 1388 2920 1496 ***)
2863 1307 2904 1356 et
2876 1246 2881 1249 ·

2977 3317 2986 3322 -ι
2956 3264 3001 3289 {d
2963 2874 3008 2963 per
2947 2607 3007 2841 reliquam
2947 2425 2992 2570 vitam
2946 2156 2991 2389 felicitate
2959 1899 2991 2121 usurum.

3025 2737 3072 2832 Uni
3026 2561 3071 2713 actori
3026 2420 3072 2537 ‹lnas
3039 2162 3087 2393 personas
3020 1830 3069 2135 Athamantis
3018 1545 3079 1803 [nonisque
3015 1307 3077 1516 agendas

3104 2804 3151 2961 fuisse
3104 2624 3150 2770 docet
3103 2347 3149 2590 Lucianus
3103 2249 3149 2310 de
3102 2105 3148 2213 salt.
3118 2029 3148 2067 c.
3104 1902 3147 1993 67:
3097 1803 3147 1860 τὸ
3100 1632 3161 1767 γοῦν
3092 1305 3155 1599 παραδοξό-

3212 3259 3240 3325 ,-.;.,
3198 2786 3239 2960 τατον,
3183 2673 3245 2764 τῆς
3178 2488 3243 2649 αὐτῆς
3178 2267 3243 2457 ἡμέρας
3182 2116 3241 2233 ἄρτι
3177 1988 3241 2082 μὲν
3174 1731 3241 1961 Ἀθάμας
3173 1442 3239 1696 μεμηνώς,
3174 1302 3237 1419 ἄρτι
3227 874 3231 875 ¹

3259 2901 3309 2956 δὲ
3255 2762 3308 2875 Ἰνὼ
3258 2418 3322 2727 φοβουμένη
3258 2117 3308 2379 δείκνυται
3260 1978 3306 2082 κτλ.
3255 1846 3306 1932 καὶ
3255 1631 3304 1800 πάντα
3258 1419 3303 1585 ταῦτα
3246 1302 3310 1373 εἷς
3247 813 3344 885 ἰ

3336 2671 3401 2956 ἄνθρωπός
3334 2517 3388 2636 ἐστι.
3339 2414 3384 2466 Id
3340 2330 3386 2377 in
3340 2203 3385 2294 hoo
3339 1951 3385 2167 dramate
3338 1810 3383 1917 fieri
3337 1603 3399 1777 potuit,
3336 1535 3381 1576 si
3337 1444 3382 1501 ab
3334 1303 3381 1408 aliis
3341 852 3393 879 ε]
3345 801 3352 806 ’

3420 2709 3468 2955 actoribus
3419 2375 3477 2673 saltationes,
3420 2280 3466 2337 ab
3418 2138 3465 2244 aliis
3417 1863 3478 2101 colloquia
3415 1614 3463 1827 exhibita
3418 1451 3460 1578 sunt.
3429 870 3467 883 ³1

3497 2291 3544 2824 Praestantissimarum
3513 2070 3544 2269 numero
3496 1692 3558 2046 tragoediarum
3495 1545 3540 1669 hane
3491 1300 3539 1513 fabulam

3578 2744 3626 2956 habitam
3591 2597 3623 2706 esse
3578 2402 3623 2562 omnia
3582 2098 3635 2358 testantur,
3592 1888 3637 2044 neque
3590 1750 3622 1853 eam
3573 1468 3633 1713 indignam
3575 1298 3618 1435 tauto

3659 2766 3704 2953 honore
3654 2567 3702 2720 fuisse
3656 2453 3702 2528 vel
3657 2270 3703 2417 hodie
3672 2174 3703 2233 ex
3656 1922 3717 2141 reliquiis
3655 1627 3702 1885 aestimare
3651 1463 3699 1594 licet.
3648 1299 3697 1380 Nil

3803 2842 3856 2894 ἦ)
3801 2671 3843 2815 τῶνδε
3815 2545 3841 2628 non
3804 2438 3842 2501 est
3802 2198 3841 2399 horum
3801 1811 3851 2159 facinorum,
3799 1690 3839 1769 sed
3798 1456 3837 1651 harum
3806 1300 3834 1415 niu-

3871 2592 3912 2814 lierum.
3874 834 3919 875 ,2⁵22
3871 779 3918 798 a,

3942 2839 3995 2918 mi)
3940 2509 3983 2808 Conferendus
3939 2346 3979 2478 etiam
3939 2206 3979 2305 finis
3940 1987 3981 2165 secundi
3940 1778 3994 1957 eapitis:
3937 1478 3990 1719 „Athamas
3935 1295 3986 1449 postea
3924 867 3972 870 l
3926 834 3935 841 ’“

4011 2752 4051 2807 ab
4011 2620 4052 2726 Iove
4009 2420 4050 2590 insania
4010 2218 4050 2389 obieeta
4010 1948 4050 2197 Learchum
4011 1777 4051 1920 filium
4004 1516 4047 1748 interfecit.
4003 1401 4043 1457 At
4002 1297 4041 1375 Ino
3981 867 4062 870 Ι

4094 2707 4121 2807 cum
4081 2421 4130 2676 Melicerte,
4080 2296 4119 2391 filio
4093 2162 4130 2265 suo,
4080 2090 4119 2129 in
4094 1937 4120 2060 mare
4094 1861 4121 1907 se
4075 1510 4132 1830 praecipitavit.
4073 1295 4124 1441 Quam
4074 865 4147 869 ἱ

4148 2638 4190 2809 Liber
4150 2309 4190 2607 Leucotheam
4148 2146 4189 2281 voluit
4150 1898 4203 2114 appellari
4154 1788 4190 1869 ete.
4146 1611 4187 1729 Huic
4143 1435 4196 1580 quinto
4153 1296 4193 1403 quo·
4133 865 4231 874 l!

4232 2722 4269 2806 que
4232 2583 4259 2692 anno
4219 2464 4260 2552 ludi
4218 2238 4274 2433 gymnici
4219 2076 4269 2210 fiunt,
4220 1971 4272 2043 qui
4221 1666 4272 1941 appellantur
4210 1421 4265 1647 ”Ισθμια.”

4285 2840 4339 2943 ‘'r'ssss)
4286 2661 4329 2811 schol.
4290 2573 4331 2629 ad
4289 2405 4343 2549 Apoll.
4289 2237 4330 2384 Rhod.
4288 2153 4343 2207 II,
4288 2027 4332 2122 516.
4290 1846 4332 1996 schol.
4289 1760 4330 1816 ad
4287 1620 4328 1733 Plat.
4283 1488 4325 1597 Min.
4296 1415 4334 1455 p.
4277 1295 4319 1393 212.
4237 864 4348 871 1
