5010 3336
3818 2145 3874 2265 332

3676 1376 3728 1537 studia
3663 1570 3724 1848 respectum
3680 1884 3728 1943 ab
3662 1978 3727 2217 Euripide
3675 2252 3710 2364 esse
3675 2398 3724 2661 verisimile
3660 2696 3717 2801 est;
3670 2851 3718 2939 sed
3669 2975 3718 3038 de

3598 1374 3645 1467 hac
3588 1515 3630 1603 re,
3582 1653 3647 1923 deperditis
3598 1971 3647 2146 fabulis
3585 2191 3644 2377 tribus,
3594 2430 3644 2637 difficile
3592 2684 3635 2761 est
3588 2804 3639 3036 iudicare.

3516 1372 3567 1722 Verumtamen
3518 1757 3549 1904 unum
3517 1940 3550 2137 monere
3517 2172 3549 2265 non
3515 2299 3563 2505 alienum
3515 2546 3546 2656 esse
3512 2686 3561 2892 videtur.
3509 2929 3557 3036 Ma·-

3437 1371 3485 1549 nifesto
3421 1584 3469 1868 graecarum
3423 1902 3484 2114 gentium
3436 2153 3483 2427 hnmanitas
3435 2475 3477 2522 et
3432 2566 3480 2881 barbarorum
3430 2917 3479 3037 feri-

3358 1371 3400 1446 tas
3358 1481 3404 1527 in
3358 1563 3404 1784 omnibus
3358 1820 3405 1897 his
3357 1934 3405 2106 sabulis
3340 2144 3397 2451 comparatae
3355 2487 3396 2622 erant
3354 2658 3395 2705 et
3353 2741 3383 2800 ex
3349 2832 3399 3037 adverso

3261 1370 3325 1583 positae,
3262 1630 3324 1876 multaque
3260 1903 3318 2076 poetae
3275 2098 3322 2349 eveniebat
3258 2375 3320 2710 opportunitas
3271 2736 3320 2866 illins
3256 2899 3301 3037 prae-

3189 1372 3244 1614 stantiam,
3196 1651 3243 1793 huius
3196 1829 3243 2178 immanitatem
3195 2216 3241 2287 sic
3179 2323 3241 2659 praedicandi,
3192 2710 3234 2762 ut
3189 2798 3239 3036 doceren-

3117 1370 3160 1452 tur
3118 1489 3166 1665 Graeci
3117 1702 3164 1797 hoc
3116 1833 3163 1921 sibi
3099 1956 3162 2195 agendum
3103 2231 3145 2359 esse,
3113 2397 3156 2449 ut
3097 2486 3159 2767 compositis
3109 2813 3158 3036 simulta—

3037 1369 3085 1500 tibus
3039 1538 3085 1596 ad
3037 1634 3083 1904 domandos
3036 1945 3083 2173 barbaros
3034 2214 3081 2375 studia
3018 2410 3081 2634 viresque
3015 2671 3079 3035 coniungerent,

2956 1368 2989 1492 neve
2956 1527 3005 1702 artium
2941 1739 3004 2108 litterarumque
2941 2130 3003 2317 florem,
2938 2354 3001 2528 quibus
2939 2565 3000 2898 excellebant,
2949 2931 2998 3036 bel-

2877 1367 2926 1428 lis
2876 1463 2925 1704 intestinis
2861 1754 2924 1847 ipsi
2859 1894 2916 2278 corrumperent.
2873 2348 2921 2536 Eodem
2871 2572 2918 2781 redeunt
2855 2815 2901 2939 quae
2868 2973 2915 3037 de

2798 1365 2846 1536 harum
2796 1553 2844 1825 fabularum
2779 1847 2842 2198 compositione
2778 2222 2841 2382 deque
2777 2406 2834 2581 poetae
2791 2603 2838 2805 consilio
2788 2835 2839 3036 Schoell

2701 1369 2766 1439 (p.
2717 1478 2763 1573 154
2700 1608 2761 1767 seqq.)
2698 1805 2763 2093 disputavit,
2699 2143 2762 2224 qui
2714 2275 2757 2437 tamen
2713 2481 2759 2540 ad
2699 2576 2758 2787 gentium
2692 2823 2755 3036 cognati-

2636 1366 2669 1508 onem
2636 1558 2682 1717 omnia
2632 1766 2683 2026 referendo
2633 2074 2682 2216 nimis
2616 2263 2681 2482 angustis
2630 2527 2680 2707 finibus
2628 2740 2661 2845 rem
2626 2878 2676 3033 inclu-

2556 1365 2605 1491 sisse
2551 1525 2604 1732 videtur.

2221 1912 2275 1981 A.
2220 2088 2276 2480 Medea.

2084 1491 2134 1675 Medea
2083 1708 2133 2138 vehementissimo
2083 2174 2130 2358 Iasonis
2081 2399 2114 2567 amore
2065 2601 2128 2817 abrepta,
2079 2853 2126 2903 in
2076 2938 2126 3033 hoc

2004 1362 2052 1465 solo
1993 1502 2051 1677 nitens,
2005 1715 2052 1829 huic
2006 1866 2051 1948 uni
1991 1984 2051 2203 studens,
1987 2240 2051 2471 quidquid
2001 2508 2049 2746 habuerat
1982 2778 2045 3034 carissimi,

1925 1361 1971 1522 omnia
1926 1565 1972 1691 vitae
1909 1739 1972 1984 praesidia
1923 2036 1971 2280 amiserat.
1923 2351 1970 2496 Hunc
1922 2542 1968 2669 enim
1920 2705 1963 2762 ut
1904 2797 1958 3031 servaret,

1844 1359 1877 1453 non
1845 1490 1893 1647 solum
1829 1695 1886 1882 patrem
1828 1933 1883 2260 parentesque
1827 2306 1890 2625 prodiderat,
1839 2687 1886 2776 sed
1835 2828 1886 3032 fratrem

1749 1360 1796 1553 quoque
1763 1587 1813 1901 interfecerat
1751 1934 1810 2240 miserrime3
1763 2275 1810 2388 huic
1763 2423 1805 2477 ut
1745 2512 1808 2884 gratificaretur,
1755 2939 1804 3033 Pe-

1686 1356 1733 1469 liam
1686 1507 1716 1615 cnm
1686 1651 1733 1839 filiabus
1668 1875 1731 2190 perdiderat,
1682 2237 1730 2383 huius
1680 2437 1728 2692 commodo
1660 2728 1725 3034 prospiciens

1605 1360 1654 1639 Corinthios
1604 1692 1652 1945 beneficiis
1590 1992 1651 2252 affecerat,
1602 2305 1649 2450 huius
1600 2499 1632 2664 amore
1598 2712 1647 2841 freta
1581 2879 1642 3033 patria

1525 1357 1572 1529 relicta
1525 1577 1555 1603 a
1524 1647 1574 1904 Thessalia
1520 1951 1570 2219 exsulabat.
1521 2301 1571 2421 Tam
1519 2475 1568 2707 furiosam
1505 2756 1565 3030 mulierem,

1446 1358 1489 1457 tam
1429 1493 1492 1676 pietate
1431 1712 1484 1994 carentem,
1442 2039 1484 2139 tam
1426 2184 1489 2442 cupiditati
1441 2491 1486 2648 omnia
1438 2696 1486 2860 officia
1420 2896 1479 3031 post-

1350 1357 1406 1619 ponentem
1350 1647 1410 1890 quomodo
1363 1918 1395 1972 se
1350 2006 1410 2311 habituram,
1347 2348 1408 2575 quidnam
1359 2610 1407 2848 facturam
1342 2884 1398 3030 puta-

1274 1358 1318 1483 mus,
1286 1521 1332 1561 si
1285 1597 1316 1650 se
1285 1686 1332 1745 ab
1274 1783 1315 1858 en,
1283 1895 1331 1973 cui
1283 2008 1315 2063 se
1282 2097 1325 2249 totam
1269 2283 1330 2503 tradidit,
1279 2540 1325 2674 cuius
1263 2709 1325 2863 gratia
1263 2886 1323 3029 quid-

1207 1359 1254 1432 vis
1191 1467 1253 1704 perfecit,
1188 1743 1245 1955 spretam
1186 1991 1249 2374 destitutamque
1199 2424 1248 2636 viderit?
1183 2684 1230 2825 quam
1195 2874 1244 3031 vehe-

1127 1358 1172 1512 menti
1126 1547 1157 1651 eam
1124 1689 1172 1859 dolore
1123 1894 1171 2088 incendi
1121 2122 1153 2325 necesse
1110 2362 1165 2461 est,
1104 2508 1166 2816 repudiatam
1120 2851 1150 2877 a
1116 2913 1149 3029 con-

1031 1359 1095 1473 iuge
1047 1522 1089 1569 et
1031 1617 1092 1790 virgini
1043 1838 1091 2114 formosiori
1024 2164 1089 2527 postpositam?
1025 2582 1071 2723 qnam
1035 2769 1084 3030 temeraria

968 1359 1015 1561 consilia
966 1595 1014 1755 animo
953 1791 1011 1962 moliri,
947 1999 1007 2266 praeditam
961 2303 993 2397 non
947 2427 1009 2610 vulgari
946 2642 1007 2913 prudentia,
957 2953 1004 3027 in-

889 1360 932 1596 structam
887 1643 927 1749 arte
869 1793 929 2005 magica,
881 2044 933 2198 divina
866 2233 929 2388 stirpe
865 2423 928 2680 superbam
880 2698 926 2721 ’ἒ
878 2788 929 2945 Tanta
878 2981 926 3028 vi

808 1356 857 1542 doloris
789 1592 855 1967 iracundiaeque
802 2013 848 2256 concitata
803 2289 850 2471 femina
803 2506 849 2554 in
800 2591 833 2784 scenam
783 2821 845 3028 produci

729 1357 776 1420 ad
714 1456 775 1848 conquerendum
721 1900 770 2213 infortunium
722 2263 754 2400 suum
705 2437 769 2841 prodendumque
719 2877 766 3027 animi

636 1360 697 1610 affectum,
632 1637 693 1926 praesertim
642 1949 691 1998 in
626 2024 690 2259 principio
629 2291 690 2537 dramatis,
640 2573 674 2666 non
624 2693 686 2867 potuit.
638 2905 686 3026 Pru-
