5010 3336
1579 3244 1605 3309 ⁸..u

1018 2210 1073 2286 61

1180 2989 1223 3085 tur.
1169 2574 1218 2918 Stheneboeae
1170 2381 1212 2541 autem
1161 2050 1210 2345 Phoenicem
1159 1748 1222 2013 praemitto
1160 1580 1219 1708 ideo,
1159 1417 1221 1545 quod

1254 2799 1314 3083 argumento
1255 2686 1295 2762 est
1264 2575 1306 2650 eo,
1243 2395 1307 2540 quod,
1258 2250 1289 2357 cum
1240 2091 1286 2224 illius
1244 1782 1299 2066 argumento
1241 1412 1302 1752 compositum,

1336 3035 1379 3083 et
1331 2838 1393 3000 ipsum
1328 2472 1375 2798 illustraretur
1328 2387 1370 2437 et
1318 1984 1368 2352 commendaret
1324 1606 1381 1941 argumentum
1317 1412 1365 1558 Sthe—

1410 2854 1458 3083 neboeae.

1487 2404 1490 2408 .
1488 2379 1490 2392 -
1484 2080 1491 2362 ——ffl—‹v-—o-a

1620 2465 1672 2534 A.
1613 1960 1670 2395 Peliades.

1785 2788 1834 2951 Maius
1782 2690 1829 2739 in
1780 2457 1827 2637 Chrou.
1778 2240 1825 2419 Euseb.
1774 1989 1838 2202 (scriptt.
1778 1820 1821 1937 vett.
1787 1648 1819 1769 nova
1772 1506 1820 1612 coll.
1771 1409 1819 1469 T.

1865 2927 1928 3081 VIII.)
1884 2845 1930 2891 p.
1865 2721 1911 2801 43.
1860 2475 1921 2667 scripsit
1859 2227 1905 2430 haecce:
1856 1980 1915 2176 „Locus
1853 1852 1900 1934 hic
1853 1406 1915 1805 percommodam

1947 2939 1994 3081 nobis
1960 2740 1992 2903 ansam
1940 2499 2004 2704 praebet
1938 2288 1985 2464 edendi
1935 2010 1984 2260 cuiusdam
1931 1724 1980 1975 summarii
1932 1404 1993 1700 Euripideae

2025 2797 2086 3081 tragoediae
2019 2485 2074 2740 PeliadeS,
2018 2290 2079 2420 quod
2013 2009 2063 2227 Armenii
2012 1717 2058 1959 incolume
2017 1405 2057 1672 servarunt.

2103 2922 2151 3080 Mosis
2100 2558 2148 2884 Chorenensis
2099 2337 2144 2509 decem
2096 2180 2142 2293 libri
2097 1660 2156 2137 progymnasmatum
2096 1402 2137 1610 exstant.

2183 2862 2230 3078 Iamvero
2181 2678 2228 2826 tertio
2179 2536 2226 2642 eius
2176 2222 2225 2501 rhetoricae
2174 2029 2233 2179 libro,
2172 1901 2235 1980 qui
2174 1776 2217 1853 est
2170 1669 2216 1731 de
2170 1403 2217 1626 confuta-

2263 2931 2321 3080 tione,
2260 2593 2325 2894 praedictam
2257 2308 2320 2555 Euripidis
2254 2043 2302 2255 fabulam
2251 1824 2298 1991 Moses
2250 1716 2295 1775 ad
2249 1401 2312 1678 exemplum

2341 2981 2387 3077 sibi
2340 2726 2402 2957 proponit
2338 2462 2384 2701 oratoriae
2335 2071 2382 2435 confutationis.
2332 1942 2378 2017 En
2335 1762 2377 1922 autem
2330 1626 2376 1729 eius
2329 1402 2375 1599 verba.''

2417 2947 2467 3076 Vide
2418 2599 2465 2911 Welckerum
2434 2518 2479 2564 p.
2417 2330 2473 2469 625„
2414 2202 2474 2281 qui
2412 1999 2459 2155 Mosis
2411 1792 2466 1954 verba,
2414 1478 2455 1743 monstrata
2425 1401 2455 1427 a

2497 3016 2545 3075 G.
2496 2686 2553 2969 Dindorsm,
2493 2285 2556 2639 transscripsit.
2491 2106 2538 2206 Sed
2506 1904 2537 2070 manca
2492 1755 2535 1867 suut
2505 1598 2550 1719 qnae
2487 1402 2535 1558 Maius

2593 2965 2624 3077 cum
2576 2669 2622 2931 lectoribus
2574 2236 2627 2631 communicavit,
2587 2110 2617 2199 nec
2570 1842 2616 2075 dramatis
2573 1513 2629 1806 structuram
2583 1400 2614 1476 sa—

2657 3014 2704 3078 tis
2655 2699 2702 2978 ostendunt.
2652 2423 2699 2628 Gravius
2657 2295 2710 2386 est,
2651 2130 2712 2259 quod
2648 1893 2696 2093 Diodori
2646 1532 2694 1858 narrationem
2644 1400 2711 1507 (IV,

2732 2814 2800 3077 50—53.)
2732 2392 2796 2777 copiosissimam
2746 2294 2778 2354 ex
2729 2021 2794 2259 Euripide
2729 1763 2776 1987 haustam
2742 1584 2785 1727 esse,
2742 1399 2773 1531 com-

2814 2861 2880 3077 parando
2829 2720 2859 2825 cam
2828 2573 2860 2683 cum
2811 2382 2857 2539 Mosis
2810 2082 2867 2346 relatione,
2808 1827 2871 2036 intelligi
2809 1624 2867 1790 potest
2803 1532 2867 1598 *).
2808 1395 2854 1463 Et

2897 3027 2943 3076 in
2895 2911 2941 2993 illa
2894 2679 2956 2876 quidem
2891 2582 2938 2642 ad
2906 2400 2938 2547 unum
2896 2169 2953 2363 tempus
2889 1875 2951 2133 locumque
2886 1768 2933 1839 sic
2886 1568 2933 1727 omnia
2886 1397 2934 1533 rese-

2980 2900 3023 3075 runtur
2978 2820 3020 2869 et
2972 2648 3036 2785 quasi
2972 2428 3018 2613 actibus
2970 2166 3016 2391 distincta
2969 2060 3014 2130 sic
2968 1745 3032 2037 procedunt,
2970 1654 3013 1709 ut
2965 1399 3028 1632 originem

3055 2966 3103 3072 eius
3070 2794 3109 2929 eam,
3067 2603 3115 2744 quam
3051 2441 3111 2565 dixi,
3050 2234 3096 2388 fuisse
3049 2040 3096 2186 etiam
3047 1896 3094 2001 sine
3046 1575 3107 1862 cuiusquam
3045 1398 3093 1541 testi-

3135 2912 3182 3073 monio
3132 2650 3194 2877 cognosci
3131 2385 3193 2618 potuerit.

3212 2747 3259 2941 Initium
3210 2491 3272 2712 prologi,
3225 2295 3271 2439 quem
3208 2149 3270 2249 egit
3206 1888 3265 2099 Medea,
3208 1590 3253 1836 servatum
3210 1476 3252 1553 est
3205 1395 3252 1443 in

3292 2868 3341 3071 scholiis
3291 2771 3336 2833 ad
3289 2604 3336 2737 Med.
3304 2524 3335 2566 v.
3291 2375 3337 2488 688.
3287 2120 3349 2345 scriptis:

3367 2723 3434 2937 Μήδεια
3366 2559 3430 2689 πρὸς
3365 2430 3430 2525 μὲν
3365 2160 3429 2395 δώμασιν
3364 1775 3426 2126 τυραννικοῖς.

3451 2840 3501 3070 Medeam
3449 2625 3508 2802 solam,
3447 2354 3510 2574 corporis
3446 2148 3492 2305 forma
3446 1957 3491 2101 simul
3460 1801 3490 1910 cum
3446 1629 3489 1767 veste
3444 1394 3500 1595 mutata,

3531 3006 3581 3068 ad
3531 2825 3579 2971 aedes
3530 2634 3592 2791 regias
3544 2544 3575 2598 se
3527 2216 3583 2507 contulisse,
3540 2033 3586 2178 quum
3523 1805 3570 1998 interim
3523 1466 3583 1772 Argonautae
3522 1392 3568 1442 in

3617 2923 3677 3071 portu
3609 2682 3673 2887 quodam
3614 2482 3657 2647 terrae
3605 2160 3653 2449 Thessaliae
3619 1956 3651 2125 navem
3602 1668 3649 1906 occultam
3604 1391 3647 1615 tenerent

3695 2920 3754 3067 atque
3695 2657 3737 2884 eventum
3686 2210 3735 2620 machinationum
3683 1964 3730 2173 Medeae
3685 1549 3745 1917 exspectarent,
3680 1392 3727 1494 col-

3771 2981 3834 3066 ligi
3774 2779 3833 2945 potest
3784 2682 3815 2742 ex
3766 2495 3815 2647 Mosis
3767 2308 3830 2459 ipsius
3764 2113 3811 2272 verbis
3763 1914 3809 2077 hisce:
3762 1760 3820 1878 „Ait
3760 1598 3807 1725 enim
3760 1392 3822 1566 ipsam,

3850 2827 3897 3065 societate
3864 2682 3895 2790 cum
3847 2479 3894 2645 Iasone
3845 2247 3909 2452 quodam
3844 2089 3900 2221 inita,
3859 2026 3889 2052 e
3842 1719 3904 1989 Scythia
3840 1623 3886 1685 in
3839 1392 3885 1586 Thes-

3929 2842 3977 3063 saliam
3927 2467 3990 2806 navigasse
3931 2220 3987 2412 atque
3928 2003 3970 2186 artes
3921 1690 3985 1967 magicas
3919 1392 3981 1653 hicpro-

4007 2819 4055 3065 fessam
4022 2576 4071 2775 regem,
4006 2436 4068 2515 qui
4010 2227 4053 2390 terrae
4002 1886 4065 2183 imperabat,
4000 1655 4047 1837 dolosis
3996 1391 4045 1605 consiliis

4134 3018 4142 3060 ‚—

4203 2962 4256 3004 *)
4203 2820 4245 2931 Cum
4203 2599 4244 2792 Diodoro
4200 2363 4258 2569 Hyginus
4212 2295 4241 2331 c.
4195 2197 4238 2265 24.
4196 1926 4251 2166 plurimam
4198 1725 4250 1898 partem
4190 1468 4235 1694 consentit.

3758 692 3810 700 ι..-
3819 692 3838 695 ὦ

3703 677 3764 685 ⁷..-
3817 676 3861 682 --

3779 708 3785 709 ἶ
3820 691 3872 711 ῥῖ

3876 672 3952 710 ..³-
3973 668 4180 681 ffl-‡-⁶--·0
