<?xml version="1.0" encoding="UTF-8"?>
<!DOCTYPE html PUBLIC "-//W3C//DTD XHTML 1.0 Transitional//EN"
    "http://www.w3.org/TR/xhtml1/DTD/xhtml1-transitional.dtd">
<html xmlns="http://www.w3.org/1999/xhtml" xml:lang="en" lang="en">
 <head>
  <title>
</title>
<meta http-equiv="Content-Type" content="text/html;charset=utf-8" />
  <meta name='ocr-system' content='tesseract 3.04.00' />
  <meta name='ocr-capabilities' content='ocr_page ocr_carea ocr_par ocr_line ocrx_word'/>
</head>
<body>
  <div class='ocr_page' id='page_1' title='image "./euripidesrestitu00hartuoft_raw_0050.png"; bbox 0 0 5010 3336; ppageno 0'>
   <div class='ocr_carea' id='block_1_1' title="bbox 3963 2149 4020 2228">
    <p class='ocr_par' dir='ltr' id='par_1_1' title="bbox 3963 2149 4020 2228">
     <span class='ocr_line' id='line_1_1' title="bbox 3963 2149 4020 2228; textangle 270"><span class='ocrx_word' id='word_1_1' title='bbox 3963 2149 4020 2228; x_wconf 82' lang='lat'><strong>32</strong></span> 
     </span>
    </p>
   </div>
   <div class='ocr_carea' id='block_1_2' title="bbox 2198 1317 3885 3021">
    <p class='ocr_par' dir='ltr' id='par_1_2' title="bbox 2198 1317 3885 3021">
     <span class='ocr_line' id='line_1_2' title="bbox 3792 1352 3885 3020; textangle 270"><span class='ocrx_word' id='word_1_2' title='bbox 3836 1352 3885 1401; x_wconf 91' lang='lat' dir='ltr'><strong>in</strong></span> <span class='ocrx_word' id='word_1_3' title='bbox 3835 1436 3869 1630; x_wconf 82' lang='lat' dir='ltr'>scenam</span> <span class='ocrx_word' id='word_1_4' title='bbox 3821 1666 3883 1942; x_wconf 81' lang='lat' dir='ltr'><strong>adducitur,</strong></span> <span class='ocrx_word' id='word_1_5' title='bbox 3825 1974 3878 2237; x_wconf 85' lang='lat' dir='ltr'><strong>ferocitate</strong></span> <span class='ocrx_word' id='word_1_6' title='bbox 3823 2272 3858 2326; x_wconf 87' lang='lat' dir='ltr'><strong>se</strong></span> <span class='ocrx_word' id='word_1_7' title='bbox 3821 2362 3865 2413; x_wconf 88' lang='lat' dir='ltr'><strong>et</strong></span> <span class='ocrx_word' id='word_1_8' title='bbox 3814 2439 3864 2740; x_wconf 89' lang='lat' dir='ltr'><strong>contumacia</strong></span> <span class='ocrx_word' id='word_1_9' title='bbox 3809 2764 3857 2926; x_wconf 86' lang='lat' dir='ltr'><strong>tutans</strong></span> <span class='ocrx_word' id='word_1_10' title='bbox 3792 2953 3858 3020; x_wconf 82' lang='lat'><strong>*).</strong></span> 
     </span>
     <span class='ocr_line' id='line_1_3' title="bbox 3714 1350 3806 3021; textangle 270"><span class='ocrx_word' id='word_1_11' title='bbox 3756 1350 3806 1419; x_wconf 79' lang='lat' dir='ltr'><strong>Et</strong></span> <span class='ocrx_word' id='word_1_12' title='bbox 3740 1452 3803 1664; x_wconf 88' lang='lat' dir='ltr'><strong>primum</strong></span> <span class='ocrx_word' id='word_1_13' title='bbox 3738 1702 3799 1895; x_wconf 89' lang='lat' dir='ltr'><strong>quidem</strong></span> <span class='ocrx_word' id='word_1_14' title='bbox 3731 1931 3798 2122; x_wconf 87' lang='lat' dir='ltr'><strong>signum</strong></span> <span class='ocrx_word' id='word_1_15' title='bbox 3742 2158 3793 2323; x_wconf 85' lang='lat' dir='ltr'>dicere</span> <span class='ocrx_word' id='word_1_16' title='bbox 3726 2357 3789 2547; x_wconf 87' lang='lat' dir='ltr'><strong>iussus,</strong></span> <span class='ocrx_word' id='word_1_17' title='bbox 3721 2591 3781 2729; x_wconf 90' lang='lat' dir='ltr'><strong>quasi</strong></span> <span class='ocrx_word' id='word_1_18' title='bbox 3730 2762 3765 2901; x_wconf 90' lang='lat' dir='ltr'><strong>suum</strong></span> <span class='ocrx_word' id='word_1_19' title='bbox 3714 2938 3777 3021; x_wconf 87' lang='lat' dir='ltr'><strong>sit,</strong></span> 
     </span>
     <span class='ocr_line' id='line_1_4' title="bbox 3647 1348 3725 3019; textangle 270"><span class='ocrx_word' id='word_1_20' title='bbox 3658 1348 3725 1653; x_wconf 80' lang='lat' dir='ltr'><strong>interrogare</strong></span> <span class='ocrx_word' id='word_1_21' title='bbox 3671 1698 3705 1795; x_wconf 91' lang='lat' dir='ltr'><strong>non</strong></span> <span class='ocrx_word' id='word_1_22' title='bbox 3652 1839 3719 2158; x_wconf 81' lang='lat' dir='ltr'><strong>interrogari,</strong></span> <span class='ocrx_word' id='word_1_23' title='bbox 3647 2200 3712 2438; x_wconf 79' lang='lat' dir='ltr'><strong>indignari</strong></span> <span class='ocrx_word' id='word_1_24' title='bbox 3658 2483 3690 2536; x_wconf 89' lang='lat' dir='ltr'><strong>se</strong></span> <span class='ocrx_word' id='word_1_25' title='bbox 3654 2573 3704 2768; x_wconf 81' lang='lat' dir='ltr'><strong>simulat</strong></span> <span class='ocrx_word' id='word_1_26' title='bbox 3651 2803 3694 2854; x_wconf 90' lang='lat' dir='ltr'><strong>et</strong></span> <span class='ocrx_word' id='word_1_27' title='bbox 3648 2888 3681 3019; x_wconf 89' lang='lat' dir='ltr'><strong>mor-</strong></span> 
     </span>
     <span class='ocr_line' id='line_1_5' title="bbox 3568 1348 3642 3019; textangle 270"><span class='ocrx_word' id='word_1_28' title='bbox 3598 1348 3642 1450; x_wconf 86' lang='lat' dir='ltr'><strong>tem</strong></span> <span class='ocrx_word' id='word_1_29' title='bbox 3593 1499 3642 1708; x_wconf 88' lang='lat' dir='ltr'><strong>minatur</strong></span> <span class='ocrx_word' id='word_1_30' title='bbox 3575 1750 3635 2050; x_wconf 79' lang='lat' dir='ltr'><strong>urgentibus,</strong></span> <span class='ocrx_word' id='word_1_31' title='bbox 3585 2139 3636 2268; x_wconf 88' lang='lat' dir='ltr'><strong>Tum</strong></span> <span class='ocrx_word' id='word_1_32' title='bbox 3579 2316 3627 2474; x_wconf 87' lang='lat' dir='ltr'><strong>acrius</strong></span> <span class='ocrx_word' id='word_1_33' title='bbox 3571 2524 3626 2815; x_wconf 84' lang='lat' dir='ltr'><strong>instantibus</strong></span> <span class='ocrx_word' id='word_1_34' title='bbox 3568 2871 3617 3019; x_wconf 86' lang='lat' dir='ltr'><strong>etiam</strong></span> 
     </span>
     <span class='ocr_line' id='line_1_6' title="bbox 3474 1344 3568 3018; textangle 270"><span class='ocrx_word' id='word_1_35' title='bbox 3517 1344 3568 1503; x_wconf 88' lang='lat' dir='ltr'>Rhesi</span> <span class='ocrx_word' id='word_1_36' title='bbox 3498 1549 3561 1779; x_wconf 84' lang='lat' dir='ltr'><strong>caedem,</strong></span> <span class='ocrx_word' id='word_1_37' title='bbox 3495 1843 3552 2069; x_wconf 87' lang='lat' dir='ltr'><strong>tanquam</strong></span> <span class='ocrx_word' id='word_1_38' title='bbox 3486 2116 3552 2479; x_wconf 82' lang='lat' dir='ltr'><strong>proditoribus,</strong></span> <span class='ocrx_word' id='word_1_39' title='bbox 3481 2543 3541 2807; x_wconf 82' lang='lat' dir='ltr'>exprobrat</span> <span class='ocrx_word' id='word_1_40' title='bbox 3474 2863 3523 3018; x_wconf 86' lang='lat' dir='ltr'><strong>seque</strong></span> 
     </span>
     <span class='ocr_line' id='line_1_7' title="bbox 3395 1341 3487 3013; textangle 270"><span class='ocrx_word' id='word_1_41' title='bbox 3437 1341 3487 1475; x_wconf 86' lang='lat' dir='ltr'><strong>illam</strong></span> <span class='ocrx_word' id='word_1_42' title='bbox 3434 1511 3483 1726; x_wconf 90' lang='lat' dir='ltr'><strong>ulturum</strong></span> <span class='ocrx_word' id='word_1_43' title='bbox 3431 1763 3463 1873; x_wconf 79' lang='lat' dir='ltr'><strong>esse</strong></span> <span class='ocrx_word' id='word_1_44' title='bbox 3429 1908 3475 2121; x_wconf 84' lang='lat' dir='ltr'><strong>minatur</strong></span> <span class='ocrx_word' id='word_1_45' title='bbox 3409 2142 3478 2237; x_wconf 74' lang='lat'><strong><em>**).</em></strong></span> <span class='ocrx_word' id='word_1_46' title='bbox 3422 2306 3470 2412; x_wconf 88' lang='lat' dir='ltr'><strong>Hac</strong></span> <span class='ocrx_word' id='word_1_47' title='bbox 3414 2450 3465 2743; x_wconf 89' lang='lat' dir='ltr'><strong>confidentia</strong></span> <span class='ocrx_word' id='word_1_48' title='bbox 3395 2780 3460 3013; x_wconf 88' lang='lat' dir='ltr'><strong>obstupe-</strong></span> 
     </span>
     <span class='ocr_line' id='line_1_8' title="bbox 3319 1340 3406 3014; textangle 270"><span class='ocrx_word' id='word_1_49' title='bbox 3356 1340 3406 1486; x_wconf 78' lang='lat' dir='ltr'><strong>factis</strong></span> <span class='ocrx_word' id='word_1_50' title='bbox 3340 1533 3403 1787; x_wconf 81' lang='lat' dir='ltr'><strong>hostibuS,</strong></span> <span class='ocrx_word' id='word_1_51' title='bbox 3351 1838 3394 1944; x_wconf 89' lang='lat' dir='ltr'><strong>tum</strong></span> <span class='ocrx_word' id='word_1_52' title='bbox 3347 1993 3395 2188; x_wconf 89' lang='lat' dir='ltr'><strong>demum</strong></span> <span class='ocrx_word' id='word_1_53' title='bbox 3342 2236 3387 2474; x_wconf 85' lang='lat' dir='ltr'><strong>tesseram</strong></span> <span class='ocrx_word' id='word_1_54' title='bbox 3337 2523 3386 2680; x_wconf 85' lang='lat' dir='ltr'><strong>denuo</strong></span> <span class='ocrx_word' id='word_1_55' title='bbox 3319 2726 3379 3014; x_wconf 77' lang='lat' dir='ltr'><strong>urgentibus</strong></span> 
     </span>
     <span class='ocr_line' id='line_1_9' title="bbox 3251 1339 3325 3013; textangle 270"><span class='ocrx_word' id='word_1_56' title='bbox 3276 1339 3325 1524; x_wconf 84' lang='lat' dir='ltr'><strong>indicat·</strong></span> <span class='ocrx_word' id='word_1_57' title='bbox 3259 1567 3321 1827; x_wconf 81' lang='lat' dir='ltr'><strong>statimque</strong></span> <span class='ocrx_word' id='word_1_58' title='bbox 3270 1872 3318 2002; x_wconf 88' lang='lat' dir='ltr'><strong>edita</strong></span> <span class='ocrx_word' id='word_1_59' title='bbox 3268 2047 3299 2103; x_wconf 85' lang='lat' dir='ltr'><strong>ea</strong></span> <span class='ocrx_word' id='word_1_60' title='bbox 3261 2149 3313 2424; x_wconf 83' lang='lat' dir='ltr'><strong>dimittitur.</strong></span> <span class='ocrx_word' id='word_1_61' title='bbox 3257 2503 3307 2701; x_wconf 84' lang='lat' dir='ltr'><strong>Interim</strong></span> <span class='ocrx_word' id='word_1_62' title='bbox 3251 2748 3303 3013; x_wconf 83' lang='lat' dir='ltr'><strong>Diomedes</strong></span> 
     </span>
     <span class='ocr_line' id='line_1_10' title="bbox 3156 1338 3243 3010; textangle 270"><span class='ocrx_word' id='word_1_63' title='bbox 3197 1338 3230 1449; x_wconf 90' lang='lat' dir='ltr'><strong>cum</strong></span> <span class='ocrx_word' id='word_1_64' title='bbox 3180 1478 3243 1645; x_wconf 88' lang='lat' dir='ltr'><strong>spoliis</strong></span> <span class='ocrx_word' id='word_1_65' title='bbox 3194 1672 3225 1699; x_wconf 91' lang='grc'><strong>6</strong></span> <span class='ocrx_word' id='word_1_66' title='bbox 3190 1724 3238 1943; x_wconf 88' lang='lat' dir='ltr'><strong>manibus</strong></span> <span class='ocrx_word' id='word_1_67' title='bbox 3171 1970 3236 2161; x_wconf 81' lang='lat' dir='ltr'><strong>effugit,</strong></span> <span class='ocrx_word' id='word_1_68' title='bbox 3183 2190 3231 2327; x_wconf 88' lang='lat' dir='ltr'><strong>cuius</strong></span> <span class='ocrx_word' id='word_1_69' title='bbox 3166 2353 3228 2573; x_wconf 77' lang='lat' dir='ltr'><strong>vestigiis</strong></span> <span class='ocrx_word' id='word_1_70' title='bbox 3174 2602 3224 2793; x_wconf 84' lang='lat' dir='ltr'><strong>amissis</strong></span> <span class='ocrx_word' id='word_1_71' title='bbox 3156 2818 3220 3010; x_wconf 79' lang='lat' dir='ltr'><strong>vigileS,</strong></span> 
     </span>
     <span class='ocr_line' id='line_1_11' title="bbox 3080 1336 3165 3009; textangle 270"><span class='ocrx_word' id='word_1_72' title='bbox 3116 1336 3165 1482; x_wconf 82' lang='lat' dir='ltr'><strong>simul</strong></span> <span class='ocrx_word' id='word_1_73' title='bbox 3112 1517 3161 1786; x_wconf 83' lang='lat' dir='ltr'><strong>exercitum</strong></span> <span class='ocrx_word' id='word_1_74' title='bbox 3109 1824 3157 2032; x_wconf 87' lang='lat' dir='ltr'><strong>tumultu</strong></span> <span class='ocrx_word' id='word_1_75' title='bbox 3104 2067 3149 2307; x_wconf 90' lang='lat' dir='ltr'><strong>nocturno</strong></span> <span class='ocrx_word' id='word_1_76' title='bbox 3086 2347 3147 2639; x_wconf 87' lang='lat' dir='ltr'><strong>perturbare</strong></span> <span class='ocrx_word' id='word_1_77' title='bbox 3080 2675 3143 2914; x_wconf 73' lang='lat' dir='ltr'><strong>nolentes,</strong></span> <span class='ocrx_word' id='word_1_78' title='bbox 3092 2951 3139 3009; x_wconf 89' lang='lat' dir='ltr'><strong>ab</strong></span> 
     </span>
     <span class='ocr_line' id='line_1_12' title="bbox 3000 1333 3085 3008; textangle 270"><span class='ocrx_word' id='word_1_79' title='bbox 3019 1333 3085 1667; x_wconf 84' lang='lat' dir='ltr'><strong>investigando</strong></span> <span class='ocrx_word' id='word_1_80' title='bbox 3031 1691 3080 1878; x_wconf 86' lang='lat' dir='ltr'><strong>latrone</strong></span> <span class='ocrx_word' id='word_1_81' title='bbox 3023 1904 3076 2166; x_wconf 85' lang='lat' dir='ltr'><strong>desistunt.</strong></span> <span class='ocrx_word' id='word_1_82' title='bbox 3007 2216 3072 2527; x_wconf 84' lang='lat' dir='ltr'><strong>Relinquitur</strong></span> <span class='ocrx_word' id='word_1_83' title='bbox 3003 2554 3065 2716; x_wconf 80' lang='lat' dir='ltr'><strong>igitur,</strong></span> <span class='ocrx_word' id='word_1_84' title='bbox 3000 2746 3058 2816; x_wconf 86' lang='lat' dir='ltr'><strong>ut,</strong></span> <span class='ocrx_word' id='word_1_85' title='bbox 3012 2844 3060 3008; x_wconf 89' lang='lat' dir='ltr'><strong>cuius-</strong></span> 
     </span>
     <span class='ocr_line' id='line_1_13' title="bbox 2921 1330 3003 3008; textangle 270"><span class='ocrx_word' id='word_1_86' title='bbox 2956 1330 2989 1442; x_wconf 88' lang='lat' dir='ltr'><strong>nam</strong></span> <span class='ocrx_word' id='word_1_87' title='bbox 2954 1477 3003 1688; x_wconf 88' lang='lat' dir='ltr'><strong>hominis</strong></span> <span class='ocrx_word' id='word_1_88' title='bbox 2951 1723 2999 1924; x_wconf 86' lang='lat' dir='ltr'><strong>audacia</strong></span> <span class='ocrx_word' id='word_1_89' title='bbox 2946 1956 2992 2140; x_wconf 88' lang='lat' dir='ltr'><strong>tantum</strong></span> <span class='ocrx_word' id='word_1_90' title='bbox 2942 2178 2992 2366; x_wconf 88' lang='lat' dir='ltr'><strong>facinus</strong></span> <span class='ocrx_word' id='word_1_91' title='bbox 2925 2404 2985 2586; x_wconf 86' lang='lat' dir='ltr'><strong>patrari</strong></span> <span class='ocrx_word' id='word_1_92' title='bbox 2921 2622 2981 2861; x_wconf 87' lang='lat' dir='ltr'><strong>potuerit,</strong></span> <span class='ocrx_word' id='word_1_93' title='bbox 2932 2894 2965 3008; x_wconf 87' lang='lat' dir='ltr'><strong>con-</strong></span> 
     </span>
     <span class='ocr_line' id='line_1_14' title="bbox 2841 1329 2925 3007; textangle 270"><span class='ocrx_word' id='word_1_94' title='bbox 2876 1329 2925 1517; x_wconf 87' lang='lat' dir='ltr'><strong>iectura</strong></span> <span class='ocrx_word' id='word_1_95' title='bbox 2872 1551 2923 1792; x_wconf 86' lang='lat' dir='ltr'><strong>divinent:</strong></span> <span class='ocrx_word' id='word_1_96' title='bbox 2871 1830 2913 1878; x_wconf 89' lang='lat' dir='ltr'><strong>et</strong></span> <span class='ocrx_word' id='word_1_97' title='bbox 2867 1912 2910 2047; x_wconf 88' lang='lat' dir='ltr'><strong>recte</strong></span> <span class='ocrx_word' id='word_1_98' title='bbox 2866 2083 2913 2130; x_wconf 87' lang='lat' dir='ltr'><strong>in</strong></span> <span class='ocrx_word' id='word_1_99' title='bbox 2848 2166 2911 2434; x_wconf 82' lang='lat' dir='ltr'><strong>neminem,</strong></span> <span class='ocrx_word' id='word_1_100' title='bbox 2859 2472 2906 2566; x_wconf 83' lang='lat' dir='ltr'><strong>nisi</strong></span> <span class='ocrx_word' id='word_1_101' title='bbox 2841 2599 2905 2852; x_wconf 84' lang='lat' dir='ltr'><strong>Ulyssem,</strong></span> <span class='ocrx_word' id='word_1_102' title='bbox 2852 2886 2901 3007; x_wconf 91' lang='lat' dir='ltr'><strong>illud</strong></span> 
     </span>
     <span class='ocr_line' id='line_1_15' title="bbox 2757 1328 2843 3004; textangle 270"><span class='ocrx_word' id='word_1_103' title='bbox 2796 1328 2843 1591; x_wconf 84' lang='lat' dir='ltr'><strong>convenire</strong></span> <span class='ocrx_word' id='word_1_104' title='bbox 2775 1626 2842 1930; x_wconf 78' lang='lat' dir='ltr'><strong>intelligunt,</strong></span> <span class='ocrx_word' id='word_1_105' title='bbox 2784 1982 2833 2269; x_wconf 84' lang='lat' dir='ltr'><strong>memoriam</strong></span> <span class='ocrx_word' id='word_1_106' title='bbox 2766 2305 2824 2590; x_wconf 81' lang='lat' dir='ltr'><strong>repetentes</strong></span> <span class='ocrx_word' id='word_1_107' title='bbox 2775 2636 2825 2824; x_wconf 83' lang='lat' dir='ltr'><strong>fraudis</strong></span> <span class='ocrx_word' id='word_1_108' title='bbox 2757 2871 2820 3004; x_wconf 91' lang='lat' dir='ltr'><strong>prio-</strong></span> 
     </span>
     <span class='ocr_line' id='line_1_16' title="bbox 2687 1328 2764 3004; textangle 270"><span class='ocrx_word' id='word_1_109' title='bbox 2704 1328 2764 1423; x_wconf 85' lang='lat' dir='ltr'><strong>ris,</strong></span> <span class='ocrx_word' id='word_1_110' title='bbox 2700 1461 2748 1611; x_wconf 90' lang='lat' dir='ltr'><strong>quum</strong></span> <span class='ocrx_word' id='word_1_111' title='bbox 2699 1648 2760 1871; x_wconf 82' lang='lat' dir='ltr'><strong>squalore</strong></span> <span class='ocrx_word' id='word_1_112' title='bbox 2692 1908 2756 2238; x_wconf 81' lang='lat' dir='ltr'><strong>deformatus,</strong></span> <span class='ocrx_word' id='word_1_113' title='bbox 2687 2274 2748 2445; x_wconf 89' lang='lat' dir='ltr'><strong>pannis</strong></span> <span class='ocrx_word' id='word_1_114' title='bbox 2698 2483 2746 2658; x_wconf 86' lang='lat' dir='ltr'><strong>laceris</strong></span> <span class='ocrx_word' id='word_1_115' title='bbox 2694 2694 2742 2883; x_wconf 87' lang='lat' dir='ltr'><strong>obsitus</strong></span> <span class='ocrx_word' id='word_1_116' title='bbox 2693 2921 2725 3004; x_wconf 93' lang='lat' dir='ltr'><strong>oc-</strong></span> 
     </span>
     <span class='ocr_line' id='line_1_17' title="bbox 2604 1325 2685 3000; textangle 270"><span class='ocrx_word' id='word_1_117' title='bbox 2621 1325 2685 1610; x_wconf 88' lang='lat' dir='ltr'><strong>cultumque</strong></span> <span class='ocrx_word' id='word_1_118' title='bbox 2618 1651 2665 1827; x_wconf 83' lang='lat' dir='ltr'><strong>gerens</strong></span> <span class='ocrx_word' id='word_1_119' title='bbox 2613 1878 2678 2120; x_wconf 79' lang='lat' dir='ltr'><strong>gladium,</strong></span> <span class='ocrx_word' id='word_1_120' title='bbox 2608 2180 2671 2355; x_wconf 86' lang='lat' dir='ltr'><strong>stipem</strong></span> <span class='ocrx_word' id='word_1_121' title='bbox 2604 2405 2668 2655; x_wconf 82' lang='lat' dir='ltr'><strong>flagitans,</strong></span> <span class='ocrx_word' id='word_1_122' title='bbox 2613 2705 2662 3000; x_wconf 86' lang='lat' dir='ltr'><strong>maledicens</strong></span> 
     </span>
     <span class='ocr_line' id='line_1_18' title="bbox 2534 1322 2605 3003; textangle 270"><span class='ocrx_word' id='word_1_123' title='bbox 2544 1322 2605 1523; x_wconf 86' lang='lat' dir='ltr'><strong>Atridis,</strong></span> <span class='ocrx_word' id='word_1_124' title='bbox 2540 1561 2587 1651; x_wconf 88' lang='lat' dir='ltr'><strong>per</strong></span> <span class='ocrx_word' id='word_1_125' title='bbox 2549 1677 2603 2001; x_wconf 89' lang='lat' dir='ltr'><strong>Troianorum</strong></span> <span class='ocrx_word' id='word_1_126' title='bbox 2544 2038 2593 2282; x_wconf 82' lang='lat' dir='ltr'><strong>civitatem</strong></span> <span class='ocrx_word' id='word_1_127' title='bbox 2538 2319 2588 2607; x_wconf 88' lang='lat' dir='ltr'><strong>ambularet.</strong></span> <span class='ocrx_word' id='word_1_128' title='bbox 2534 2677 2585 3003; x_wconf 86' lang='lat' dir='ltr'><strong>Admirationi</strong></span> 
     </span>
     <span class='ocr_line' id='line_1_19' title="bbox 2442 1322 2525 3001; textangle 270"><span class='ocrx_word' id='word_1_129' title='bbox 2461 1322 2525 1602; x_wconf 80' lang='lat' dir='ltr'><strong>adiungitur</strong></span> <span class='ocrx_word' id='word_1_130' title='bbox 2473 1638 2522 1777; x_wconf 89' lang='lat' dir='ltr'><strong>dolor</strong></span> <span class='ocrx_word' id='word_1_131' title='bbox 2452 1813 2511 2099; x_wconf 78' lang='lat' dir='ltr'><strong>metusque,</strong></span> <span class='ocrx_word' id='word_1_132' title='bbox 2465 2153 2495 2214; x_wconf 91' lang='lat' dir='ltr'><strong>ne</strong></span> <span class='ocrx_word' id='word_1_133' title='bbox 2463 2263 2495 2348; x_wconf 84' lang='lat' dir='ltr'><strong>sna</strong></span> <span class='ocrx_word' id='word_1_134' title='bbox 2443 2397 2507 2536; x_wconf 89' lang='lat' dir='ltr'><strong>culpa</strong></span> <span class='ocrx_word' id='word_1_135' title='bbox 2442 2586 2501 2731; x_wconf 88' lang='lat' dir='ltr'><strong>atque</strong></span> <span class='ocrx_word' id='word_1_136' title='bbox 2453 2776 2501 3001; x_wconf 88' lang='lat' dir='ltr'><strong>socordia</strong></span> 
     </span>
     <span class='ocr_line' id='line_1_20' title="bbox 2366 1321 2446 2999; textangle 270"><span class='ocrx_word' id='word_1_137' title='bbox 2397 1321 2446 1507; x_wconf 88' lang='lat' dir='ltr'><strong>sactum</strong></span> <span class='ocrx_word' id='word_1_138' title='bbox 2385 1543 2427 1672; x_wconf 85' lang='lat' dir='ltr'><strong>esse,</strong></span> <span class='ocrx_word' id='word_1_139' title='bbox 2393 1708 2434 1760; x_wconf 88' lang='lat' dir='ltr'><strong>ut</strong></span> <span class='ocrx_word' id='word_1_140' title='bbox 2388 1795 2439 2009; x_wconf 87' lang='lat' dir='ltr'><strong>latrones</strong></span> <span class='ocrx_word' id='word_1_141' title='bbox 2387 2044 2433 2093; x_wconf 90' lang='lat' dir='ltr'><strong>in</strong></span> <span class='ocrx_word' id='word_1_142' title='bbox 2384 2130 2426 2285; x_wconf 85' lang='lat' dir='ltr'><strong>castra</strong></span> <span class='ocrx_word' id='word_1_143' title='bbox 2366 2320 2426 2640; x_wconf 75' lang='lat' dir='ltr'><strong>penetrarint,</strong></span> <span class='ocrx_word' id='word_1_144' title='bbox 2375 2676 2424 2867; x_wconf 88' lang='lat' dir='ltr'><strong>Hector</strong></span> <span class='ocrx_word' id='word_1_145' title='bbox 2373 2902 2420 2999; x_wconf 89' lang='lat' dir='ltr'><strong>cri-</strong></span> 
     </span>
     <span class='ocr_line' id='line_1_21' title="bbox 2285 1318 2364 2997; textangle 270"><span class='ocrx_word' id='word_1_146' title='bbox 2315 1318 2364 1590; x_wconf 88' lang='lat' dir='ltr'><strong>minaturus</strong></span> <span class='ocrx_word' id='word_1_147' title='bbox 2314 1628 2360 1707; x_wconf 84' lang='lat' dir='ltr'><strong>sit.</strong></span> <span class='ocrx_word' id='word_1_148' title='bbox 2309 1772 2359 1880; x_wconf 89' lang='lat' dir='ltr'><strong>Hoc</strong></span> <span class='ocrx_word' id='word_1_149' title='bbox 2305 1916 2353 2127; x_wconf 83' lang='lat' dir='ltr'><strong>carmine</strong></span> <span class='ocrx_word' id='word_1_150' title='bbox 2292 2164 2344 2373; x_wconf 80' lang='lat' dir='ltr'><strong>cantato,</strong></span> <span class='ocrx_word' id='word_1_151' title='bbox 2285 2410 2347 2575; x_wconf 82' lang='lat' dir='ltr'><strong>auriga</strong></span> <span class='ocrx_word' id='word_1_152' title='bbox 2297 2605 2345 2761; x_wconf 86' lang='lat' dir='ltr'><strong>Rhesi</strong></span> <span class='ocrx_word' id='word_1_153' title='bbox 2292 2802 2340 2997; x_wconf 86' lang='lat' dir='ltr'><strong>saucius</strong></span> 
     </span>
     <span class='ocr_line' id='line_1_22' title="bbox 2198 1317 2285 2992; textangle 270"><span class='ocrx_word' id='word_1_154' title='bbox 2235 1317 2285 1564; x_wconf 87' lang='lat' dir='ltr'><strong>flebilibus</strong></span> <span class='ocrx_word' id='word_1_155' title='bbox 2234 1602 2265 1711; x_wconf 90' lang='lat' dir='ltr'><strong>cnm</strong></span> <span class='ocrx_word' id='word_1_156' title='bbox 2228 1747 2278 1974; x_wconf 89' lang='lat' dir='ltr'><strong>lamentis</strong></span> <span class='ocrx_word' id='word_1_157' title='bbox 2227 2008 2273 2056; x_wconf 92' lang='lat' dir='ltr'><strong>in</strong></span> <span class='ocrx_word' id='word_1_158' title='bbox 2223 2094 2256 2286; x_wconf 87' lang='lat' dir='ltr'><strong>scenam</strong></span> <span class='ocrx_word' id='word_1_159' title='bbox 2206 2324 2268 2509; x_wconf 85' lang='lat' dir='ltr'><strong>prodit,</strong></span> <span class='ocrx_word' id='word_1_160' title='bbox 2215 2547 2266 2815; x_wconf 88' lang='lat' dir='ltr'><strong>Hectorem</strong></span> <span class='ocrx_word' id='word_1_161' title='bbox 2198 2844 2246 2992; x_wconf 89' lang='lat' dir='ltr'><strong>quae-</strong></span> 
     </span>
    </p>
   </div>
   <div class='ocr_carea' id='block_1_3' title="bbox 2066 1314 2201 2992">
    <p class='ocr_par' dir='ltr' id='par_1_3' title="bbox 2066 1314 2201 2992">
     <span class='ocr_line' id='line_1_23' title="bbox 2130 1316 2201 2992; textangle 270"><span class='ocrx_word' id='word_1_162' title='bbox 2142 1316 2190 1448; x_wconf 80' lang='lat' dir='ltr'><strong>renS,</strong></span> <span class='ocrx_word' id='word_1_163' title='bbox 2154 1485 2201 1562; x_wconf 92' lang='lat' dir='ltr'><strong>cui</strong></span> <span class='ocrx_word' id='word_1_164' title='bbox 2151 1595 2200 1788; x_wconf 88' lang='lat' dir='ltr'><strong>tristem</strong></span> <span class='ocrx_word' id='word_1_165' title='bbox 2130 1823 2190 2117; x_wconf 81' lang='lat' dir='ltr'><strong>turpemque</strong></span> <span class='ocrx_word' id='word_1_166' title='bbox 2142 2142 2192 2298; x_wconf 88' lang='lat' dir='ltr'><strong>Rhesi</strong></span> <span class='ocrx_word' id='word_1_167' title='bbox 2140 2333 2183 2384; x_wconf 90' lang='lat' dir='ltr'><strong>et</strong></span> <span class='ocrx_word' id='word_1_168' title='bbox 2134 2418 2185 2800; x_wconf 87' lang='lat' dir='ltr'><strong>commilitonum</strong></span> <span class='ocrx_word' id='word_1_169' title='bbox 2132 2838 2181 2992; x_wconf 87' lang='lat' dir='ltr'><strong>inter-</strong></span> 
     </span>
     <span class='ocr_line' id='line_1_24' title="bbox 2066 1314 2126 1908; textangle 270"><span class='ocrx_word' id='word_1_170' title='bbox 2076 1314 2126 1434; x_wconf 84' lang='lat' dir='ltr'><strong>itum</strong></span> <span class='ocrx_word' id='word_1_171' title='bbox 2070 1470 2120 1783; x_wconf 86' lang='lat' dir='ltr'><strong>nuntiaturus</strong></span> <span class='ocrx_word' id='word_1_172' title='bbox 2066 1822 2111 1908; x_wconf 88' lang='lat' dir='ltr'><strong>est.</strong></span> 
     </span>
    </p>
   </div>
   <div class='ocr_carea' id='block_1_4' title="bbox 2030 1429 2037 1657">
    <p class='ocr_par' dir='ltr' id='par_1_4' title="bbox 2030 1429 2037 1657">
     <span class='ocr_line' id='line_1_25' title="bbox 2030 1429 2037 1657; textangle 270"><span class='ocrx_word' id='word_1_173' title='bbox 2030 1429 2037 1657; x_wconf 95' lang='lat' dir='ltr'><strong> </strong></span> 
     </span>
    </p>
   </div>
   <div class='ocr_carea' id='block_1_5' title="bbox 1865 1379 2010 2990">
    <p class='ocr_par' dir='ltr' id='par_1_5' title="bbox 1865 1379 2010 2990">
     <span class='ocr_line' id='line_1_26' title="bbox 1934 1379 2010 2990; textangle 270"><span class='ocrx_word' id='word_1_174' title='bbox 1957 1379 2010 1420; x_wconf 84' lang='lat'><strong>*)</strong></span> <span class='ocrx_word' id='word_1_175' title='bbox 1966 1449 2009 1592; x_wconf 88' lang='lat' dir='ltr'><strong>Iidem</strong></span> <span class='ocrx_word' id='word_1_176' title='bbox 1951 1619 2005 1810; x_wconf 77' lang='lat' dir='ltr'><strong>milites,</strong></span> <span class='ocrx_word' id='word_1_177' title='bbox 1948 1842 2000 1919; x_wconf 87' lang='lat' dir='ltr'><strong>qui</strong></span> <span class='ocrx_word' id='word_1_178' title='bbox 1956 1948 1995 2077; x_wconf 84' lang='lat' dir='ltr'><strong>antea</strong></span> <span class='ocrx_word' id='word_1_179' title='bbox 1954 2106 1996 2233; x_wconf 87' lang='lat' dir='ltr'><strong>chori</strong></span> <span class='ocrx_word' id='word_1_180' title='bbox 1951 2262 1980 2444; x_wconf 88' lang='lat' dir='ltr'><strong>munere</strong></span> <span class='ocrx_word' id='word_1_181' title='bbox 1948 2473 1992 2613; x_wconf 89' lang='lat' dir='ltr'><strong>functi</strong></span> <span class='ocrx_word' id='word_1_182' title='bbox 1934 2639 1984 2763; x_wconf 82' lang='lat' dir='ltr'><strong>sunt,</strong></span> <span class='ocrx_word' id='word_1_183' title='bbox 1944 2804 1986 2850; x_wconf 88' lang='lat' dir='ltr'><strong>in</strong></span> <span class='ocrx_word' id='word_1_184' title='bbox 1943 2892 1971 2990; x_wconf 87' lang='lat' dir='ltr'><strong>scc-</strong></span> 
     </span>
     <span class='ocr_line' id='line_1_27' title="bbox 1865 1451 1933 2990; textangle 270"><span class='ocrx_word' id='word_1_185' title='bbox 1895 1451 1924 1555; x_wconf 89' lang='lat' dir='ltr'><strong>nam</strong></span> <span class='ocrx_word' id='word_1_186' title='bbox 1891 1593 1933 1804; x_wconf 87' lang='lat' dir='ltr'><strong>redeunt:</strong></span> <span class='ocrx_word' id='word_1_187' title='bbox 1888 1845 1916 1950; x_wconf 86' lang='lat' dir='ltr'><strong>nam</strong></span> <span class='ocrx_word' id='word_1_188' title='bbox 1872 1989 1927 2153; x_wconf 70' lang='lat' dir='ltr'><strong>Lycios</strong></span> <span class='ocrx_word' id='word_1_189' title='bbox 1884 2194 1923 2250; x_wconf 87' lang='lat' dir='ltr'><strong>ad</strong></span> <span class='ocrx_word' id='word_1_190' title='bbox 1881 2290 1922 2414; x_wconf 82' lang='lat' dir='ltr'><strong>vices</strong></span> <span class='ocrx_word' id='word_1_191' title='bbox 1865 2448 1921 2711; x_wconf 84' lang='lat' dir='ltr'><strong>vigiliarum</strong></span> <span class='ocrx_word' id='word_1_192' title='bbox 1873 2749 1913 2990; x_wconf 85' lang='lat' dir='ltr'><strong>servandas</strong></span> 
     </span>
    </p>
   </div>
   <div class='ocr_carea' id='block_1_6' title="bbox 1737 1448 1866 2987">
    <p class='ocr_par' dir='ltr' id='par_1_6' title="bbox 1737 1448 1866 2987">
     <span class='ocr_line' id='line_1_28' title="bbox 1789 1448 1866 2987; textangle 270"><span class='ocrx_word' id='word_1_193' title='bbox 1823 1448 1866 1642; x_wconf 82' lang='lat' dir='ltr'><strong>excitare</strong></span> <span class='ocrx_word' id='word_1_194' title='bbox 1807 1661 1860 1873; x_wconf 82' lang='lat' dir='ltr'><strong>volentes,</strong></span> <span class='ocrx_word' id='word_1_195' title='bbox 1803 1903 1857 2162; x_wconf 77' lang='lat' dir='ltr'><strong>latronibus,</strong></span> <span class='ocrx_word' id='word_1_196' title='bbox 1801 2186 1854 2320; x_wconf 87' lang='lat' dir='ltr'><strong>quiin</strong></span> <span class='ocrx_word' id='word_1_197' title='bbox 1810 2340 1847 2483; x_wconf 88' lang='lat' dir='ltr'><strong>castra</strong></span> <span class='ocrx_word' id='word_1_198' title='bbox 1792 2504 1846 2806; x_wconf 79' lang='lat' dir='ltr'><strong>penetrabant,</strong></span> <span class='ocrx_word' id='word_1_199' title='bbox 1789 2832 1842 2987; x_wconf 86' lang='lat' dir='ltr'><strong>procul</strong></span> 
     </span>
     <span class='ocr_line' id='line_1_29' title="bbox 1737 1448 1793 2103; textangle 270"><span class='ocrx_word' id='word_1_200' title='bbox 1741 1448 1793 1716; x_wconf 86' lang='lat' dir='ltr'><strong>conspectis,</strong></span> <span class='ocrx_word' id='word_1_201' title='bbox 1737 1747 1788 1964; x_wconf 86' lang='lat' dir='ltr'><strong>prohibiti</strong></span> <span class='ocrx_word' id='word_1_202' title='bbox 1744 1991 1782 2103; x_wconf 86' lang='lat' dir='ltr'><strong>sunt.</strong></span> 
     </span>
    </p>
   </div>
   <div class='ocr_carea' id='block_1_7' title="bbox 1643 1349 1729 2384">
    <p class='ocr_par' dir='ltr' id='par_1_7' title="bbox 1643 1349 1729 2384">
     <span class='ocr_line' id='line_1_30' title="bbox 1669 1349 1729 2384; textangle 270"><span class='ocrx_word' id='word_1_203' title='bbox 1675 1349 1729 1413; x_wconf 72' lang='grc'><strong>“)</strong></span> <span class='ocrx_word' id='word_1_204' title='bbox 1681 1443 1726 1737; x_wconf 89' lang='lat' dir='ltr'><strong>Scribendum</strong></span> <span class='ocrx_word' id='word_1_205' title='bbox 1679 1768 1715 1834; x_wconf 88' lang='lat' dir='ltr'><strong>est</strong></span> <span class='ocrx_word' id='word_1_206' title='bbox 1674 1862 1718 2092; x_wconf 83' lang='lat' dir='ltr'><strong>levissima</strong></span> <span class='ocrx_word' id='word_1_207' title='bbox 1669 2120 1712 2384; x_wconf 88' lang='lat' dir='ltr'><strong>mutatione:</strong></span> 
     </span>
     <span class='ocr_line' id='line_1_31' title="bbox 1643 1544 1662 1559; textangle 270"><span class='ocrx_word' id='word_1_208' title='bbox 1643 1544 1662 1559; x_wconf 63' lang='grc' dir='ltr'><strong>’ἲ</strong></span> 
     </span>
    </p>
   </div>
   <div class='ocr_carea' id='block_1_8' title="bbox 740 1432 1654 2979">
    <p class='ocr_par' dir='ltr' id='par_1_8' title="bbox 1590 1526 1654 2921">
     <span class='ocr_line' id='line_1_32' title="bbox 1590 1526 1654 2921; textangle 270"><span class='ocrx_word' id='word_1_209' title='bbox 1601 1526 1639 1554; x_wconf 84' lang='grc' dir='ltr'>η</span> <span class='ocrx_word' id='word_1_210' title='bbox 1610 1590 1654 1643; x_wconf 82' lang='grc' dir='ltr'><strong><em>σύ</em></strong></span> <span class='ocrx_word' id='word_1_211' title='bbox 1596 1678 1653 1735; x_wconf 80' lang='grc' dir='ltr'><strong>δὴ</strong></span> <span class='ocrx_word' id='word_1_212' title='bbox 1593 1766 1652 1924; x_wconf 77' lang='grc' dir='ltr'><em>Ῥῆσον</em></span> <span class='ocrx_word' id='word_1_213' title='bbox 1591 1954 1645 2198; x_wconf 79' lang='grc' dir='ltr'><em>κατέκτας;</em></span> <span class='ocrx_word' id='word_1_214' title='bbox 1598 2231 1644 2344; x_wconf 64' lang='grc' dir='ltr'><strong>ἁλλὰ</strong></span> <span class='ocrx_word' id='word_1_215' title='bbox 1596 2374 1641 2456; x_wconf 87' lang='grc' dir='ltr'><strong>τὸν</strong></span> <span class='ocrx_word' id='word_1_216' title='bbox 1593 2484 1637 2732; x_wconf 74' lang='grc' dir='ltr'><em>κτενοῦντά</em></span> <span class='ocrx_word' id='word_1_217' title='bbox 1592 2765 1633 2803; x_wconf 80' lang='grc' dir='ltr'><strong>σ’</strong></span> <span class='ocrx_word' id='word_1_218' title='bbox 1590 2834 1635 2921; x_wconf 74' lang='lat'><em>01&#39;1&#39;!</em></span> 
     </span>
    </p>

    <p class='ocr_par' dir='ltr' id='par_1_9' title="bbox 740 1432 1579 2979">
     <span class='ocr_line' id='line_1_33' title="bbox 1518 1444 1579 2979; textangle 270"><span class='ocrx_word' id='word_1_219' title='bbox 1542 1444 1579 1600; x_wconf 87' lang='lat' dir='ltr'><strong>certe</strong></span> <span class='ocrx_word' id='word_1_220' title='bbox 1539 1653 1577 1708; x_wconf 91' lang='lat' dir='ltr'><strong>tu</strong></span> <span class='ocrx_word' id='word_1_221' title='bbox 1525 1751 1577 1976; x_wconf 87' lang='lat' dir='ltr'><strong>quidem</strong></span> <span class='ocrx_word' id='word_1_222' title='bbox 1531 2026 1573 2138; x_wconf 86' lang='lat' dir='ltr'><strong>iam</strong></span> <span class='ocrx_word' id='word_1_223' title='bbox 1526 2179 1572 2435; x_wconf 87' lang='lat' dir='ltr'><strong>Rhesum</strong></span> <span class='ocrx_word' id='word_1_224' title='bbox 1522 2479 1568 2880; x_wconf 73' lang='lat' dir='ltr'><strong>interfecisti?</strong></span> <span class='ocrx_word' id='word_1_225' title='bbox 1518 2926 1556 2979; x_wconf 82' lang='lat' dir='ltr'><strong>at</strong></span> 
     </span>
     <span class='ocr_line' id='line_1_34' title="bbox 1439 1438 1511 2979; textangle 270"><span class='ocrx_word' id='word_1_226' title='bbox 1472 1438 1499 1542; x_wconf 90' lang='lat' dir='ltr'><strong>non</strong></span> <span class='ocrx_word' id='word_1_227' title='bbox 1465 1583 1511 1916; x_wconf 84' lang='lat' dir='ltr'><strong>interficies</strong></span> <span class='ocrx_word' id='word_1_228' title='bbox 1450 1957 1489 2103; x_wconf 85' lang='lat' dir='ltr'><strong>eum,</strong></span> <span class='ocrx_word' id='word_1_229' title='bbox 1447 2154 1499 2250; x_wconf 89' lang='lat' dir='ltr'><strong>qui</strong></span> <span class='ocrx_word' id='word_1_230' title='bbox 1458 2301 1495 2352; x_wconf 88' lang='lat' dir='ltr'><strong>te</strong></span> <span class='ocrx_word' id='word_1_231' title='bbox 1453 2400 1497 2830; x_wconf 84' lang='lat' dir='ltr'><strong>interfecturus</strong></span> <span class='ocrx_word' id='word_1_232' title='bbox 1439 2871 1487 2979; x_wconf 85' lang='lat' dir='ltr'><strong>est,</strong></span> 
     </span>
     <span class='ocr_line' id='line_1_35' title="bbox 1370 1441 1443 2978; textangle 270"><span class='ocrx_word' id='word_1_233' title='bbox 1401 1441 1443 1472; x_wconf 88' lang='lat' dir='ltr'><strong>i.</strong></span> <span class='ocrx_word' id='word_1_234' title='bbox 1398 1503 1427 1540; x_wconf 87' lang='grc'><strong>6.</strong></span> <span class='ocrx_word' id='word_1_235' title='bbox 1398 1579 1436 1625; x_wconf 81' lang='lat' dir='ltr'><strong>at</strong></span> <span class='ocrx_word' id='word_1_236' title='bbox 1397 1664 1424 1736; x_wconf 89' lang='lat' dir='ltr'><strong>me</strong></span> <span class='ocrx_word' id='word_1_237' title='bbox 1393 1779 1437 2030; x_wconf 86' lang='lat' dir='ltr'><strong>interficere</strong></span> <span class='ocrx_word' id='word_1_238' title='bbox 1390 2070 1417 2154; x_wconf 91' lang='lat' dir='ltr'><strong>non</strong></span> <span class='ocrx_word' id='word_1_239' title='bbox 1376 2191 1427 2380; x_wconf 85' lang='lat' dir='ltr'><strong>poteris,</strong></span> <span class='ocrx_word' id='word_1_240' title='bbox 1385 2421 1427 2548; x_wconf 89' lang='lat' dir='ltr'><strong>citius</strong></span> <span class='ocrx_word' id='word_1_241' title='bbox 1384 2579 1424 2692; x_wconf 89' lang='lat' dir='ltr'><strong>enim</strong></span> <span class='ocrx_word' id='word_1_242' title='bbox 1370 2724 1423 2819; x_wconf 88' lang='lat' dir='ltr'><strong>ipse</strong></span> <span class='ocrx_word' id='word_1_243' title='bbox 1380 2851 1407 2877; x_wconf 89' lang='lat' dir='ltr'><strong>a</strong></span> <span class='ocrx_word' id='word_1_244' title='bbox 1378 2905 1406 2978; x_wconf 85' lang='lat' dir='ltr'><strong>me</strong></span> 
     </span>
     <span class='ocr_line' id='line_1_36' title="bbox 1295 1438 1373 2979; textangle 270"><span class='ocrx_word' id='word_1_245' title='bbox 1328 1438 1373 1693; x_wconf 85' lang='lat' dir='ltr'><strong>interfectus</strong></span> <span class='ocrx_word' id='word_1_246' title='bbox 1322 1717 1366 1820; x_wconf 76' lang='lat' dir='ltr'><strong>eris,</strong></span> <span class='ocrx_word' id='word_1_247' title='bbox 1322 1862 1364 2033; x_wconf 88' lang='lat' dir='ltr'><strong>Deinde</strong></span> <span class='ocrx_word' id='word_1_248' title='bbox 1308 2063 1347 2166; x_wconf 88' lang='lat' dir='ltr'><strong>pars</strong></span> <span class='ocrx_word' id='word_1_249' title='bbox 1317 2197 1357 2338; x_wconf 89' lang='lat' dir='ltr'><strong>altera</strong></span> <span class='ocrx_word' id='word_1_250' title='bbox 1316 2370 1356 2494; x_wconf 89' lang='lat' dir='ltr'><strong>chori</strong></span> <span class='ocrx_word' id='word_1_251' title='bbox 1314 2523 1356 2613; x_wconf 85' lang='lat' dir='ltr'><strong>iam</strong></span> <span class='ocrx_word' id='word_1_252' title='bbox 1300 2644 1353 2830; x_wconf 84' lang='lat' dir='ltr'><strong>quiescit</strong></span> <span class='ocrx_word' id='word_1_253' title='bbox 1295 2860 1349 2979; x_wconf 83' lang='grc' dir='ltr'><em>(ἴσχε</em></span> 
     </span>
     <span class='ocr_line' id='line_1_37' title="bbox 1230 1436 1301 2976; textangle 270"><span class='ocrx_word' id='word_1_254' title='bbox 1252 1436 1301 1530; x_wconf 75' lang='grc' dir='ltr'><strong>πᾶς</strong></span> <span class='ocrx_word' id='word_1_255' title='bbox 1245 1558 1299 1661; x_wconf 82' lang='grc' dir='ltr'>τις),</span> <span class='ocrx_word' id='word_1_256' title='bbox 1256 1692 1295 1769; x_wconf 83' lang='lat' dir='ltr'><strong>sed</strong></span> <span class='ocrx_word' id='word_1_257' title='bbox 1252 1799 1293 1942; x_wconf 84' lang='lat' dir='ltr'><strong>altera</strong></span> <span class='ocrx_word' id='word_1_258' title='bbox 1238 1971 1277 2108; x_wconf 87' lang='lat' dir='ltr'><strong>usque</strong></span> <span class='ocrx_word' id='word_1_259' title='bbox 1247 2139 1289 2269; x_wconf 86' lang='lat' dir='ltr'><strong>instat</strong></span> <span class='ocrx_word' id='word_1_260' title='bbox 1234 2299 1289 2377; x_wconf 85' lang='grc' dir='ltr'>(ου’</span> <span class='ocrx_word' id='word_1_261' title='bbox 1233 2405 1287 2486; x_wconf 73' lang='grc' dir='ltr'><strong>μὲν</strong></span> <span class='ocrx_word' id='word_1_262' title='bbox 1230 2516 1292 2638; x_wconf 68' lang='grc' dir='ltr'><strong>οὖν).</strong></span> <span class='ocrx_word' id='word_1_263' title='bbox 1240 2682 1282 2847; x_wconf 88' lang='lat' dir='ltr'><strong>Miram</strong></span> <span class='ocrx_word' id='word_1_264' title='bbox 1237 2880 1265 2976; x_wconf 87' lang='lat' dir='ltr'><strong>rem</strong></span> 
     </span>
     <span class='ocr_line' id='line_1_38' title="bbox 1158 1438 1231 2975; textangle 270"><span class='ocrx_word' id='word_1_265' title='bbox 1188 1438 1231 1625; x_wconf 86' lang='lat' dir='ltr'><strong>Vaterus</strong></span> <span class='ocrx_word' id='word_1_266' title='bbox 1174 1654 1220 1892; x_wconf 83' lang='lat' dir='ltr'><strong>praeeunte</strong></span> <span class='ocrx_word' id='word_1_267' title='bbox 1165 1921 1221 2184; x_wconf 83' lang='lat' dir='ltr'><strong>Musgravio</strong></span> <span class='ocrx_word' id='word_1_268' title='bbox 1161 2217 1216 2510; x_wconf 82' lang='lat' dir='ltr'><strong>excogitavit,</strong></span> <span class='ocrx_word' id='word_1_269' title='bbox 1158 2541 1214 2748; x_wconf 82' lang='lat' dir='ltr'><strong>Ulyssem</strong></span> <span class='ocrx_word' id='word_1_270' title='bbox 1169 2778 1196 2824; x_wconf 89' lang='lat' dir='ltr'><strong>se</strong></span> <span class='ocrx_word' id='word_1_271' title='bbox 1167 2848 1209 2975; x_wconf 87' lang='lat' dir='ltr'><strong>Rhe-</strong></span> 
     </span>
     <span class='ocr_line' id='line_1_39' title="bbox 1097 1435 1156 2974; textangle 270"><span class='ocrx_word' id='word_1_272' title='bbox 1118 1435 1146 1535; x_wconf 91' lang='lat' dir='ltr'><strong>sum</strong></span> <span class='ocrx_word' id='word_1_273' title='bbox 1116 1572 1143 1669; x_wconf 86' lang='lat' dir='ltr'><strong>essc</strong></span> <span class='ocrx_word' id='word_1_274' title='bbox 1110 1702 1156 1982; x_wconf 85' lang='lat' dir='ltr'><strong>simulantem</strong></span> <span class='ocrx_word' id='word_1_275' title='bbox 1107 2026 1149 2209; x_wconf 83' lang='lat' dir='ltr'><strong>dixisse:</strong></span> <span class='ocrx_word' id='word_1_276' title='bbox 1104 2257 1133 2393; x_wconf 81' lang='lat' dir='ltr'><strong>cave</strong></span> <span class='ocrx_word' id='word_1_277' title='bbox 1100 2433 1145 2683; x_wconf 84' lang='lat' dir='ltr'><strong>Rhesum</strong></span> <span class='ocrx_word' id='word_1_278' title='bbox 1097 2724 1141 2974; x_wconf 88' lang='lat' dir='ltr'><strong>interfe-</strong></span> 
     </span>
     <span class='ocr_line' id='line_1_40' title="bbox 1023 1434 1089 2971; textangle 270"><span class='ocrx_word' id='word_1_279' title='bbox 1048 1434 1089 1595; x_wconf 88' lang='lat' dir='ltr'><strong>ceris</strong></span> <span class='ocrx_word' id='word_1_280' title='bbox 1026 1626 1087 1938; x_wconf 69' lang='grc' dir='ltr'><strong>(κατέκταςὶ),</strong></span> <span class='ocrx_word' id='word_1_281' title='bbox 1038 1973 1075 2015; x_wconf 92' lang='lat' dir='ltr'><strong>ct</strong></span> <span class='ocrx_word' id='word_1_282' title='bbox 1023 2044 1077 2321; x_wconf 84' lang='lat' dir='ltr'><strong>respondisse</strong></span> <span class='ocrx_word' id='word_1_283' title='bbox 1032 2343 1075 2585; x_wconf 85' lang='lat' dir='ltr'><strong>Troianos:</strong></span> <span class='ocrx_word' id='word_1_284' title='bbox 1026 2616 1071 2971; x_wconf 84' lang='lat' dir='ltr'><strong>interfectu—</strong></span> 
     </span>
     <span class='ocr_line' id='line_1_41' title="bbox 946 1432 1017 2970; textangle 270"><span class='ocrx_word' id='word_1_285' title='bbox 977 1432 1006 1527; x_wconf 85' lang='lat' dir='ltr'><strong>rus</strong></span> <span class='ocrx_word' id='word_1_286' title='bbox 962 1558 1017 1785; x_wconf 83' lang='lat' dir='ltr'><strong>quidem</strong></span> <span class='ocrx_word' id='word_1_287' title='bbox 970 1814 1008 1868; x_wconf 86' lang='lat' dir='ltr'><strong>te</strong></span> <span class='ocrx_word' id='word_1_288' title='bbox 957 1900 996 2039; x_wconf 85' lang='lat' dir='ltr'><strong>sum,</strong></span> <span class='ocrx_word' id='word_1_289' title='bbox 965 2080 1004 2176; x_wconf 86' lang='lat' dir='ltr'><strong>sed</strong></span> <span class='ocrx_word' id='word_1_290' title='bbox 953 2206 1005 2551; x_wconf 88' lang='lat' dir='ltr'><strong>occisurum,</strong></span> <span class='ocrx_word' id='word_1_291' title='bbox 947 2594 999 2710; x_wconf 86' lang='lat' dir='ltr'><strong>quod</strong></span> <span class='ocrx_word' id='word_1_292' title='bbox 946 2740 997 2869; x_wconf 86' lang='lat' dir='ltr'><strong>quale</strong></span> <span class='ocrx_word' id='word_1_293' title='bbox 947 2898 998 2970; x_wconf 77' lang='lat' dir='ltr'><strong>sit,</strong></span> 
     </span>
     <span class='ocr_line' id='line_1_42' title="bbox 877 1435 942 2970; textangle 270"><span class='ocrx_word' id='word_1_294' title='bbox 907 1435 935 1508; x_wconf 88' lang='lat' dir='ltr'><strong>me</strong></span> <span class='ocrx_word' id='word_1_295' title='bbox 906 1538 933 1624; x_wconf 90' lang='lat' dir='ltr'><strong>non</strong></span> <span class='ocrx_word' id='word_1_296' title='bbox 888 1654 942 1831; x_wconf 81' lang='lat' dir='ltr'><strong>assequi</strong></span> <span class='ocrx_word' id='word_1_297' title='bbox 896 1858 940 2017; x_wconf 84' lang='lat' dir='ltr'><strong>fateor.</strong></span> <span class='ocrx_word' id='word_1_298' title='bbox 894 2068 937 2165; x_wconf 88' lang='lat' dir='ltr'><strong>Non</strong></span> <span class='ocrx_word' id='word_1_299' title='bbox 881 2190 935 2331; x_wconf 87' lang='lat' dir='ltr'><strong>potuit</strong></span> <span class='ocrx_word' id='word_1_300' title='bbox 893 2358 921 2403; x_wconf 88' lang='lat' dir='ltr'><strong>sc</strong></span> <span class='ocrx_word' id='word_1_301' title='bbox 877 2434 932 2617; x_wconf 74' lang='lat' dir='ltr'><strong>Ulysses</strong></span> <span class='ocrx_word' id='word_1_302' title='bbox 888 2641 929 2842; x_wconf 87' lang='lat' dir='ltr'><strong>Rhesum</strong></span> <span class='ocrx_word' id='word_1_303' title='bbox 885 2874 914 2970; x_wconf 86' lang='lat' dir='ltr'><strong>esse</strong></span> 
     </span>
     <span class='ocr_line' id='line_1_43' title="bbox 804 1437 879 2968; textangle 270"><span class='ocrx_word' id='word_1_304' title='bbox 822 1437 879 1632; x_wconf 84' lang='lat' dir='ltr'><strong>fingere,</strong></span> <span class='ocrx_word' id='word_1_305' title='bbox 820 1660 873 1762; x_wconf 88' lang='lat' dir='ltr'><strong>quin</strong></span> <span class='ocrx_word' id='word_1_306' title='bbox 827 1792 869 1940; x_wconf 83' lang='lat' dir='ltr'><strong>statim</strong></span> <span class='ocrx_word' id='word_1_307' title='bbox 825 1967 869 2139; x_wconf 87' lang='lat' dir='ltr'><strong>fraudis</strong></span> <span class='ocrx_word' id='word_1_308' title='bbox 820 2166 864 2499; x_wconf 86' lang='lat' dir='ltr'><strong>convinceretur</strong></span> <span class='ocrx_word' id='word_1_309' title='bbox 819 2529 859 2584; x_wconf 87' lang='lat' dir='ltr'><strong>ab</strong></span> <span class='ocrx_word' id='word_1_310' title='bbox 808 2615 860 2685; x_wconf 86' lang='lat' dir='ltr'><strong>iis,</strong></span> <span class='ocrx_word' id='word_1_311' title='bbox 804 2715 859 2791; x_wconf 88' lang='lat' dir='ltr'><strong>qui</strong></span> <span class='ocrx_word' id='word_1_312' title='bbox 804 2817 855 2968; x_wconf 81' lang='lat' dir='ltr'><strong>paullo</strong></span> 
     </span>
     <span class='ocr_line' id='line_1_44' title="bbox 740 1436 806 2881; textangle 270"><span class='ocrx_word' id='word_1_313' title='bbox 764 1436 804 1535; x_wconf 86' lang='lat' dir='ltr'><strong>ante</strong></span> <span class='ocrx_word' id='word_1_314' title='bbox 757 1565 806 1770; x_wconf 88' lang='lat' dir='ltr'><strong>Rhesum</strong></span> <span class='ocrx_word' id='word_1_315' title='bbox 742 1798 799 1945; x_wconf 84' lang='lat' dir='ltr'><strong>ipsum</strong></span> <span class='ocrx_word' id='word_1_316' title='bbox 740 1974 790 2257; x_wconf 85' lang='lat' dir='ltr'><strong>praesentem</strong></span> <span class='ocrx_word' id='word_1_317' title='bbox 749 2285 793 2423; x_wconf 89' lang='lat' dir='ltr'><strong>oculis</strong></span> <span class='ocrx_word' id='word_1_318' title='bbox 747 2452 791 2541; x_wconf 87' lang='lat' dir='ltr'><strong>suis</strong></span> <span class='ocrx_word' id='word_1_319' title='bbox 744 2568 789 2714; x_wconf 83' lang='lat' dir='ltr'><strong>intuiti</strong></span> <span class='ocrx_word' id='word_1_320' title='bbox 744 2743 783 2881; x_wconf 84' lang='lat' dir='ltr'><strong>erant.</strong></span> 
     </span>
    </p>
   </div>
   <div class='ocr_carea' id='block_1_9' title="bbox 0 1330 0 2000">
    <p class='ocr_par' dir='ltr' id='par_1_10' title="bbox 0 1330 0 2000">
     <span class='ocr_line' id='line_1_45' title="bbox 0 1330 0 2000; textangle 270"><span class='ocrx_word' id='word_1_321' title='bbox 0 1330 0 2000; x_wconf 95' lang='lat' dir='ltr'><strong> </strong></span> 
     </span>
    </p>
   </div>
   <div class='ocr_carea' id='block_1_10' title="bbox 0 2569 0 3336">
    <p class='ocr_par' dir='ltr' id='par_1_11' title="bbox 0 2569 0 3336">
     <span class='ocr_line' id='line_1_46' title="bbox 0 2569 0 3336; textangle 270"><span class='ocrx_word' id='word_1_322' title='bbox 0 2569 0 3336; x_wconf 95' lang='lat' dir='ltr'><strong>  </strong></span> 
     </span>
    </p>
   </div>
   <div class='ocr_carea' id='block_1_11' title="bbox 0 0 0 2629">
    <p class='ocr_par' dir='ltr' id='par_1_12' title="bbox 0 0 0 2629">
     <span class='ocr_line' id='line_1_47' title="bbox 0 0 0 2629; textangle 270"><span class='ocrx_word' id='word_1_323' title='bbox 0 0 0 2629; x_wconf 95' lang='lat' dir='ltr'><strong>                                              </strong></span> 
     </span>
    </p>
   </div>
   <div class='ocr_carea' id='block_1_12' title="bbox 3067 3189 3182 3203">
    <p class='ocr_par' dir='ltr' id='par_1_13' title="bbox 3067 3189 3182 3203">
     <span class='ocr_line' id='line_1_48' title="bbox 3067 3189 3182 3203; baseline 0.017 -2"><span class='ocrx_word' id='word_1_324' title='bbox 3067 3194 3098 3201; x_wconf 62' lang='lat'><strong>0-—</strong></span> <span class='ocrx_word' id='word_1_325' title='bbox 3142 3201 3145 3203; x_wconf 74' lang='grc'>,</span> <span class='ocrx_word' id='word_1_326' title='bbox 3176 3189 3182 3191; x_wconf 62' lang='grc'><strong>“</strong></span> 
     </span>
    </p>
   </div>
   <div class='ocr_carea' id='block_1_13' title="bbox 2863 3193 2949 3203">
    <p class='ocr_par' dir='ltr' id='par_1_14' title="bbox 2863 3193 2949 3203">
     <span class='ocr_line' id='line_1_49' title="bbox 2863 3193 2949 3203; baseline 0.012 -5"><span class='ocrx_word' id='word_1_327' title='bbox 2863 3193 2949 3203; x_wconf 43' lang='grc' dir='ltr'><strong>ᾳν-</strong></span> 
     </span>
    </p>
   </div>
   <div class='ocr_carea' id='block_1_14' title="bbox 2306 3332 3831 3336">
    <p class='ocr_par' dir='ltr' id='par_1_15' title="bbox 2306 3332 3831 3336">
     <span class='ocr_line' id='line_1_50' title="bbox 2306 3332 3831 3336; textangle 270"><span class='ocrx_word' id='word_1_328' title='bbox 2306 3332 3831 3336; x_wconf 95' lang='lat' dir='ltr'><strong> </strong></span> 
     </span>
    </p>
   </div>
   <div class='ocr_carea' id='block_1_15' title="bbox 1211 3180 1266 3191">
    <p class='ocr_par' dir='ltr' id='par_1_16' title="bbox 1211 3180 1266 3191">
     <span class='ocr_line' id='line_1_51' title="bbox 1239 3180 1266 3191; textangle 270"><span class='ocrx_word' id='word_1_329' title='bbox 1239 3180 1266 3191; x_wconf 67' lang='lat' dir='ltr'><strong>[l</strong></span> 
     </span>
     <span class='ocr_line' id='line_1_52' title="bbox 1211 3183 1233 3191; textangle 270"><span class='ocrx_word' id='word_1_330' title='bbox 1211 3183 1233 3191; x_wconf 55' lang='grc' dir='ltr'><strong>Ε</strong></span> 
     </span>
    </p>
   </div>
   <div class='ocr_carea' id='block_1_16' title="bbox 911 3177 1023 3185">
    <p class='ocr_par' dir='ltr' id='par_1_17' title="bbox 911 3177 1023 3185">
     <span class='ocr_line' id='line_1_53' title="bbox 911 3177 1023 3185; baseline 0.027 -3"><span class='ocrx_word' id='word_1_331' title='bbox 911 3177 1023 3185; x_wconf 76' lang='grc'><strong><em>.-.-.-</em></strong></span> 
     </span>
    </p>
   </div>
   <div class='ocr_carea' id='block_1_17' title="bbox 746 3332 2097 3336">
    <p class='ocr_par' dir='ltr' id='par_1_18' title="bbox 746 3332 2097 3336">
     <span class='ocr_line' id='line_1_54' title="bbox 746 3332 2097 3336; textangle 270"><span class='ocrx_word' id='word_1_332' title='bbox 746 3332 2097 3336; x_wconf 95' lang='lat' dir='ltr'><strong> </strong></span> 
     </span>
    </p>
   </div>
  </div>
 </body>
</html>
