5010 3336
2876 3220 2920 3311 hiems.

2968 3220 3003 3322 ''ssias-

3038 3291 3081 3318 ἔτ
3037 3220 3077 3269 iam

1130 2120 1187 2237 451

1284 2822 1349 3008 (Thuc.
1283 2718 1344 2787 ll,
1284 2592 1330 2670 84.
1278 2415 1330 2555 Diod.
1278 2270 1327 2369 Sic.
1276 2111 1336 2235 X11,
1274 1973 1337 2077 48.)
1273 1720 1337 1922 Delphis
1272 1347 1323 1674 Athenienses

1364 2691 1413 3006 aedificarant
1377 2597 1408 2655 ex
1358 2381 1423 2563 praeda
1363 2200 1418 2345 atque
1360 1878 1402 2165 ornaverant
1351 1678 1414 1842 (Faus.
1352 1588 1412 1649 X,
1355 1474 1412 1550 11,
1355 1350 1417 1439 5.).

1443 2828 1491 3009 Utrum
1441 2600 1488 2782 Rhium
1439 2458 1496 2548 sit,
1435 2282 1483 2398 nihil
1436 2007 1491 2237 interest;
1432 1619 1494 1946 Molycricum
1433 1344 1497 1571 intelligit

1519 2727 1569 3006 Dodwellus
1518 2509 1567 2678 Annal.
1513 2237 1574 2461 Thucyd.
1529 2139 1575 2186 p.
1516 1993 1560 2102 657.
1512 1778 1571 1919 Quod
1512 1686 1557 1726 si
1527 1473 1559 1639 verum
1518 1345 1573 1437 est,

1600 2922 1647 3005 lon
1604 2782 1646 2887 acta
1597 2651 1646 2745 erit
1613 2522 1644 2619 non
1594 2282 1642 2488 multum
1595 2135 1653 2246 post
1590 2024 1639 2101 Ol.
1592 1824 1650 1988 87,4.,
1595 1740 1637 1788 et
1590 1610 1637 1706 hoc
1608 1482 1639 1576 non
1592 1345 1639 1445 dis-

1678 2850 1725 3006 simile
1678 2697 1735 2815 veri,
1675 2378 1739 2662 praesertim
1685 2199 1731 2341 quum
1685 2120 1716 2163 v.
1671 1950 1716 2089 1592.
1673 1719 1731 1915 praeter
1671 1345 1718 1684 necessitatem

1756 2622 1820 3006 promontorium
1754 2419 1800 2595 Rhium
1754 1954 1796 2383 commemoratum
1748 1838 1804 1918 sit,
1748 1622 1810 1802 quippe
1754 1533 1795 1587 ut
1749 1343 1797 1510 fausto

1841 2772 1897 3006 gratoque
1834 2562 1880 2753 nomine
1829 2225 1879 2547 Athenienses
1828 1819 1874 2199 delectarentur.
1826 1489 1874 1749 Praeterea
1829 1343 1876 1465 ima-

1914 2872 1975 3008 gines
1916 2711 1959 2822 sunt
1916 2538 1958 2667 totae
1908 2298 1956 2494 Atticae
1907 2000 1969 2263 Atticoque
1905 1755 1953 1955 donario
1906 1503 1953 1712 maxime
1923 1344 1955 1458 con-

1992 2781 2051 3006 veniunt,
1991 2643 2038 2744 sive
2005 2523 2036 2606 eas
1988 2439 2034 2489 in
1986 2243 2034 2404 tabula
1987 1940 2049 2209 descriptas
1986 1801 2032 1903 sive
1985 1587 2032 1768 aulaeis
1985 1343 2034 1553 intextas

2078 2831 2134 3007 putes,
2069 2658 2131 2787 quod
2067 2304 2132 2612 potissimum
2066 2109 2129 2268 placet
2066 1798 2127 2077 Boettigero
2065 1700 2111 1763 de
2064 1571 2112 1665 fur.
2080 1343 2127 1536 person.

2167 2956 2214 3006 p.
2151 2840 2207 2935 14.,
2163 2714 2195 2804 nec
2148 2561 2194 2680 mihi
2142 2336 2194 2525 aliter.⁷'
2145 2062 2193 2267 Accedit
2144 1883 2191 2028 tertia
2143 1612 2205 1847 temporis
2144 1344 2206 1585 significa-

2230 2937 2277 3006 tio
2243 2849 2275 2910 ex
2243 2680 2274 2824 versu
2227 2428 2273 2656 dramatis
2226 2239 2282 2399 1584„
2240 2109 2285 2202 quo
2224 1918 2283 2073 Iones,
2224 1798 2285 1879 qui
2223 1608 2269 1769 Asiam
2223 1342 2282 1573 incolunt,

2322 2943 2355 3005 ex
2306 2794 2353 2908 lone
2305 2561 2352 2749 oriundi
2310 2475 2352 2525 et
2304 2192 2365 2431 sanguinis
2303 1790 2366 2154 propinquitate
2316 1646 2348 1755 cum
2302 1341 2351 1611 Athenien-

2387 2870 2435 3004 sibus
2385 2644 2443 2824 iuncti,
2384 2388 2431 2595 civitatis
2383 2166 2430 2342 horum
2382 1974 2430 2121 robur
2386 1888 2429 1938 et
2381 1485 2429 1842 incrementum
2395 1341 2428 1452 esse

2465 2668 2529 3005 praedicantur
2479 2640 2510 2654 ε

2570 2810 2578 2875 -—-
2569 2617 2575 2676 —
2540 2454 2588 2481 ὃ
2538 2174 2596 2417 σθένος
2543 2067 2602 2140 τῇ
2540 1930 2601 2031 ’μῇ
2534 1688 2601 1894 χθονὶ

2619 2549 2671 2872 δίδωσιν·
2617 2181 2683 2513 ἀντίπορθμα
2618 2100 2667 2146 δ’
2616 1829 2682 2065 ἠπείροιν
2616 1638 2667 1794 δυοῖν

2698 2722 2749 2874 πεδία
2698 2266 2764 2687 κατοικήσουσιν,
2692 2001 2756 2238 Ἀσιάδος
2714 1915 2746 1967 τε
2698 1786 2762 1881 γῆς

2778 2588 2843 2873 Εὐρωπίας
2795 2487 2830 2556 τε.

2862 2853 2925 3001 Atqui
2861 2526 2923 2817 Olympiade
2862 2398 2918 2491 88,
2860 2318 2905 2361 1.
2857 1931 2919 2272 gravissimum
2856 1612 2920 1885 periculum
2858 1446 2914 1577 erat,
2870 1337 2903 1398 ne

2942 2817 2997 3003 Lesbii,
2940 2696 3002 2780 qui
2940 2604 2986 2662 ab
2938 2198 2986 2574 Atheniensibus
2938 2103 2983 2163 ad
2934 1695 2998 2074 Peloponnesios
2933 1336 2994 1658 desciverant,

3021 2679 3070 3004 defectionem
3019 2471 3066 2643 Ionum
3022 2374 3064 2425 et
3016 2007 3073 2337 Graecorum,
3015 1876 3076 1960 qui
3014 1673 3061 1841 Asiam
3012 1337 3071 1627 incolebant,

3101 2788 3149 3002 omnium
3098 2475 3145 2742 traherent.
3095 2252 3142 2406 Simul
3094 2060 3158 2209 igitur
3094 1924 3141 2017 hos
3092 1472 3148 1879 necessitudinis,
3108 1334 3154 1429 qua

3195 2888 3227 3001 cum
3178 2690 3225 2863 Atticis
3175 2412 3223 2655 coniuncti
3177 2200 3230 2381 essent,
3174 1901 3219 2160 admonere
3172 1721 3219 1871 voluit
3176 1540 3234 1688 poeta
3170 1336 3218 1505 simul-

3273 2904 3320 2999 que
3257 2738 3303 2869 cives
3255 2642 3302 2703 ad
3253 2298 3315 2607 occupandos
3258 2062 3298 2260 strenue
3251 1869 3297 2037 hostes
3249 1585 3296 1847 adhortari.
3250 1336 3309 1518 Quam-

3337 2826 3383 2998 obrem
3335 2666 3381 2793 hanc
3332 2418 3380 2632 fabulam
3332 2255 3377 2381 circa
3330 2142 3377 2218 Ol.
3333 2026 3387 2105 88,
3331 1943 3378 1990 2.
3332 1749 3374 1906 actam
3342 1603 3374 1713 esse
3328 1336 3374 1569 mediam-

3431 2902 3478 2998 que
3414 2728 3461 2855 inter
3411 2358 3474 2683 Hippolytum
3410 2100 3456 2308 alterum
3407 1952 3470 2053 (Ol.
3410 1827 3466 1917 87,
3406 1719 3467 1792 4.)
3411 1622 3453 1672 et
3405 1336 3454 1590 Hecubam

3493 2895 3558 2998 (01.
3495 2771 3552 2859 88,
3492 2655 3554 2725 4.)
3490 2454 3537 2607 fuisse
3489 2188 3536 2408 coniicio.
3487 1979 3534 2103 Nam
3487 1790 3533 1933 etiam
3484 1681 3531 1739 ad
3485 1333 3548 1635 perficienda

3588 2834 3635 2999 opera,
3571 2622 3633 2797 quibus
3568 2365 3633 2584 porticus
3567 2105 3614 2333 decorata
3573 1985 3625 2075 est,
3580 1791 3612 1949 annuo
3564 1516 3611 1767 minimum
3565 1334 3626 1487 spatio

3666 2875 3715 2997 opus
3650 2729 3697 2839 fuit.

3730 2696 3777 2871 Eidem
3726 2376 3788 2660 tetralogiae
3731 2290 3771 2340 ut
3724 2062 3770 2261 Inonem
3723 1735 3777 2026 adscribam,
3726 1649 3769 1699 et
3720 1493 3768 1617 ratio
3725 1334 3768 1457 tem-

3824 2827 3873 2997 porum
3814 2739 3855 2789 et
3812 2534 3855 2705 natura
3804 2220 3869 2489 argumenti
3807 1992 3850 2170 movet.
3802 1712 3848 1923 Ridetur
3800 1536 3847 1662 enim
3799 1416 3845 1501 Ino
3800 1331 3845 1379 in

3888 2654 3951 2996 Aristophanis
3884 2200 3941 2626 AcharneiisibuS‚
3898 2019 3944 2162 quam
3881 1771 3928 1985 fabulam
3879 1658 3927 1733 01.
3882 1543 3935 1622 88,
3880 1458 3926 1504 3.
3877 1332 3924 1419 do-

3972 2869 4015 2996 ctam
3983 2722 4015 2832 esse
3971 2483 4024 2697 constat3
3980 2358 4012 2448 nec
3961 2171 4009 2322 multo
3967 2024 4008 2136 ante
3961 1866 4008 1989 hanc
3959 1750 4006 1832 illa
3959 1669 4005 1715 in
3959 1441 4004 1634 theatro
3956 1328 4018 1407 agi

4046 2777 4108 2997 potuisse
4047 2534 4094 2743 videtur.
4044 2344 4091 2464 Nam
4056 2221 4103 2314 quo
4045 1973 4103 2195 tempore
4039 1773 4087 1951 Medea
4036 1498 4101 1749 Euripidis
4036 1329 4082 1473 docta

4128 2919 4171 2994 est
4124 2784 4185 2885 (01.
4129 2655 4181 2746 87,
4122 2500 4185 2605 1.),
4122 2254 4171 2464 nondum
4120 2020 4167 2217 Inonem
4120 1916 4166 1975 ab
4118 1694 4166 1866 eodem
4114 1330 4177 1646 compositam

4202 2842 4250 2995 fuisse
4203 2757 4250 2809 hi
4218 2557 4251 2723 versus
4201 2215 4259 2507 ostendunt,
4199 2023 4262 2168 plane
4198 1749 4246 1989 diversam
4196 1652 4243 1713 ab
4195 1474 4242 1618 huius
4191 1329 4239 1440 dra-

4281 2852 4329 2995 matis
4286 2535 4345 2817 argumento
4286 2282 4330 2499 naturam
4277 2050 4327 2245 fabulae
4279 1670 4341 2017 respicientes:

4356 1658 4401 1765 29
