<?xml version="1.0" encoding="UTF-8"?>
<!DOCTYPE html PUBLIC "-//W3C//DTD XHTML 1.0 Transitional//EN"
    "http://www.w3.org/TR/xhtml1/DTD/xhtml1-transitional.dtd">
<html xmlns="http://www.w3.org/1999/xhtml" xml:lang="en" lang="en">
 <head>
  <title>
</title>
<meta http-equiv="Content-Type" content="text/html;charset=utf-8" />
  <meta name='ocr-system' content='tesseract 3.04.00' />
  <meta name='ocr-capabilities' content='ocr_page ocr_carea ocr_par ocr_line ocrx_word'/>
</head>
<body>
  <div class='ocr_page' id='page_1' title='image "./euripidesrestitu00hartuoft/euripidesrestitu00hartuoft_raw_0429.png"; bbox 0 0 5010 3336; ppageno 0'>
   <div class='ocr_carea' id='block_1_1' title="bbox 4 3336 3336 3336">
    <p class='ocr_par' dir='ltr' id='par_1_1' title="bbox 4 3336 3336 3336">
     <span class='ocr_line' id='line_1_1' title="bbox 4 3336 3336 3336; textangle 90"><span class='ocrx_word' id='word_1_1' title='bbox 4 3336 3336 3336; x_wconf 95' lang='lat' dir='ltr'><strong>  </strong></span> <span class='ocrx_word' id='word_1_2' title='bbox 4 3336 1084 3336; x_wconf 95' lang='lat' dir='ltr'><strong> </strong></span> 
     </span>
     <span class='ocr_line' id='line_1_2' title="bbox 4 3336 3336 3336; textangle 90"><span class='ocrx_word' id='word_1_3' title='bbox 4 3336 3336 3336; x_wconf 95' lang='lat' dir='ltr'><strong>                                               </strong></span> 
     </span>
    </p>
   </div>
   <div class='ocr_carea' id='block_1_2' title="bbox 1240 3329 3951 3336">
    <p class='ocr_par' dir='ltr' id='par_1_2' title="bbox 1240 3329 3951 3336">
     <span class='ocr_line' id='line_1_3' title="bbox 1240 3329 3951 3336; textangle 90"><span class='ocrx_word' id='word_1_4' title='bbox 1240 3329 3951 3336; x_wconf 95' lang='lat' dir='ltr'><strong> </strong></span> 
     </span>
    </p>
   </div>
   <div class='ocr_carea' id='block_1_3' title="bbox 1117 2134 1171 2252">
    <p class='ocr_par' dir='ltr' id='par_1_3' title="bbox 1117 2134 1171 2252">
     <span class='ocr_line' id='line_1_4' title="bbox 1117 2134 1171 2252; textangle 90"><span class='ocrx_word' id='word_1_5' title='bbox 1117 2134 1171 2252; x_wconf 82' lang='lat'><strong>411</strong></span> 
     </span>
    </p>
   </div>
   <div class='ocr_carea' id='block_1_4' title="bbox 1240 1358 1577 3011">
    <p class='ocr_par' dir='ltr' id='par_1_4' title="bbox 1240 1358 1577 3011">
     <span class='ocr_line' id='line_1_5' title="bbox 1240 1365 1334 3011; textangle 90"><span class='ocrx_word' id='word_1_6' title='bbox 1281 2900 1328 3011; x_wconf 87' lang='lat' dir='ltr'><strong>dem</strong></span> <span class='ocrx_word' id='word_1_7' title='bbox 1275 2723 1323 2863; x_wconf 89' lang='lat' dir='ltr'><strong>aliter</strong></span> <span class='ocrx_word' id='word_1_8' title='bbox 1286 2548 1334 2688; x_wconf 83' lang='lat' dir='ltr'><strong>quam</strong></span> <span class='ocrx_word' id='word_1_9' title='bbox 1268 2465 1314 2511; x_wconf 91' lang='lat' dir='ltr'><strong>in</strong></span> <span class='ocrx_word' id='word_1_10' title='bbox 1265 2087 1312 2441; x_wconf 76' lang='lat' dir='ltr'><strong>criminatorem</strong></span> <span class='ocrx_word' id='word_1_11' title='bbox 1251 1792 1317 2059; x_wconf 86' lang='lat' dir='ltr'><strong>regerendo</strong></span> <span class='ocrx_word' id='word_1_12' title='bbox 1249 1587 1296 1768; x_wconf 78' lang='lat' dir='ltr'><strong>crimen</strong></span> <span class='ocrx_word' id='word_1_13' title='bbox 1240 1365 1305 1561; x_wconf 86' lang='lat' dir='ltr'><strong>purgari</strong></span> 
     </span>
     <span class='ocr_line' id='line_1_6' title="bbox 1321 1362 1419 3009; textangle 90"><span class='ocrx_word' id='word_1_14' title='bbox 1357 2829 1419 3009; x_wconf 90' lang='lat' dir='ltr'><strong>nequit.</strong></span> <span class='ocrx_word' id='word_1_15' title='bbox 1352 2620 1412 2761; x_wconf 80' lang='lat' dir='ltr'><strong>Quod</strong></span> <span class='ocrx_word' id='word_1_16' title='bbox 1348 2371 1402 2586; x_wconf 81' lang='lat' dir='ltr'><strong>faciens,</strong></span> <span class='ocrx_word' id='word_1_17' title='bbox 1339 2206 1403 2319; x_wconf 89' lang='lat' dir='ltr'><strong>quid</strong></span> <span class='ocrx_word' id='word_1_18' title='bbox 1336 2042 1383 2169; x_wconf 86' lang='lat' dir='ltr'><strong>aliud</strong></span> <span class='ocrx_word' id='word_1_19' title='bbox 1349 1856 1396 1994; x_wconf 87' lang='lat' dir='ltr'><strong>quam</strong></span> <span class='ocrx_word' id='word_1_20' title='bbox 1345 1720 1391 1805; x_wconf 86' lang='lat' dir='ltr'><strong>par</strong></span> <span class='ocrx_word' id='word_1_21' title='bbox 1325 1583 1389 1684; x_wconf 90' lang='lat' dir='ltr'><strong>pari</strong></span> <span class='ocrx_word' id='word_1_22' title='bbox 1321 1362 1368 1549; x_wconf 82' lang='lat' dir='ltr'><strong>referre</strong></span> 
     </span>
     <span class='ocr_line' id='line_1_7' title="bbox 1401 1361 1484 3009; textangle 90"><span class='ocrx_word' id='word_1_23' title='bbox 1434 2783 1484 3009; x_wconf 65' lang='lat' dir='ltr'><strong>videtur‘}</strong></span> <span class='ocrx_word' id='word_1_24' title='bbox 1430 2547 1477 2717; x_wconf 88' lang='lat' dir='ltr'><strong>Nonne</strong></span> <span class='ocrx_word' id='word_1_25' title='bbox 1426 2389 1472 2513; x_wconf 87' lang='lat' dir='ltr'><strong>enim</strong></span> <span class='ocrx_word' id='word_1_26' title='bbox 1416 2041 1481 2352; x_wconf 59' lang='lat' dir='ltr'><strong>Hippolytus,</strong></span> <span class='ocrx_word' id='word_1_27' title='bbox 1429 1946 1458 2005; x_wconf 93' lang='lat' dir='ltr'><strong>ne</strong></span> <span class='ocrx_word' id='word_1_28' title='bbox 1405 1601 1456 1911; x_wconf 86' lang='lat' dir='ltr'><strong>iureiurando</strong></span> <span class='ocrx_word' id='word_1_29' title='bbox 1401 1361 1462 1574; x_wconf 81' lang='lat' dir='ltr'><strong>quidem,</strong></span> 
     </span>
     <span class='ocr_line' id='line_1_8' title="bbox 1483 1358 1577 3007; textangle 90"><span class='ocrx_word' id='word_1_30' title='bbox 1531 2913 1577 3007; x_wconf 93' lang='lat' dir='ltr'><strong>quo</strong></span> <span class='ocrx_word' id='word_1_31' title='bbox 1528 2825 1559 2877; x_wconf 89' lang='lat' dir='ltr'><strong>se</strong></span> <span class='ocrx_word' id='word_1_32' title='bbox 1509 2452 1562 2789; x_wconf 67' lang='lat' dir='ltr'><strong>obstrinxerat,</strong></span> <span class='ocrx_word' id='word_1_33' title='bbox 1504 2182 1554 2417; x_wconf 81' lang='lat' dir='ltr'><strong>retentus,</strong></span> <span class='ocrx_word' id='word_1_34' title='bbox 1491 1843 1554 2147; x_wconf 82' lang='lat' dir='ltr'><strong>turpissimas</strong></span> <span class='ocrx_word' id='word_1_35' title='bbox 1483 1443 1538 1814; x_wconf 82' lang='lat' dir='ltr'><strong>criminationes,</strong></span> <span class='ocrx_word' id='word_1_36' title='bbox 1484 1358 1526 1406; x_wconf 89' lang='lat' dir='ltr'><strong>et</strong></span> 
     </span>
    </p>
   </div>
   <div class='ocr_carea' id='block_1_5' title="bbox 1576 1306 3629 3006">
    <p class='ocr_par' dir='ltr' id='par_1_5' title="bbox 1576 2195 1650 3006">
     <span class='ocr_line' id='line_1_9' title="bbox 1576 2195 1650 3006; textangle 90"><span class='ocrx_word' id='word_1_37' title='bbox 1594 2859 1641 3006; x_wconf 82' lang='lat' dir='ltr'><strong>falsas</strong></span> <span class='ocrx_word' id='word_1_38' title='bbox 1589 2610 1650 2823; x_wconf 87' lang='lat' dir='ltr'><strong>quidem,</strong></span> <span class='ocrx_word' id='word_1_39' title='bbox 1584 2419 1647 2571; x_wconf 85' lang='lat' dir='ltr'><strong>palam</strong></span> <span class='ocrx_word' id='word_1_40' title='bbox 1576 2195 1625 2383; x_wconf 77' lang='lat' dir='ltr'><strong>iactavit</strong></span> 
     </span>
    </p>

    <p class='ocr_par' dir='ltr' id='par_1_6' title="bbox 1643 1343 2209 3003">
     <span class='ocr_line' id='line_1_10' title="bbox 1643 1669 1732 2876; textangle 90"><span class='ocrx_word' id='word_1_41' title='bbox 1667 2698 1732 2876; x_wconf 77' lang='grc' dir='ltr'><em>πλήσει</em></span> <span class='ocrx_word' id='word_1_42' title='bbox 1680 2614 1713 2666; x_wconf 82' lang='grc' dir='ltr'><strong>τε</strong></span> <span class='ocrx_word' id='word_1_43' title='bbox 1666 2410 1711 2581; x_wconf 78' lang='grc' dir='ltr'><em>πᾶσαν</em></span> <span class='ocrx_word' id='word_1_44' title='bbox 1658 2222 1719 2379; x_wconf 74' lang='grc' dir='ltr'><em>γαῖαν</em></span> <span class='ocrx_word' id='word_1_45' title='bbox 1648 1913 1713 2187; x_wconf 82' lang='grc' dir='ltr'><em>αἰσχίστων</em></span> <span class='ocrx_word' id='word_1_46' title='bbox 1643 1669 1707 1880; x_wconf 65' lang='grc' dir='ltr'><em>λόγωνῖἐ</em></span> 
     </span>
     <span class='ocr_line' id='line_1_11' title="bbox 1715 1352 1813 3003; textangle 90"><span class='ocrx_word' id='word_1_47' title='bbox 1751 2870 1813 3003; x_wconf 85' lang='lat' dir='ltr'><strong>Ergo</strong></span> <span class='ocrx_word' id='word_1_48' title='bbox 1746 2700 1810 2826; x_wconf 87' lang='lat' dir='ltr'><strong>quod</strong></span> <span class='ocrx_word' id='word_1_49' title='bbox 1740 2289 1792 2666; x_wconf 84' lang='lat' dir='ltr'><strong>criminationem</strong></span> <span class='ocrx_word' id='word_1_50' title='bbox 1730 1920 1780 2251; x_wconf 84' lang='lat' dir='ltr'><strong>criminatione</strong></span> <span class='ocrx_word' id='word_1_51' title='bbox 1722 1642 1785 1881; x_wconf 83' lang='lat' dir='ltr'><strong>repellere</strong></span> <span class='ocrx_word' id='word_1_52' title='bbox 1715 1352 1765 1602; x_wconf 86' lang='lat' dir='ltr'><strong>constituit</strong></span> 
     </span>
     <span class='ocr_line' id='line_1_12' title="bbox 1795 1350 1890 3001; textangle 90"><span class='ocrx_word' id='word_1_53' title='bbox 1844 2845 1890 3001; x_wconf 86' lang='lat' dir='ltr'><strong>neque</strong></span> <span class='ocrx_word' id='word_1_54' title='bbox 1825 2661 1873 2829; x_wconf 88' lang='lat' dir='ltr'><strong>mortis</strong></span> <span class='ocrx_word' id='word_1_55' title='bbox 1824 2434 1870 2645; x_wconf 87' lang='lat' dir='ltr'><strong>fructum</strong></span> <span class='ocrx_word' id='word_1_56' title='bbox 1816 2194 1863 2417; x_wconf 88' lang='lat' dir='ltr'><strong>amittere</strong></span> <span class='ocrx_word' id='word_1_57' title='bbox 1809 2052 1864 2169; x_wconf 77' lang='lat' dir='ltr'><strong>vult,</strong></span> <span class='ocrx_word' id='word_1_58' title='bbox 1822 1938 1854 2035; x_wconf 86' lang='lat' dir='ltr'><strong>non</strong></span> <span class='ocrx_word' id='word_1_59' title='bbox 1808 1838 1851 1913; x_wconf 87' lang='lat' dir='ltr'><strong>est</strong></span> <span class='ocrx_word' id='word_1_60' title='bbox 1796 1494 1863 1823; x_wconf 86' lang='lat' dir='ltr'><strong>vituperanda.</strong></span> <span class='ocrx_word' id='word_1_61' title='bbox 1795 1350 1842 1459; x_wconf 90' lang='lat' dir='ltr'><strong>Non</strong></span> 
     </span>
     <span class='ocr_line' id='line_1_13' title="bbox 1877 1351 1961 3000; textangle 90"><span class='ocrx_word' id='word_1_62' title='bbox 1908 2835 1956 3000; x_wconf 84' lang='lat' dir='ltr'><strong>debuit</strong></span> <span class='ocrx_word' id='word_1_63' title='bbox 1905 2674 1952 2799; x_wconf 89' lang='lat' dir='ltr'><strong>enim</strong></span> <span class='ocrx_word' id='word_1_64' title='bbox 1898 2350 1961 2645; x_wconf 82' lang='lat' dir='ltr'><strong>Hippolytus</strong></span> <span class='ocrx_word' id='word_1_65' title='bbox 1894 2140 1940 2316; x_wconf 83' lang='lat' dir='ltr'><strong>famam</strong></span> <span class='ocrx_word' id='word_1_66' title='bbox 1884 1840 1935 2104; x_wconf 88' lang='lat' dir='ltr'><strong>innocentis</strong></span> <span class='ocrx_word' id='word_1_67' title='bbox 1886 1618 1929 1804; x_wconf 88' lang='lat' dir='ltr'><strong>temere</strong></span> <span class='ocrx_word' id='word_1_68' title='bbox 1877 1351 1922 1582; x_wconf 88' lang='lat' dir='ltr'><strong>lacerare.</strong></span> 
     </span>
     <span class='ocr_line' id='line_1_14' title="bbox 1953 1346 2049 2997; textangle 90"><span class='ocrx_word' id='word_1_69' title='bbox 1988 2797 2049 2997; x_wconf 86' lang='lat' dir='ltr'><strong>Optare,</strong></span> <span class='ocrx_word' id='word_1_70' title='bbox 1989 2708 2030 2760; x_wconf 86' lang='lat' dir='ltr'><strong>ut</strong></span> <span class='ocrx_word' id='word_1_71' title='bbox 1979 2537 2028 2685; x_wconf 81' lang='lat' dir='ltr'><strong>divini</strong></span> <span class='ocrx_word' id='word_1_72' title='bbox 1974 2308 2023 2517; x_wconf 88' lang='lat' dir='ltr'><strong>numinis</strong></span> <span class='ocrx_word' id='word_1_73' title='bbox 1970 2061 2019 2273; x_wconf 85' lang='lat' dir='ltr'><strong>iustitiae</strong></span> <span class='ocrx_word' id='word_1_74' title='bbox 1963 1782 2012 2031; x_wconf 83' lang='lat' dir='ltr'><strong>confidens</strong></span> <span class='ocrx_word' id='word_1_75' title='bbox 1955 1532 2006 1755; x_wconf 86' lang='lat' dir='ltr'><strong>Phaedra</strong></span> <span class='ocrx_word' id='word_1_76' title='bbox 1953 1346 2000 1505; x_wconf 85' lang='lat' dir='ltr'><strong>famae</strong></span> 
     </span>
     <span class='ocr_line' id='line_1_15' title="bbox 2036 1346 2126 2998; textangle 90"><span class='ocrx_word' id='word_1_77' title='bbox 2081 2880 2114 2998; x_wconf 89' lang='lat' dir='ltr'><strong>suae</strong></span> <span class='ocrx_word' id='word_1_78' title='bbox 2060 2517 2126 2849; x_wconf 82' lang='lat' dir='ltr'><strong>purgationem</strong></span> <span class='ocrx_word' id='word_1_79' title='bbox 2055 2368 2102 2481; x_wconf 91' lang='lat' dir='ltr'><strong>hnic</strong></span> <span class='ocrx_word' id='word_1_80' title='bbox 2048 1984 2103 2333; x_wconf 78' lang='lat' dir='ltr'><strong>commisisset,</strong></span> <span class='ocrx_word' id='word_1_81' title='bbox 2047 1873 2090 1947; x_wconf 84' lang='lat' dir='ltr'><strong>est</strong></span> <span class='ocrx_word' id='word_1_82' title='bbox 2038 1561 2105 1841; x_wconf 87' lang='lat' dir='ltr'><strong>postulare,</strong></span> <span class='ocrx_word' id='word_1_83' title='bbox 2036 1473 2079 1525; x_wconf 87' lang='lat' dir='ltr'><strong>ut</strong></span> <span class='ocrx_word' id='word_1_84' title='bbox 2046 1346 2079 1442; x_wconf 90' lang='lat' dir='ltr'><strong>non</strong></span> 
     </span>
     <span class='ocr_line' id='line_1_16' title="bbox 2115 1343 2209 2996; textangle 90"><span class='ocrx_word' id='word_1_85' title='bbox 2158 2794 2209 2996; x_wconf 86' lang='lat' dir='ltr'><strong>graecos</strong></span> <span class='ocrx_word' id='word_1_86' title='bbox 2140 2538 2194 2775; x_wconf 83' lang='lat' dir='ltr'><strong>homines,</strong></span> <span class='ocrx_word' id='word_1_87' title='bbox 2134 2415 2182 2501; x_wconf 88' lang='lat' dir='ltr'><strong>sed</strong></span> <span class='ocrx_word' id='word_1_88' title='bbox 2130 2091 2179 2378; x_wconf 84' lang='lat' dir='ltr'><strong>christianos</strong></span> <span class='ocrx_word' id='word_1_89' title='bbox 2121 1798 2185 2061; x_wconf 76' lang='lat' dir='ltr'><strong>Euripides</strong></span> <span class='ocrx_word' id='word_1_90' title='bbox 2115 1343 2180 1775; x_wconf 87' lang='lat' dir='ltr'><strong>repraesentasset.</strong></span> 
     </span>
    </p>

    <p class='ocr_par' dir='ltr' id='par_1_7' title="bbox 2192 1320 3157 2996">
     <span class='ocr_line' id='line_1_17' title="bbox 2192 1339 2273 2867; textangle 90"><span class='ocrx_word' id='word_1_91' title='bbox 2222 2661 2268 2867; x_wconf 85' lang='lat' dir='ltr'><strong>Strenue</strong></span> <span class='ocrx_word' id='word_1_92' title='bbox 2218 2448 2264 2626; x_wconf 85' lang='lat' dir='ltr'><strong>chorus</strong></span> <span class='ocrx_word' id='word_1_93' title='bbox 2210 2231 2273 2412; x_wconf 87' lang='lat' dir='ltr'><strong>duplici</strong></span> <span class='ocrx_word' id='word_1_94' title='bbox 2206 2033 2253 2197; x_wconf 79' lang='lat' dir='ltr'><strong>officio</strong></span> <span class='ocrx_word' id='word_1_95' title='bbox 2207 1946 2249 1996; x_wconf 90' lang='lat' dir='ltr'><strong>et</strong></span> <span class='ocrx_word' id='word_1_96' title='bbox 2197 1715 2263 1914; x_wconf 84' lang='lat' dir='ltr'><strong>tegendi</strong></span> <span class='ocrx_word' id='word_1_97' title='bbox 2192 1421 2242 1683; x_wconf 87' lang='lat' dir='ltr'><strong>commissa</strong></span> <span class='ocrx_word' id='word_1_98' title='bbox 2194 1339 2236 1387; x_wconf 90' lang='lat' dir='ltr'><strong>et</strong></span> 
     </span>
     <span class='ocr_line' id='line_1_18' title="bbox 2270 1337 2351 2996; textangle 90"><span class='ocrx_word' id='word_1_99' title='bbox 2301 2803 2351 2996; x_wconf 84' lang='lat' dir='ltr'><strong>favendi</strong></span> <span class='ocrx_word' id='word_1_100' title='bbox 2299 2633 2346 2771; x_wconf 88' lang='lat' dir='ltr'><strong>bonis</strong></span> <span class='ocrx_word' id='word_1_101' title='bbox 2294 2335 2349 2598; x_wconf 80' lang='lat' dir='ltr'><strong>satisfacit,</strong></span> <span class='ocrx_word' id='word_1_102' title='bbox 2303 2132 2349 2287; x_wconf 89' lang='lat' dir='ltr'><strong>neque</strong></span> <span class='ocrx_word' id='word_1_103' title='bbox 2284 1970 2330 2099; x_wconf 88' lang='lat' dir='ltr'><strong>idem</strong></span> <span class='ocrx_word' id='word_1_104' title='bbox 2278 1644 2341 1934; x_wconf 84' lang='lat' dir='ltr'><strong>quidquam,</strong></span> <span class='ocrx_word' id='word_1_105' title='bbox 2270 1466 2335 1594; x_wconf 89' lang='lat' dir='ltr'><strong>quod</strong></span> <span class='ocrx_word' id='word_1_106' title='bbox 2283 1337 2316 1432; x_wconf 91' lang='lat' dir='ltr'><strong>non</strong></span> 
     </span>
     <span class='ocr_line' id='line_1_19' title="bbox 2349 1335 2446 2994; textangle 90"><span class='ocrx_word' id='word_1_107' title='bbox 2380 2744 2446 2994; x_wconf 83' lang='lat' dir='ltr'><strong>proposito</strong></span> <span class='ocrx_word' id='word_1_108' title='bbox 2377 2466 2430 2719; x_wconf 82' lang='lat' dir='ltr'><strong>conducat,</strong></span> <span class='ocrx_word' id='word_1_109' title='bbox 2371 2247 2418 2428; x_wconf 90' lang='lat' dir='ltr'><strong>medios</strong></span> <span class='ocrx_word' id='word_1_110' title='bbox 2372 2084 2413 2219; x_wconf 87' lang='lat' dir='ltr'><strong>actus</strong></span> <span class='ocrx_word' id='word_1_111' title='bbox 2359 1813 2409 2058; x_wconf 86' lang='lat' dir='ltr'><strong>intercinit</strong></span> <span class='ocrx_word' id='word_1_112' title='bbox 2355 1720 2419 1787; x_wconf 81' lang='lat'><strong>*).</strong></span> <span class='ocrx_word' id='word_1_113' title='bbox 2354 1484 2414 1649; x_wconf 88' lang='lat' dir='ltr'><strong>ltaque</strong></span> <span class='ocrx_word' id='word_1_114' title='bbox 2349 1335 2395 1451; x_wconf 90' lang='lat' dir='ltr'><strong>dum</strong></span> 
     </span>
     <span class='ocr_line' id='line_1_20' title="bbox 2427 1332 2522 2990; textangle 90"><span class='ocrx_word' id='word_1_115' title='bbox 2458 2729 2522 2990; x_wconf 86' lang='lat' dir='ltr'><strong>suspendio</strong></span> <span class='ocrx_word' id='word_1_116' title='bbox 2456 2564 2502 2708; x_wconf 87' lang='lat' dir='ltr'><strong>vitam</strong></span> <span class='ocrx_word' id='word_1_117' title='bbox 2453 2365 2499 2537; x_wconf 85' lang='lat' dir='ltr'><strong>mulier</strong></span> <span class='ocrx_word' id='word_1_118' title='bbox 2442 1931 2510 2337; x_wconf 81' lang='lat' dir='ltr'><strong>praestantissima</strong></span> <span class='ocrx_word' id='word_1_119' title='bbox 2437 1790 2493 1914; x_wconf 79' lang='lat' dir='ltr'><strong>finit,</strong></span> <span class='ocrx_word' id='word_1_120' title='bbox 2427 1332 2481 1764; x_wconf 86' lang='lat' dir='ltr'><strong>vehementissimo</strong></span> 
     </span>
     <span class='ocr_line' id='line_1_21' title="bbox 2512 1331 2593 2989; textangle 90"><span class='ocrx_word' id='word_1_121' title='bbox 2539 2782 2587 2989; x_wconf 87' lang='lat' dir='ltr'><strong>affectus</strong></span> <span class='ocrx_word' id='word_1_122' title='bbox 2534 2566 2581 2734; x_wconf 88' lang='lat' dir='ltr'><strong>dolore</strong></span> <span class='ocrx_word' id='word_1_123' title='bbox 2531 2386 2593 2519; x_wconf 86' lang='lat' dir='ltr'><strong>cupit</strong></span> <span class='ocrx_word' id='word_1_124' title='bbox 2544 2284 2574 2338; x_wconf 90' lang='lat' dir='ltr'><strong>se</strong></span> <span class='ocrx_word' id='word_1_125' title='bbox 2530 2157 2571 2237; x_wconf 88' lang='lat' dir='ltr'><strong>aut</strong></span> <span class='ocrx_word' id='word_1_126' title='bbox 2528 1983 2569 2111; x_wconf 87' lang='lat' dir='ltr'><strong>terra</strong></span> <span class='ocrx_word' id='word_1_127' title='bbox 2515 1756 2565 1936; x_wconf 88' lang='lat' dir='ltr'><strong>hauriri</strong></span> <span class='ocrx_word' id='word_1_128' title='bbox 2518 1630 2560 1710; x_wconf 88' lang='lat' dir='ltr'><strong>aut</strong></span> <span class='ocrx_word' id='word_1_129' title='bbox 2512 1540 2557 1587; x_wconf 93' lang='lat' dir='ltr'><strong>in</strong></span> <span class='ocrx_word' id='word_1_130' title='bbox 2521 1331 2555 1496; x_wconf 87' lang='lat' dir='ltr'><strong>aerem</strong></span> 
     </span>
     <span class='ocr_line' id='line_1_22' title="bbox 2587 1329 2666 2983; textangle 90"><span class='ocrx_word' id='word_1_131' title='bbox 2618 2744 2666 2983; x_wconf 87' lang='lat' dir='ltr'><strong>sublatum</strong></span> <span class='ocrx_word' id='word_1_132' title='bbox 2613 2646 2660 2707; x_wconf 90' lang='lat' dir='ltr'><strong>ad</strong></span> <span class='ocrx_word' id='word_1_133' title='bbox 2611 2416 2657 2609; x_wconf 90' lang='lat' dir='ltr'><strong>ultimos</strong></span> <span class='ocrx_word' id='word_1_134' title='bbox 2607 2249 2654 2378; x_wconf 88' lang='lat' dir='ltr'><strong>orbis</strong></span> <span class='ocrx_word' id='word_1_135' title='bbox 2602 1989 2650 2222; x_wconf 88' lang='lat' dir='ltr'><strong>terminos</strong></span> <span class='ocrx_word' id='word_1_136' title='bbox 2595 1755 2645 1951; x_wconf 83' lang='lat' dir='ltr'><strong>auferri.</strong></span> <span class='ocrx_word' id='word_1_137' title='bbox 2591 1558 2639 1687; x_wconf 87' lang='lat' dir='ltr'><strong>Tum</strong></span> <span class='ocrx_word' id='word_1_138' title='bbox 2587 1329 2648 1527; x_wconf 85' lang='lat' dir='ltr'><strong>naviga-</strong></span> 
     </span>
     <span class='ocr_line' id='line_1_23' title="bbox 2666 1326 2745 2985; textangle 90"><span class='ocrx_word' id='word_1_139' title='bbox 2697 2838 2745 2985; x_wconf 87' lang='lat' dir='ltr'><strong>tionis</strong></span> <span class='ocrx_word' id='word_1_140' title='bbox 2692 2524 2741 2807; x_wconf 85' lang='lat' dir='ltr'><strong>recordatur</strong></span> <span class='ocrx_word' id='word_1_141' title='bbox 2686 2104 2739 2499; x_wconf 82' lang='lat' dir='ltr'><strong>insaustissimae,</strong></span> <span class='ocrx_word' id='word_1_142' title='bbox 2696 1974 2742 2066; x_wconf 88' lang='lat' dir='ltr'><strong>qua</strong></span> <span class='ocrx_word' id='word_1_143' title='bbox 2677 1731 2724 1947; x_wconf 86' lang='lat' dir='ltr'><strong>Athenas</strong></span> <span class='ocrx_word' id='word_1_144' title='bbox 2670 1644 2717 1703; x_wconf 82' lang='lat' dir='ltr'><strong>ad</strong></span> <span class='ocrx_word' id='word_1_145' title='bbox 2666 1326 2716 1617; x_wconf 89' lang='lat' dir='ltr'><strong>connubium</strong></span> 
     </span>
     <span class='ocr_line' id='line_1_24' title="bbox 2748 1326 2825 2983; textangle 90"><span class='ocrx_word' id='word_1_146' title='bbox 2774 2596 2825 2983; x_wconf 87' lang='lat' dir='ltr'><strong>infelicissimum</strong></span> <span class='ocrx_word' id='word_1_147' title='bbox 2768 2300 2814 2559; x_wconf 87' lang='lat' dir='ltr'><strong>ineundum</strong></span> <span class='ocrx_word' id='word_1_148' title='bbox 2768 2126 2809 2265; x_wconf 68' lang='lat' dir='ltr'><strong>vecta</strong></span> <span class='ocrx_word' id='word_1_149' title='bbox 2758 1894 2806 2091; x_wconf 83' lang='lat' dir='ltr'><strong>intravit</strong></span> <span class='ocrx_word' id='word_1_150' title='bbox 2752 1555 2807 1853; x_wconf 70' lang='lat' dir='ltr'><strong>thalamum,</strong></span> <span class='ocrx_word' id='word_1_151' title='bbox 2748 1472 2792 1520; x_wconf 90' lang='lat' dir='ltr'><strong>in</strong></span> <span class='ocrx_word' id='word_1_152' title='bbox 2759 1326 2806 1438; x_wconf 87' lang='lat' dir='ltr'><strong>quo,</strong></span> 
     </span>
     <span class='ocr_line' id='line_1_25' title="bbox 2826 1324 2911 2983; textangle 90"><span class='ocrx_word' id='word_1_153' title='bbox 2860 2775 2904 2983; x_wconf 85' lang='lat' dir='ltr'><strong>mortem</strong></span> <span class='ocrx_word' id='word_1_154' title='bbox 2846 2436 2911 2725; x_wconf 85' lang='lat' dir='ltr'><strong>turpitudini</strong></span> <span class='ocrx_word' id='word_1_155' title='bbox 2842 2075 2907 2388; x_wconf 83' lang='lat' dir='ltr'><strong>praeferens,</strong></span> <span class='ocrx_word' id='word_1_156' title='bbox 2836 1790 2883 2040; x_wconf 82' lang='lat' dir='ltr'><strong>interitura</strong></span> <span class='ocrx_word' id='word_1_157' title='bbox 2835 1638 2877 1754; x_wconf 84' lang='lat' dir='ltr'><strong>erat.</strong></span> <span class='ocrx_word' id='word_1_158' title='bbox 2826 1460 2873 1569; x_wconf 90' lang='lat' dir='ltr'><strong>Hoc</strong></span> <span class='ocrx_word' id='word_1_159' title='bbox 2839 1324 2869 1426; x_wconf 87' lang='lat' dir='ltr'><strong>car-</strong></span> 
     </span>
     <span class='ocr_line' id='line_1_26' title="bbox 2903 1322 2992 2982; textangle 90"><span class='ocrx_word' id='word_1_160' title='bbox 2950 2871 2982 2982; x_wconf 85' lang='lat' dir='ltr'><strong>men</strong></span> <span class='ocrx_word' id='word_1_161' title='bbox 2928 2599 2992 2837; x_wconf 81' lang='lat' dir='ltr'><strong>elegantia</strong></span> <span class='ocrx_word' id='word_1_162' title='bbox 2931 2419 2987 2566; x_wconf 88' lang='lat' dir='ltr'><strong>atque</strong></span> <span class='ocrx_word' id='word_1_163' title='bbox 2922 2089 2970 2384; x_wconf 87' lang='lat' dir='ltr'><strong>sublimitate</strong></span> <span class='ocrx_word' id='word_1_164' title='bbox 2915 1925 2964 2055; x_wconf 90' lang='lat' dir='ltr'><strong>nullo</strong></span> <span class='ocrx_word' id='word_1_165' title='bbox 2911 1693 2959 1892; x_wconf 85' lang='lat' dir='ltr'><strong>inferius</strong></span> <span class='ocrx_word' id='word_1_166' title='bbox 2912 1565 2956 1657; x_wconf 89' lang='lat' dir='ltr'><strong>est.</strong></span> <span class='ocrx_word' id='word_1_167' title='bbox 2903 1322 2950 1495; x_wconf 82' lang='lat' dir='ltr'><strong>Statim</strong></span> 
     </span>
     <span class='ocr_line' id='line_1_27' title="bbox 2987 1320 3066 2980; textangle 90"><span class='ocrx_word' id='word_1_168' title='bbox 3013 2804 3060 2980; x_wconf 88' lang='lat' dir='ltr'><strong>deinde</strong></span> <span class='ocrx_word' id='word_1_169' title='bbox 3008 2508 3057 2771; x_wconf 80' lang='lat' dir='ltr'><strong>defunctae</strong></span> <span class='ocrx_word' id='word_1_170' title='bbox 3017 2297 3066 2475; x_wconf 89' lang='lat' dir='ltr'><strong>corpus</strong></span> <span class='ocrx_word' id='word_1_171' title='bbox 3017 2240 3047 2262; x_wconf 92' lang='lat' dir='ltr'><strong>a</strong></span> <span class='ocrx_word' id='word_1_172' title='bbox 2997 2014 3045 2212; x_wconf 85' lang='lat' dir='ltr'><strong>famulis</strong></span> <span class='ocrx_word' id='word_1_173' title='bbox 3011 1952 3042 1979; x_wconf 87' lang='lat' dir='ltr'><strong>e</strong></span> <span class='ocrx_word' id='word_1_174' title='bbox 2990 1733 3054 1917; x_wconf 88' lang='lat' dir='ltr'><strong>laqueis</strong></span> <span class='ocrx_word' id='word_1_175' title='bbox 2987 1489 3035 1697; x_wconf 86' lang='lat' dir='ltr'><strong>solutum</strong></span> <span class='ocrx_word' id='word_1_176' title='bbox 2998 1320 3030 1453; x_wconf 81' lang='lat' dir='ltr'><strong>com-</strong></span> 
     </span>
     <span class='ocr_line' id='line_1_28' title="bbox 3093 2768 3157 2980; textangle 90"><span class='ocrx_word' id='word_1_177' title='bbox 3093 2768 3157 2980; x_wconf 89' lang='lat' dir='ltr'><strong>ponitur.</strong></span> 
     </span>
    </p>

    <p class='ocr_par' dir='ltr' id='par_1_8' title="bbox 3141 1306 3629 2973">
     <span class='ocr_line' id='line_1_29' title="bbox 3141 1318 3228 2847; textangle 90"><span class='ocrx_word' id='word_1_178' title='bbox 3169 2737 3216 2847; x_wconf 86' lang='lat' dir='ltr'><strong>Hoc</strong></span> <span class='ocrx_word' id='word_1_179' title='bbox 3168 2597 3228 2702; x_wconf 84' lang='lat' dir='ltr'><strong>ipso</strong></span> <span class='ocrx_word' id='word_1_180' title='bbox 3165 2318 3210 2562; x_wconf 88' lang='lat' dir='ltr'><strong>momento</strong></span> <span class='ocrx_word' id='word_1_181' title='bbox 3157 2057 3204 2282; x_wconf 85' lang='lat' dir='ltr'><strong>Theseus</strong></span> <span class='ocrx_word' id='word_1_182' title='bbox 3169 1950 3199 2008; x_wconf 85' lang='lat' dir='ltr'><strong>ex</strong></span> <span class='ocrx_word' id='word_1_183' title='bbox 3152 1742 3197 1916; x_wconf 86' lang='lat' dir='ltr'><strong>itinere</strong></span> <span class='ocrx_word' id='word_1_184' title='bbox 3145 1566 3193 1710; x_wconf 86' lang='lat' dir='ltr'><strong>redit.</strong></span> <span class='ocrx_word' id='word_1_185' title='bbox 3142 1446 3189 1497; x_wconf 89' lang='lat' dir='ltr'><strong>ln</strong></span> <span class='ocrx_word' id='word_1_186' title='bbox 3141 1318 3187 1411; x_wconf 90' lang='lat' dir='ltr'><strong>fin-</strong></span> 
     </span>
     <span class='ocr_line' id='line_1_30' title="bbox 3230 1306 3315 2973; textangle 90"><span class='ocrx_word' id='word_1_187' title='bbox 3248 2804 3315 2973; x_wconf 88' lang='lat' dir='ltr'><strong>gendis</strong></span> <span class='ocrx_word' id='word_1_188' title='bbox 3243 2583 3292 2768; x_wconf 86' lang='lat' dir='ltr'><strong>caussis</strong></span> <span class='ocrx_word' id='word_1_189' title='bbox 3240 2301 3288 2546; x_wconf 88' lang='lat' dir='ltr'><strong>absentiae</strong></span> <span class='ocrx_word' id='word_1_190' title='bbox 3236 2188 3282 2266; x_wconf 87' lang='lat' dir='ltr'><strong>vel</strong></span> <span class='ocrx_word' id='word_1_191' title='bbox 3230 1849 3296 2154; x_wconf 87' lang='lat' dir='ltr'><strong>praesentiae</strong></span> <span class='ocrx_word' id='word_1_192' title='bbox 3239 1470 3291 1815; x_wconf 81' lang='lat' dir='ltr'><strong>personarum,</strong></span> <span class='ocrx_word' id='word_1_193' title='bbox 3234 1306 3282 1433; x_wconf 89' lang='lat' dir='ltr'><strong>quas</strong></span> 
     </span>
     <span class='ocr_line' id='line_1_31' title="bbox 3303 1315 3380 2973; textangle 90"><span class='ocrx_word' id='word_1_194' title='bbox 3329 2898 3377 2973; x_wconf 79' lang='lat' dir='ltr'><strong>vel</strong></span> <span class='ocrx_word' id='word_1_195' title='bbox 3326 2636 3374 2869; x_wconf 87' lang='lat' dir='ltr'><strong>adhibere</strong></span> <span class='ocrx_word' id='word_1_196' title='bbox 3323 2463 3369 2609; x_wconf 88' lang='lat' dir='ltr'><strong>rebus</strong></span> <span class='ocrx_word' id='word_1_197' title='bbox 3316 2239 3380 2436; x_wconf 77' lang='lat' dir='ltr'><strong>agendis</strong></span> <span class='ocrx_word' id='word_1_198' title='bbox 3314 2142 3360 2214; x_wconf 81' lang='lat' dir='ltr'><strong>vel</strong></span> <span class='ocrx_word' id='word_1_199' title='bbox 3327 1955 3359 2121; x_wconf 87' lang='lat' dir='ltr'><strong>arcere</strong></span> <span class='ocrx_word' id='word_1_200' title='bbox 3308 1769 3363 1934; x_wconf 86' lang='lat' dir='ltr'><strong>velint,</strong></span> <span class='ocrx_word' id='word_1_201' title='bbox 3303 1512 3350 1732; x_wconf 87' lang='lat' dir='ltr'><strong>scenicos</strong></span> <span class='ocrx_word' id='word_1_202' title='bbox 3304 1315 3362 1485; x_wconf 87' lang='lat' dir='ltr'><strong>poetas</strong></span> 
     </span>
     <span class='ocr_line' id='line_1_32' title="bbox 3379 1312 3459 2971; textangle 90"><span class='ocrx_word' id='word_1_203' title='bbox 3424 2875 3456 2971; x_wconf 91' lang='lat' dir='ltr'><strong>non</strong></span> <span class='ocrx_word' id='word_1_204' title='bbox 3403 2582 3453 2842; x_wconf 87' lang='lat' dir='ltr'><strong>admodum</strong></span> <span class='ocrx_word' id='word_1_205' title='bbox 3398 2293 3459 2546; x_wconf 81' lang='lat' dir='ltr'><strong>religiosos</strong></span> <span class='ocrx_word' id='word_1_206' title='bbox 3409 2147 3441 2256; x_wconf 89' lang='lat' dir='ltr'><strong>esse</strong></span> <span class='ocrx_word' id='word_1_207' title='bbox 3394 1916 3445 2121; x_wconf 85' lang='lat' dir='ltr'><strong>constat,</strong></span> <span class='ocrx_word' id='word_1_208' title='bbox 3385 1637 3445 1879; x_wconf 81' lang='lat' dir='ltr'><strong>facileque</strong></span> <span class='ocrx_word' id='word_1_209' title='bbox 3382 1484 3427 1607; x_wconf 91' lang='lat' dir='ltr'><strong>haec</strong></span> <span class='ocrx_word' id='word_1_210' title='bbox 3379 1312 3423 1463; x_wconf 80' lang='lat' dir='ltr'><strong>licen-</strong></span> 
     </span>
     <span class='ocr_line' id='line_1_33' title="bbox 3455 1311 3537 2969; textangle 90"><span class='ocrx_word' id='word_1_211' title='bbox 3487 2901 3535 2969; x_wconf 84' lang='lat' dir='ltr'><strong>tia</strong></span> <span class='ocrx_word' id='word_1_212' title='bbox 3482 2583 3532 2867; x_wconf 85' lang='lat' dir='ltr'><strong>conceditur</strong></span> <span class='ocrx_word' id='word_1_213' title='bbox 3480 2461 3533 2549; x_wconf 80' lang='lat' dir='ltr'><strong>iis,</strong></span> <span class='ocrx_word' id='word_1_214' title='bbox 3490 2221 3537 2423; x_wconf 86' lang='lat' dir='ltr'><strong>quornm</strong></span> <span class='ocrx_word' id='word_1_215' title='bbox 3488 2108 3518 2184; x_wconf 89' lang='lat' dir='ltr'><strong>ars</strong></span> <span class='ocrx_word' id='word_1_216' title='bbox 3466 1852 3532 2071; x_wconf 87' lang='lat' dir='ltr'><strong>plurimis</strong></span> <span class='ocrx_word' id='word_1_217' title='bbox 3467 1683 3511 1814; x_wconf 87' lang='lat' dir='ltr'><strong>esset</strong></span> <span class='ocrx_word' id='word_1_218' title='bbox 3455 1311 3519 1652; x_wconf 85' lang='lat' dir='ltr'><strong>iniquissimis-</strong></span> 
     </span>
     <span class='ocr_line' id='line_1_34' title="bbox 3537 1307 3629 2967; textangle 90"><span class='ocrx_word' id='word_1_219' title='bbox 3582 2874 3629 2967; x_wconf 89' lang='lat' dir='ltr'><strong>que</strong></span> <span class='ocrx_word' id='word_1_220' title='bbox 3563 2640 3627 2829; x_wconf 83' lang='lat' dir='ltr'><strong>legibus</strong></span> <span class='ocrx_word' id='word_1_221' title='bbox 3556 2211 3617 2592; x_wconf 85' lang='lat' dir='ltr'><strong>circumscripta.</strong></span> <span class='ocrx_word' id='word_1_222' title='bbox 3546 1888 3598 2132; x_wconf 84' lang='lat' dir='ltr'><strong>Probabili</strong></span> <span class='ocrx_word' id='word_1_223' title='bbox 3557 1673 3591 1843; x_wconf 86' lang='lat' dir='ltr'><strong>caussa</strong></span> <span class='ocrx_word' id='word_1_224' title='bbox 3537 1307 3601 1631; x_wconf 76' lang='lat' dir='ltr'><strong>Hippolytum</strong></span> 
     </span>
    </p>
   </div>
   <div class='ocr_carea' id='block_1_6' title="bbox 3687 1299 4255 2906">
    <p class='ocr_par' dir='ltr' id='par_1_9' title="bbox 3687 1299 4255 2906">
     <span class='ocr_line' id='line_1_35' title="bbox 3687 1304 3772 2906; textangle 90"><span class='ocrx_word' id='word_1_225' title='bbox 3717 2860 3772 2906; x_wconf 51' lang='lat'><strong>³*)</strong></span> <span class='ocrx_word' id='word_1_226' title='bbox 3717 2732 3758 2828; x_wconf 81' lang='lat' dir='ltr'><strong>Non</strong></span> <span class='ocrx_word' id='word_1_227' title='bbox 3714 2578 3768 2711; x_wconf 78' lang='lat' dir='ltr'><strong>digna</strong></span> <span class='ocrx_word' id='word_1_228' title='bbox 3715 2460 3750 2557; x_wconf 85' lang='lat' dir='ltr'><strong>sunt</strong></span> <span class='ocrx_word' id='word_1_229' title='bbox 3722 2326 3760 2435; x_wconf 86' lang='lat' dir='ltr'><strong>quae</strong></span> <span class='ocrx_word' id='word_1_230' title='bbox 3706 2058 3746 2302; x_wconf 73' lang='lat' dir='ltr'><strong>refutentur</strong></span> <span class='ocrx_word' id='word_1_231' title='bbox 3703 1930 3742 2043; x_wconf 86' lang='lat' dir='ltr'><strong>hacc</strong></span> <span class='ocrx_word' id='word_1_232' title='bbox 3695 1745 3739 1913; x_wconf 80' lang='lat' dir='ltr'><strong>Monkii</strong></span> <span class='ocrx_word' id='word_1_233' title='bbox 3692 1567 3734 1726; x_wconf 78' lang='lat' dir='ltr'><strong>verba:</strong></span> <span class='ocrx_word' id='word_1_234' title='bbox 3687 1304 3740 1534; x_wconf 80' lang='lat' dir='ltr'><strong>„Fabulae</strong></span> 
     </span>
     <span class='ocr_line' id='line_1_36' title="bbox 3758 1304 3827 2825; textangle 90"><span class='ocrx_word' id='word_1_235' title='bbox 3790 2651 3827 2825; x_wconf 85' lang='lat' dir='ltr'><strong>nostrae</strong></span> <span class='ocrx_word' id='word_1_236' title='bbox 3779 2351 3827 2619; x_wconf 83' lang='lat' dir='ltr'><strong>oeconomia,</strong></span> <span class='ocrx_word' id='word_1_237' title='bbox 3776 2280 3815 2320; x_wconf 93' lang='lat' dir='ltr'><strong>in</strong></span> <span class='ocrx_word' id='word_1_238' title='bbox 3773 2094 3814 2247; x_wconf 82' lang='lat' dir='ltr'><strong>ceteris</strong></span> <span class='ocrx_word' id='word_1_239' title='bbox 3769 1854 3825 2063; x_wconf 75' lang='lat' dir='ltr'><strong>egregia,</strong></span> <span class='ocrx_word' id='word_1_240' title='bbox 3768 1738 3806 1823; x_wconf 89' lang='lat' dir='ltr'><strong>hoc</strong></span> <span class='ocrx_word' id='word_1_241' title='bbox 3760 1534 3803 1710; x_wconf 81' lang='lat' dir='ltr'><strong>nomine</strong></span> <span class='ocrx_word' id='word_1_242' title='bbox 3758 1304 3809 1506; x_wconf 80' lang='lat' dir='ltr'><strong>inculpa-</strong></span> 
     </span>
     <span class='ocr_line' id='line_1_37' title="bbox 3832 1300 3906 2823; textangle 90"><span class='ocrx_word' id='word_1_243' title='bbox 3862 2734 3903 2823; x_wconf 74' lang='lat' dir='ltr'><strong>tur,</strong></span> <span class='ocrx_word' id='word_1_244' title='bbox 3854 2585 3906 2701; x_wconf 83' lang='lat' dir='ltr'><strong>quod</strong></span> <span class='ocrx_word' id='word_1_245' title='bbox 3853 2396 3891 2554; x_wconf 76' lang='lat' dir='ltr'><strong>chorus</strong></span> <span class='ocrx_word' id='word_1_246' title='bbox 3842 2075 3901 2364; x_wconf 72' lang='lat' dir='ltr'><strong>praesenserit</strong></span> <span class='ocrx_word' id='word_1_247' title='bbox 3840 1815 3880 2045; x_wconf 83' lang='lat' dir='ltr'><strong>Phaedrae</strong></span> <span class='ocrx_word' id='word_1_248' title='bbox 3834 1591 3878 1785; x_wconf 83' lang='lat' dir='ltr'><strong>facinus,</strong></span> <span class='ocrx_word' id='word_1_249' title='bbox 3843 1479 3869 1559; x_wconf 88' lang='lat' dir='ltr'><strong>nec</strong></span> <span class='ocrx_word' id='word_1_250' title='bbox 3832 1300 3868 1451; x_wconf 85' lang='lat' dir='ltr'><strong>tamen</strong></span> 
     </span>
     <span class='ocr_line' id='line_1_38' title="bbox 3895 1303 3980 2821; textangle 90"><span class='ocrx_word' id='word_1_251' title='bbox 3925 2584 3980 2821; x_wconf 85' lang='lat' dir='ltr'><strong>prohibere</strong></span> <span class='ocrx_word' id='word_1_252' title='bbox 3926 2376 3961 2553; x_wconf 82' lang='lat' dir='ltr'><strong>conatus</strong></span> <span class='ocrx_word' id='word_1_253' title='bbox 3918 2281 3956 2345; x_wconf 84' lang='lat' dir='ltr'><strong>sit.</strong></span> <span class='ocrx_word' id='word_1_254' title='bbox 3915 2099 3954 2222; x_wconf 85' lang='lat' dir='ltr'><strong>Idem</strong></span> <span class='ocrx_word' id='word_1_255' title='bbox 3909 1872 3964 2069; x_wconf 86' lang='lat' dir='ltr'><strong>profecto</strong></span> <span class='ocrx_word' id='word_1_256' title='bbox 3905 1687 3947 1842; x_wconf 67' lang='lat' dir='ltr'><strong>vitium</strong></span> <span class='ocrx_word' id='word_1_257' title='bbox 3903 1614 3942 1657; x_wconf 88' lang='lat' dir='ltr'><strong>in</strong></span> <span class='ocrx_word' id='word_1_258' title='bbox 3901 1500 3941 1597; x_wconf 87' lang='lat' dir='ltr'><strong>aliis</strong></span> <span class='ocrx_word' id='word_1_259' title='bbox 3895 1303 3948 1481; x_wconf 83' lang='lat' dir='ltr'><strong>Euripi-</strong></span> 
     </span>
     <span class='ocr_line' id='line_1_39' title="bbox 3966 1303 4047 2822; textangle 90"><span class='ocrx_word' id='word_1_260' title='bbox 3996 2755 4036 2822; x_wconf 86' lang='lat' dir='ltr'><strong>dis</strong></span> <span class='ocrx_word' id='word_1_261' title='bbox 3991 2486 4047 2726; x_wconf 80' lang='lat' dir='ltr'><strong>tragoediis</strong></span> <span class='ocrx_word' id='word_1_262' title='bbox 3987 2168 4039 2455; x_wconf 68' lang='lat' dir='ltr'><strong>conspicitur,</strong></span> <span class='ocrx_word' id='word_1_263' title='bbox 3987 2085 4022 2125; x_wconf 90' lang='lat' dir='ltr'><strong>et</strong></span> <span class='ocrx_word' id='word_1_264' title='bbox 3982 1906 4021 2055; x_wconf 82' lang='lat' dir='ltr'><strong>forsan</strong></span> <span class='ocrx_word' id='word_1_265' title='bbox 3978 1822 4017 1875; x_wconf 89' lang='lat' dir='ltr'><strong>ob</strong></span> <span class='ocrx_word' id='word_1_266' title='bbox 3978 1642 4028 1787; x_wconf 83' lang='lat' dir='ltr'><strong>partes</strong></span> <span class='ocrx_word' id='word_1_267' title='bbox 3970 1475 4010 1609; x_wconf 84' lang='lat' dir='ltr'><strong>choro</strong></span> <span class='ocrx_word' id='word_1_268' title='bbox 3966 1303 4006 1443; x_wconf 89' lang='lat' dir='ltr'><strong>tribu—</strong></span> 
     </span>
     <span class='ocr_line' id='line_1_40' title="bbox 4034 1299 4115 2818; textangle 90"><span class='ocrx_word' id='word_1_269' title='bbox 4066 2670 4114 2818; x_wconf 74' lang='lat' dir='ltr'><strong>endas,</strong></span> <span class='ocrx_word' id='word_1_270' title='bbox 4075 2528 4115 2639; x_wconf 85' lang='lat' dir='ltr'><strong>quae</strong></span> <span class='ocrx_word' id='word_1_271' title='bbox 4073 2396 4099 2495; x_wconf 88' lang='lat' dir='ltr'><strong>eum</strong></span> <span class='ocrx_word' id='word_1_272' title='bbox 4071 2340 4097 2365; x_wconf 83' lang='lat' dir='ltr'><strong>a</strong></span> <span class='ocrx_word' id='word_1_273' title='bbox 4068 2180 4094 2310; x_wconf 83' lang='lat' dir='ltr'><strong>scena</strong></span> <span class='ocrx_word' id='word_1_274' title='bbox 4052 1994 4093 2148; x_wconf 85' lang='lat' dir='ltr'><strong>abesse</strong></span> <span class='ocrx_word' id='word_1_275' title='bbox 4063 1878 4089 1963; x_wconf 86' lang='lat' dir='ltr'><strong>non</strong></span> <span class='ocrx_word' id='word_1_276' title='bbox 4046 1627 4091 1849; x_wconf 85' lang='lat' dir='ltr'><strong>sinebant,</strong></span> <span class='ocrx_word' id='word_1_277' title='bbox 4052 1461 4093 1597; x_wconf 74' lang='lat' dir='ltr'><strong>aegre</strong></span> <span class='ocrx_word' id='word_1_278' title='bbox 4034 1299 4076 1431; x_wconf 84' lang='lat' dir='ltr'><strong>vitari</strong></span> 
     </span>
     <span class='ocr_line' id='line_1_41' title="bbox 4104 1299 4187 2816; textangle 90"><span class='ocrx_word' id='word_1_279' title='bbox 4134 2664 4187 2816; x_wconf 86' lang='lat' dir='ltr'><strong>potuit.</strong></span> <span class='ocrx_word' id='word_1_280' title='bbox 4132 2556 4171 2606; x_wconf 87' lang='lat' dir='ltr'><strong>In</strong></span> <span class='ocrx_word' id='word_1_281' title='bbox 4131 2457 4170 2532; x_wconf 88' lang='lat' dir='ltr'><strong>illo</strong></span> <span class='ocrx_word' id='word_1_282' title='bbox 4132 2286 4169 2431; x_wconf 84' lang='lat' dir='ltr'><strong>autem</strong></span> <span class='ocrx_word' id='word_1_283' title='bbox 4122 2120 4178 2263; x_wconf 75' lang='lat' dir='ltr'><strong>magis</strong></span> <span class='ocrx_word' id='word_1_284' title='bbox 4134 1890 4174 2095; x_wconf 84' lang='lat' dir='ltr'><strong>peccasse</strong></span> <span class='ocrx_word' id='word_1_285' title='bbox 4116 1686 4159 1859; x_wconf 85' lang='lat' dir='ltr'><strong>videtur</strong></span> <span class='ocrx_word' id='word_1_286' title='bbox 4110 1444 4163 1655; x_wconf 77' lang='lat' dir='ltr'><strong>tragicuS,</strong></span> <span class='ocrx_word' id='word_1_287' title='bbox 4104 1299 4157 1413; x_wconf 54' lang='lat' dir='ltr'><strong>quad</strong></span> 
     </span>
     <span class='ocr_line' id='line_1_42' title="bbox 4176 1299 4255 2814; textangle 90"><span class='ocrx_word' id='word_1_288' title='bbox 4204 2720 4255 2814; x_wconf 87' lang='lat' dir='ltr'><strong>ipse</strong></span> <span class='ocrx_word' id='word_1_289' title='bbox 4201 2560 4241 2678; x_wconf 86' lang='lat' dir='ltr'><strong>necis</strong></span> <span class='ocrx_word' id='word_1_290' title='bbox 4199 2346 4250 2521; x_wconf 83' lang='lat' dir='ltr'><strong>modus,</strong></span> <span class='ocrx_word' id='word_1_291' title='bbox 4208 2176 4247 2303; x_wconf 87' lang='lat' dir='ltr'><strong>quem</strong></span> <span class='ocrx_word' id='word_1_292' title='bbox 4191 1976 4233 2138; x_wconf 84' lang='lat' dir='ltr'><strong>initura</strong></span> <span class='ocrx_word' id='word_1_293' title='bbox 4192 1821 4229 1933; x_wconf 83' lang='lat' dir='ltr'><strong>esset</strong></span> <span class='ocrx_word' id='word_1_294' title='bbox 4182 1550 4227 1780; x_wconf 83' lang='lat' dir='ltr'><strong>Phaedra,</strong></span> <span class='ocrx_word' id='word_1_295' title='bbox 4191 1479 4217 1505; x_wconf 88' lang='lat' dir='ltr'><strong>a</strong></span> <span class='ocrx_word' id='word_1_296' title='bbox 4176 1299 4215 1434; x_wconf 87' lang='lat' dir='ltr'><strong>choro</strong></span> 
     </span>
    </p>
   </div>
   <div class='ocr_carea' id='block_1_7' title="bbox 4268 2436 4326 2810">
    <p class='ocr_par' dir='ltr' id='par_1_10' title="bbox 4268 2436 4326 2810">
     <span class='ocr_line' id='line_1_43' title="bbox 4268 2436 4326 2810; textangle 90"><span class='ocrx_word' id='word_1_297' title='bbox 4271 2567 4326 2810; x_wconf 83' lang='lat' dir='ltr'><strong>praedictus</strong></span> <span class='ocrx_word' id='word_1_298' title='bbox 4268 2436 4309 2531; x_wconf 84' lang='lat' dir='ltr'><strong>sit.⁷⁷</strong></span> 
     </span>
    </p>
   </div>
   <div class='ocr_carea' id='block_1_8' title="bbox 3382 834 3522 845">
    <p class='ocr_par' dir='ltr' id='par_1_11' title="bbox 3382 834 3522 845">
     <span class='ocr_line' id='line_1_44' title="bbox 3382 834 3522 845; textangle 90"><span class='ocrx_word' id='word_1_299' title='bbox 3382 834 3522 845; x_wconf 95' lang='lat' dir='ltr'><strong> </strong></span> 
     </span>
    </p>
   </div>
  </div>
 </body>
</html>
