5010 3336
2262 3278 2291 3331 md·

1164 2161 1219 2279 449

1322 2967 1355 3054 cae
1307 2679 1355 2934 invasionis
1307 2464 1355 2643 famam
1323 2371 1355 2428 eo
1313 2100 1370 2336 tempore,
1325 1971 1371 2064 quo
1312 1759 1374 1936 scripta
1313 1669 1359 1733 sit
1313 1516 1360 1637 haec
1318 1398 1362 1494 tra-

1386 2850 1448 3054 goedia,
1387 2629 1434 2788 denuo
1387 2322 1435 2582 excitatam
1386 2088 1445 2274 fuisse,
1390 1845 1436 2027 exortis
1391 1706 1451 1785 qui
1392 1505 1438 1660 victos
1394 1398 1441 1456 ab

1464 2772 1527 3055 alienigenis
1465 2418 1512 2737 Athenienses
1465 2020 1527 2383 peregrinorum
1483 1808 1527 1976 regum
1468 1398 1519 1773 dominationem

1543 2863 1590 3055 subisse
1544 2582 1591 2831 iactarent.
1544 2315 1591 2515 Scilicet
1543 2139 1589 2282 otiosi
1559 1902 1605 2096 semper
1562 1779 1607 1868 per
1546 1653 1591 1735 illa
1552 1397 1610 1618 tempora

1626 2916 1668 3055 erant
1622 2542 1682 2883 Athenienses,
1622 2385 1670 2505 nihil
1637 2073 1684 2351 magnarum
1638 1874 1669 2036 rerum
1625 1581 1684 1836 curabant,
1626 1400 1674 1545 nullis

1700 2918 1746 3057 malis
1700 2585 1749 2885 laborabant.
1702 2318 1763 2515 Itaque,
1706 2230 1746 2282 ut
1700 2116 1758 2197 fit,
1701 2009 1747 2069 ad
1700 1625 1759 1973 alienissimas,
1704 1400 1752 1578 vilissi-

1794 2922 1837 3057 mas,
1780 2536 1827 2887 remotissimas
1795 2413 1826 2491 res
1779 2195 1825 2379 animos
1778 1849 1826 2158 advertentes
1780 1752 1826 1813 de
1782 1551 1843 1716 stirpis
1799 1399 1831 1515 suae

1856 2779 1919 3060 incorrupta
1858 2465 1922 2743 integritate
1858 2112 1918 2421 quaerebant.
1857 1888 1918 2043 Quam
1860 1520 1919 1853 quaestionem
1878 1401 1910 1485 ex-

1934 2890 1997 3059 plicari
1952 2709 1998 2854 quum
1937 2512 1983 2687 summi
1936 2256 1983 2490 momenti
1952 2112 1982 2221 esse
1936 1888 1983 2090 duceret
1936 1573 1999 1855 Euripides,
1956 1403 1987 1536 com-

2019 2868 2061 3059 mentus
2019 2758 2061 2832 est
2015 2493 2061 2725 rationem
2030 2341 2061 2457 sane
2014 1967 2073 2305 artificiosam,
2031 1826 2076 1921 qua
2017 1579 2079 1782 probata
2019 1403 2066 1532 cives

2107 2901 2139 3061 meros
2107 2802 2139 2856 se
2092 2400 2140 2755 autochthones
2108 2244 2139 2353 esse
2095 1937 2140 2196 crederent
2095 1543 2143 1891 confidentius.
2098 1402 2145 1475 Ea

2186 2946 2218 3062 vero
2186 2799 2217 2911 cura
2171 2621 2234 2764 digna
2175 2456 2218 2588 tanto
2171 2324 2217 2421 fuit
2172 2111 2233 2291 populo
2176 1858 2233 2090 tantoque
2171 1674 2235 1841 poeta!
2175 1404 2235 1627 Accedit,

2254 3006 2296 3062 ut
2248 2787 2296 2974 fructus
2264 2681 2296 2742 ex
2266 2575 2297 2633 ea
2249 2236 2310 2543 inquisitione
2251 2057 2297 2190 nasci
2252 1764 2312 2013 potuerInt
2253 1404 2314 1718 amplissimi:

2342 2953 2375 3064 nam
2327 2617 2375 2894 certissime
2328 2252 2387 2559 Sicilienses,
2330 2155 2375 2197 si
2344 1966 2375 2106 veros
2329 1598 2393 1915 sincerosque
2332 1405 2380 1546 Iones

2405 2742 2454 3065 Athenienses
2422 2596 2452 2706 esse
2407 2184 2454 2561 demonstratum
2413 1985 2467 2147 esset,
2425 1803 2470 1949 quum
2410 1551 2458 1767 eiusdem
2412 1404 2458 1515 stir-

2485 2991 2547 3066 pis
2487 2768 2545 2956 partem
2484 2476 2531 2721 civitatum
2484 2140 2531 2439 Sicilicarum
2502 1992 2534 2103 esse
2489 1600 2548 1958 meminissent,
2491 1405 2538 1555 vehe-

2563 2916 2610 3065 menti
2562 2719 2610 2881 studio
2563 2438 2609 2695 amicitiam
2564 2223 2611 2415 illorum
2566 1970 2627 2197 amplecti
2581 1743 2615 1946 necesse
2574 1605 2616 1722 erat.
2569 1407 2629 1569 Quan-

2646 2959 2689 3065 tum
2641 2774 2705 2924 igitur
2642 2692 2690 2741 in
2641 2420 2703 2656 Euripide
2642 2276 2702 2384 fuit,
2642 2073 2691 2239 Sicilia
2646 1891 2707 2038 potiri
2650 1590 2709 1858 potuerunt
2649 1408 2696 1558 Athe-

2720 2852 2771 3066 ilienses·

2798 2836 2846 2935 Sed
2801 2672 2847 2799 serio
2816 2520 2848 2624 rem
2816 2260 2864 2474 agamus.
2802 2083 2863 2190 Quo
2804 1761 2865 2034 pertineant
2804 1636 2851 1717 illa
2805 1527 2852 1590 de
2820 1409 2867 1494 ge-

2876 2908 2926 3068 nuinis
2880 2598 2941 2872 spur-iisque
2879 2449 2925 2564 filiis
2880 2255 2939 2413 dicta,
2881 2012 2942 2218 cognitis
2881 1891 2941 1977 iis,
2897 1728 2942 1854 quae
2884 1632 2931 1695 de
2884 1408 2946 1599 spurio-

2972 2962 3003 3068 rum
2957 2619 3005 2925 damnatione
2973 2484 3020 2574 per
2957 2208 3004 2449 Periclem
2958 2038 3005 2166 facta
2958 1831 3021 1989 deque
2962 1521 3009 1791 eorundem
2978 1409 3009 1487 re-

3035 2814 3083 3070 stitutione
3036 2501 3083 2789 Plutarchus
3037 2419 3083 2467 in
3037 2260 3083 2385 illius
3037 2132 3083 2230 vita
3052 2056 3085 2097 c.
3040 1954 3087 2033 37.
3039 1704 3101 1915 scripsit,
3040 1409 3104 1668 intelliges.

3113 2812 3161 3071 Simillima
3114 2685 3162 2779 fuit
3115 2496 3177 2652 spurii
3115 2259 3162 2462 Periclis
3116 2137 3162 2223 filii
3121 1958 3178 2103 atque
3116 1801 3165 1925 lonis
3120 1517 3181 1765 conditio,
3124 1409 3166 1481 at-

3207 2974 3255 3069 que
3193 2748 3239 2940 omnino
3193 2497 3240 2712 omnium
3194 2184 3255 2461 spuriorum
3210 1928 3241 2146 caussam
3212 1781 3243 1890 cum
3197 1618 3244 1746 Ionis
3212 1410 3245 1579 caussa

3270 2791 3332 3068 suscepisse
3270 2506 3333 2766 Euripides
3271 2275 3320 2479 videtur.
3272 2139 3317 2202 Et
3273 1812 3335 2106 reipublicae
3275 1410 3322 1777 Atheniensium

3353 2895 3407 3070 status,
3364 2716 3411 2858 quem
3348 2467 3396 2678 ostendit
3349 2124 3409 2430 Plutarchus,
3351 1983 3414 2089 ipse
3352 1661 3414 1948 exprimitur
3354 1551 3402 1627 his
3354 1411 3401 1515 Eu·-

3426 2900 3491 3071 ripidis
3428 2675 3475 2863 verbis:

3500 2606 3568 2943 πενομένα
3504 2472 3569 2572 γὰρ
3505 2370 3555 2435 ἂν
3506 2191 3566 2336 πόλις
3504 2050 3571 2156 ἔχοι
3510 1822 3573 2014 σκῆψιν

3584 2738 3645 2941 ξενικὸν
3584 2466 3648 2702 εἰςβολιέν

3680 3030 3712 3074 v.
3667 2875 3726 3006 721„
3667 2666 3728 2839 quibus
3665 2505 3712 2630 adde
3667 2376 3711 2467 591
3680 2215 3727 2350 seqq.
3669 2082 3713 2178 836
3684 1923 3729 2055 seqq.
3670 1760 3714 1885 1058
3683 1599 3730 1733 seqq.
3668 1412 3716 1552 Ilaec

3759 2964 3791 3074 cum
3744 2670 3808 2906 legimus,
3759 2451 3792 2608 nonne
3744 2080 3791 2405 Athenienses
3746 1884 3808 2018 ipsos
3747 1525 3809 1826 disputantes
3747 1412 3794 1474 de

3822 2968 3869 3076 iure
3822 2727 3870 2934 civitatis
3824 2523 3871 2692 audire
3824 2352 3870 2487 nobis
3823 2070 3883 2315 videmur,
3842 1879 3887 2025 quum
3826 1688 3887 1844 gentis
3841 1536 3873 1651 suae
3841 1414 3872 1501 no-

3900 2880 3949 3068 bilitate
3903 2497 3966 2836 superbientes
3902 2256 3964 2446 spurios
3905 1954 3965 2216 respuant?
3905 1643 3952 1879 Eiusdem
3905 1414 3967 1608 generis

3985 2967 4039 3073 est,
3982 2783 4042 2915 quod
3981 2636 4040 2748 lon,
3997 2488 4044 2582 quo
3982 2344 4028 2451 loco
3982 2089 4042 2296 primum
3999 1781 4030 2051 sermonem
3999 1636 4029 1742 cum
3983 1414 4030 1598 semina

4056 2783 4106 3074 Atheniensi
4060 2596 4109 2749 nobili
4062 2334 4118 2560 conserit,
4060 2163 4118 2298 nihil,
4062 1998 4122 2126 quod
4077 1914 4109 1974 ex
4079 1831 4110 1886 ca
4068 1589 4124 1806 quaerat,
4063 1417 4125 1550 prius

4135 2909 4195 3076 habet,
4153 2733 4199 2874 quam
4140 2468 4202 2698 originem
4139 2273 4204 2433 gentis
4139 2019 4186 2239 Atticae:

4212 2890 4264 2946 ἐκ
4217 2762 4282 2858 γῆς
4216 2534 4282 2728 πατρός
4227 2402 4268 2501 σου
4216 2093 4281 2354 πρόγονος
4212 1807 4280 2052 ἔβλαστεν
4218 1576 4282 1773 πατήρς
4218 1424 4267 1529 κτλ..

4298 2032 4358 2098 (v.
4296 1862 4358 1995 270.)

4378 1744 4423 1807 29
