5010 3336
2755 3273 2798 3321 ist.

1034 2098 1092 2217 255

1190 2896 1242 2983 καὶ
1189 2678 1254 2861 ξίφους
1182 2313 1250 2646 πεμφθέντος
1179 2181 1231 2284 ὑπὸ
1180 2049 1228 2146 τοῦ
1174 1817 1238 2029 πατρός,
1176 1579 1240 1782 ἄνομον
1169 1335 1235 1559 κρίνασα

1268 2771 1335 2981 ἑαυτήν,
1267 2418 1332 2719 διεχρήσατο
1267 2331 1325 2394 ²²²).
1254 2046 1323 2274 Ὁμοίως
1255 1956 1306 2012 δὲ
1254 1837 1305 1923 καὶ
1253 1774 1305 1803 ὁ
1252 1452 1317 1737 Μακαρεύς
1252 1335 1313 1435 st).

1353 2783 1399 2981 Praeter
1350 2663 1396 2751 hos
1348 2372 1412 2628 plurimum
1342 2278 1389 2336 ad
1337 1857 1404 2241 perspiciendam
1337 1594 1383 1821 dramatis
1340 1334 1382 1550 naturam

1430 2818 1477 2980 Ovidii
1427 2544 1490 2768 (Ileroid.
1425 2401 1485 2505 xl.)
1420 2158 1469 2347 confert
1418 1909 1465 2126 imitatio.
1415 1588 1462 1842 Accedunt
1415 1331 1477 1540 denique

1508 2628 1570 2980 Aristophanis,
1503 2348 1559 2590 Platonis,
1498 1943 1546 2313 scholiastarum
1492 1814 1558 1916 ‘²²²³²²³‘)
1500 1728 1541 1777 et
1494 1513 1555 1695 Hygini
1511 1332 1555 1478 quae-

1588 2871 1634 2981 dam
1582 2342 1633 2823 commemorationes
1595 2184 1626 2293 cum
1576 1756 1639 2140 fragmentorum
1588 1508 1619 1710 numero
1575 1331 1622 1458 haud

1667 2840 1729 2981 plane
1666 2605 1726 2803 exiguo,
1661 2383 1723 2555 quibus
1658 2242 1705 2339 uixi
1656 2009 1704 2199 auxiliis
1655 1876 1700 1967 iam
1652 1616 1699 1827 Grauert
1652 1536 1697 1583 in
1668 1329 1699 1499 museo

1746 2825 1792 2978 Rhen.
1744 2682 1790 2790 anni
1743 2506 1790 2646 1828.
1738 2347 1802 2468 p.11.
1754 2272 1800 2318 p.
1739 2169 1783 2246 50.
1740 2082 1782 2131 et
1733 1763 1781 2049 Welckerus
1748 1685 1794 1732 p.
1734 1554 1779 1663 860.
1747 1330 1794 1525 operam

1826 2935 1871 2981 in
1821 2565 1887 2900 reperiendam
1818 2289 1867 2519 dramatis
1820 1948 1863 2242 structuram
1826 1810 1860 1901 non
1810 1547 1858 1764 inutilem
1817 1328 1859 1499 contu-

1904 2804 1951 2981 lerunt.

1979 2659 2028 2850 Nutrici
1983 2463 2043 2625 partes
1974 2123 2039 2430 gravissimas
1971 1883 2019 2088 tributas
1969 1677 2017 1831 fuisse
1984 1439 2016 1642 necesse
1974 1324 2016 1400 est

2060 2903 2108 2982 vel
2060 2746 2107 2870 hanc
2060 2652 2107 2712 ob
2073 2371 2114 2616 caussam,
2054 2197 2117 2326 quod
2058 1993 2116 2161 partus
2050 1765 2112 1962 virginis
2054 1680 2097 1730 et
2048 1484 2096 1647 statim
2055 1323 2112 1438 post

2140 2851 2187 2980 hunc
2138 2513 2200 2792 asportandi
2134 2254 2184 2453 infantis
2138 1994 2181 2196 conatus
2129 1569 2177 1931 ostendebatur.
2128 1325 2175 1470 Eius-

2219 2866 2268 2979 dem
2218 2674 2280 2820 igitur
2232 2372 2280 2629 personam
2212 2023 2277 2321 aptissimam
2210 1831 2257 1987 fuisse
2223 1617 2255 1796 censeo
2206 1524 2254 1583 ad
2206 1324 2255 1486 dicen-

2300 2864 2347 2977 dum
2298 2493 2362 2827 prooemium,
2310 2350 2358 2444 quo
2309 2191 2356 2315 quae
2289 1763 2345 2156 continebantur,
2302 1549 2334 1715 eorum
2291 1324 2350 1514 partem

2380 2931 2426 2977 in
2377 2599 2440 2894 Apollodoro
2376 2528 2433 2561 Ι,
2378 2446 2432 2492 7,
2377 2366 2419 2410 3.
2372 2113 2419 2327 invenire
2369 1962 2415 2079 mihi
2367 1724 2423 1917 videor,
2367 1458 2427 1672 quamvis
2380 1322 2413 1411 no-

2458 2849 2505 2973 mina
2472 2710 2503 2801 nou
2456 2521 2518 2663 plane
2452 2164 2500 2475 conveniant:
2447 1916 2504 2107 Αἴολος
2442 1812 2494 1867 δὲ
2443 1471 2508 1762 βασιλεύων
2444 1321 2493 1426 τῶν

2532 2825 2598 2973 περὶ
2531 2671 2598 2790 τὴν
2530 2262 2582 2635 Θεσσαλίαν
2527 2006 2578 2227 τόπων
2527 1838 2587 1979 *'‘*'‘)
2518 1683 2583 1807 τοὺς
2522 1319 2582 1656 ἐνοικοῦντας

2615 2766 2672 2973 Αἰολεῖς
2611 2324 2677 2734 προςηγόρευσε,
2607 2203 2658 2290 καὶ
2608 2003 2671 2169 γήμας
2598 1683 2669 1962 Ἐναρέτην
2603 1554 2669 1649 τὴν
2604 1322 2669 1521 Δηϊμοέ-

2712 2876 2760 2974 χου
2693 2652 2752 2842 παῖδας
2691 2525 2757 2618 μὲν
2688 2220 2755 2491 ἐγέννησεν
2684 2032 2747 2186 έπτοί,
2681 1691 2750 1994 Κρηθέα,
2684 1319 2747 1653 Σίσυφον,

2769 2565 2839 2967 Ἀθάμαντα,
2768 2126 2834 2519 Σαλμωνέα,
2766 1847 2830 2080 Δηϊόνα,
2764 1511 2829 1800 Ma'yvma,
2766 1319 2827 1475 Περι-

2856 2819 2922 2973 ήρην,
2851 2490 2918 2786 θυγατέρας
2850 2402 2901 2456 δὲ
2848 2201 2910 2367 πέντε,
2846 1814 2911 2161 Κανάκην,
2839 1480 2909 1784 Ἀλκυόνην,
2846 1318 2892 1440 Πει-

2935 2738 2999 2971 σιδίκην,
2932 2402 2995 2683 Καλύκην,
2928 2044 2994 2366 Περιμήδην.
2929 1658 2989 1959 Magnopere
2928 1487 2973 1610 enim
2926 1316 2971 1435 haec

3016 2693 3081 2972 conspirant
3030 2552 3062 2660 cum
3013 2247 3076 2518 fragmento
3011 2039 3075 2212 primo,
3008 1874 3071 2004 quod
3006 1725 3069 1837 quin
3006 1550 3055 1692 huius
3004 1448 3052 1511 sit
3011 1316 3051 1419 tra-

3095 2752 3158 2973 goediae,
3108 2622 3140 2717 non
3092 2472 3140 2587 sinit
3092 2217 3139 2439 dubitare
3086 1850 3136 2184 testimouium
3086 1564 3134 1813 Strabonis
3082 1457 3146 1544 †):

3208 2863 3261 2912 δ)
3206 2688 3247 2833 Stob.:
3205 2478 3251 2635 Αἴολος
3202 2393 3245 2439 δὲ
3200 2248 3257 2351 περὶ
3198 2034 3242 2207 τούτων
3195 1828 3251 1995 μαθών
3197 1722 3253 1778 τῇ
3195 1486 3251 1682 θυγατρὶ
3195 1315 3248 1446 ξίφος

3274 2608 3328 2835 ἔπεμψεν·
3272 2540 3328 2568 ἡ
3272 2427 3326 2499 δέ,
3269 2315 3320 2384 ὥς
3268 2095 3324 2274 νόμον
3267 1846 3321 2065 δεξαμένη
3265 1729 3309 1811 τὸν
3267 1490 3321 1700 σίδηρον,
3261 1313 3318 1458 αὐτὴν

3355 3174 3411 3180 l
3342 2672 3386 2830 ἀνεῖλε.
3320 1490 3328 1496 ’

3440 3164 3492 3180 Ῑῑ
3417 2860 3469 2923 **)
3413 2574 3456 2831 Accuratius
3412 2402 3454 2548 Stol›.:
3406 2117 3463 2369 ΖΠακαρεὺς
3404 2025 3459 2087 δέ,
3404 1915 3449 1995 τὸν
3402 1606 3459 1887 γεννήσαντα
3403 1315 3459 1578 προεξιλεω-

3507 3162 3574 3168 3
3484 2631 3539 2834 σάμενος,
3481 2412 3537 2601 ἔδραμεν
3482 2319 3529 2382 εἰς
3477 2212 3521 2292 τὸν
3478 1949 3530 2182 θάλαμον
3474 1771 3531 1914 εὑρών
3472 1694 3516 1741 δὲ
3474 1581 3527 1665 τὴν
3470 1314 3527 1549 ἀγαπωμέ-

3570 3162 3596 3167 4
3582 3121 3591 3127 -
3571 2750 3608 2834 νην
3552 2337 3609 2717 αἱμορραγοῦσαν,
3550 2246 3605 2307 τῷ
3548 2090 3604 2213 αὐτῷ
3548 1941 3601 2059 ξίφει
3542 1832 3588 1913 τὸν
3546 1703 3601 1803 βίον
3542 1386 3599 1673 περιέγραψε.

3626 2859 3679 2947 ***)
3626 2677 3668 2827 Schol.
3622 2510 3664 2640 Arist.
3622 2364 3663 2477 Nub.
3618 2193 3661 2326 1374:
3618 1895 3673 2141 γέγραπται
3614 1798 3657 1846 δὲ
3616 1608 3672 1757 δρᾶμα
3609 1311 3668 1568 Εὐριπίδου

3695 2673 3744 2831 Αἴολος
3690 2392 3747 2644 λεγόμενον,
3690 2313 3733 2359 ἐν
3683 2250 3747 2283 ᾦ
3686 1989 3745 2221 παρήγαγε
3683 1710 3742 1960 Μακαρέα,
3683 1600 3727 1681 τὸν
3683 1423 3725 1571 παῖδα
3681 1310 3722 1387 AK-

3761 2703 3815 2827 ὅλον,
3764 2414 3818 2671 φθείραντα
3760 2168 3813 2386 Κανάκην
3757 2056 3813 2139 τὴν
3753 1810 3811 2025 ἀδελφήν.
3756 1631 3796 1753 Idem
3754 1491 3795 1603 Ran.
3751 1367 3793 1463 873.

3834 2857 3887 2965 ****)
3834 2649 3874 2827 Diodor.
3834 2556 3885 2626 IV,
3832 2459 3873 2536 67:
3828 2338 3885 2423 τὴν
3827 2208 3872 2309 τότε
3828 2097 3881 2179 μὲν
3828 1872 3878 2073 Αἰολίδα,
3825 1761 3868 1844 νῦν
3823 1694 3867 1743 δὲ
3823 1418 3867 1665 Θετταλίαν
3836 1310 3862 1390 κα-

3902 2596 3958 2831 λουμένην.

3972 2861 4022 2913 †)
3973 2672 4014 2831 Strabo
3972 2528 4012 2641 VIII.
3986 2462 4024 2503 p.
3968 2346 4012 2442 546.
3970 2264 4010 2317 Β.
3966 2078 4022 2242 (246.):
3964 2008 4020 2037 ἦ
3964 1918 4007 1966 δὲ
3962 1654 4019 1878 Σαλμώνη
3962 1432 4016 1622 πλησίον
3958 1310 4001 1402 ἐστὶ

4041 2750 4094 2831 τῆς
4039 2476 4095 2719 ὁμωνύμου
4038 2254 4097 2444 κρήνης,
4036 2170 4089 2213 ἐξ
4030 2077 4091 2129 ἧς
4035 1966 4091 2036 ῥεῖ
4034 1916 4078 1940 o‘
4030 1666 4082 1887 Ἐνιπεύς.
4029 1379 4086 1609 Ἑμβάλλει
4024 1310 4070 1350 δ’

4110 2765 4158 2828 εἰς
4109 2657 4153 2737 τὸν
4109 2421 4166 2630 Ἀλφειόν,
4112 2190 4153 2393 καλεῖται
4106 2122 4150 2170 δὲ
4107 2009 4148 2091 νῦν
4107 1752 4162 1987 Βαρνίχιος
4107 1634 4146 1724 κτλ.
4099 1308 4144 1597 Ἐνταῦθα

4178 2732 4235 2835 γὰρ
4181 2364 4235 2701 βασιλεῦσαι
4178 2256 4222 2337 τὸν
4175 2058 4232 2231 πατέρα
4172 1894 4230 2037 αὐτῆς
4172 1601 4229 1873 Σαλμωνέα,
4166 1309 4222 1577 καθάπερ

4248 2386 4306 2831 καὶΕὗριπίδης
4248 2300 4292 2356 ἐν
4244 2087 4303 2267 Αἰόλῳ
4246 1867 4300 2054 φησίν.
4237 1453 4239 1455 ’
