5010 3336
3938 2117 3993 2235 184

3811 1324 3861 1528 excitari
3806 1565 3860 1699 fecit.
3797 1767 3856 2213 Vehementissime
3795 2236 3844 2363 enim
3795 2390 3844 2450 ad
3787 2474 3838 2738 crudeliter
3779 2764 3833 3013 ulciscen-

3733 1322 3780 1436 dum
3729 1474 3779 1700 homines
3711 1733 3776 1919 impelli
3719 1954 3770 2114 solent
3707 2145 3762 2277 tum,
3702 2334 3747 2482 quum
3706 2531 3758 2792 clementia
3702 2842 3749 2920 usi
3700 2955 3732 3012 se

3650 1321 3697 1562 contemni
3635 1596 3693 1744 atque
3645 1779 3695 1911 eludi
3627 1947 3686 2136 putant.
3633 2204 3685 2481 Prudenter
3629 2517 3678 2667 etiam
3625 2703 3658 2805 rem
3623 2834 3671 2905 sic
3622 2930 3669 3010 in-

3560 1320 3621 1491 stituit,
3571 1526 3615 1580 ut
3568 1613 3618 1777 insons
3549 1814 3615 2063 Thyestes
3554 2097 3606 2399 mulcaretur
3536 2449 3594 2618 utque,
3532 2674 3578 2821 quum
3542 2856 3590 3005 rebus

3491 1321 3543 1540 adversis
3487 1594 3538 1800 edoctus
3484 1850 3526 1982 esset
3481 2027 3513 2121 non
3476 2155 3526 2285 male
3472 2333 3521 2497 vivere
3455 2544 3516 2626 qui
3465 2660 3499 2865 nascens
3462 2901 3495 3007 mo-

3397 1316 3463 1547 riensque
3395 1569 3458 1783 falleret,
3403 1819 3454 2048 liberatus
3385 2075 3449 2185 ipse
3379 2219 3441 2455 regnandi
3374 2491 3437 2739 cupidine,
3366 2775 3417 2806 a
3382 2836 3432 3006 liberis

3337 1316 3385 1378 ad
3319 1410 3379 1683 perniciem
3325 1719 3376 2014 duceretur:
3320 2062 3369 2185 haec
3315 2232 3363 2358 enim
3297 2395 3358 2582 aptiora
3308 2617 3350 2728 sunt
3307 2763 3354 2823 ad
3303 2859 3350 3007 mise-

3251 1314 3304 1580 ricordiam
3234 1615 3295 1930 movendam,
3228 1981 3274 2123 quam
3239 2169 3286 2210 si
3236 2257 3284 2305 in
3218 2356 3282 2465 ipso
3228 2504 3276 2693 scelere
3209 2728 3276 3003 deprensus

3161 1312 3225 1633 plecteretur.
3168 1706 3218 1892 Scitum
3163 1927 3213 2047 illud
3144 2076 3193 2269 quoque
3143 2296 3197 2387 est,
3140 2424 3196 2552 quod
3132 2582 3196 2782 Aerope
3146 2811 3178 2869 eo
3128 2895 3192 3004 ipso

3081 1311 3141 1567 tempore,
3076 1614 3122 1711 quo
3086 1758 3135 1967 salutem
3066 2016 3132 2251 Thyestis
3077 2302 3120 2352 et
3070 2398 3123 2664 liberorum
3067 2702 3115 2808 eius
3049 2844 3114 3003 impe-

3015 1310 3059 1470 trasse
3011 1522 3060 1617 sibi
3010 1667 3057 1772 visa
2996 1820 3050 1918 est,
2999 1972 3049 2227 consilium
2996 2281 3045 2421 Atrei
2990 2475 3041 2670 adiuvat
2988 2706 3030 2754 et
2984 2782 3034 3003 malitiae

2922 1309 2985 1589 opitulatur.
2929 1655 2980 1780 Nam
2911 1815 2976 2011 Aerope
2919 2046 2969 2284 suadente
2901 2319 2965 2594 Thyestem
2910 2642 2957 2700 ab
2907 2751 2955 2848 aris
2905 2900 2952 3001 dis-

2854 1310 2903 1523 cessisse
2851 1557 2894 1608 et
2851 1641 2899 1691 in
2848 1728 2896 1877 aedes
2842 1910 2895 2120 intrasse
2826 2156 2889 2300 plane
2831 2334 2878 2665 necessarium
2816 2711 2871 2802 est,
2811 2839 2859 3000 neque

2760 1307 2826 1551 colloquio
2771 1586 2819 1726 Atrei
2755 1762 2813 1910 atque
2747 1944 2812 2168 Aeropes
2742 2202 2807 2468 quidquam
2734 2503 2799 2854 proficeretur,
2745 2906 2794 3001 nisi

2698 1305 2747 1436 hunc
2693 1469 2744 1677 haberet
2689 1712 2732 1955 eventum.
2686 2024 2733 2078 In
2667 2114 2714 2434 personarum
2660 2471 2719 2718 moribuS‚
2652 2756 2716 2999 imprimis

2618 1305 2667 1444 Atrei
2601 1478 2661 1626 atque
2597 1660 2662 1918 Thyestis,
2591 1956 2651 2288 exprimendis
2583 2324 2647 2470 plane
2576 2506 2641 2763 singularis
2570 2799 2636 2998 Euripi—

2540 1304 2589 1382 dis
2535 1419 2572 1498 ars
2518 1535 2580 1852 conspicitur.
2508 1924 2577 2255 Philosophus
2502 2292 2561 2500 uterque
2503 2537 2555 2641 est,
2507 2688 2551 2861 nactus
2504 2913 2537 2999 au-

2460 1304 2504 1404 tem
2458 1441 2500 1520 est
2456 1555 2488 1615 ex
2433 1651 2501 1967 philosophia
2447 2001 2495 2084 ille
2423 2119 2492 2410 divinarum,
2435 2449 2483 2527 hic
2427 2560 2480 2878 humanarum
2425 2915 2457 2997 re-

2381 1302 2414 1410 rum
2362 1445 2427 1831 despicientiam.
2354 1903 2417 2017 llle7
2365 2060 2407 2112 ut
2346 2147 2409 2413 physicus,
2341 2452 2402 2534 qui
2349 2569 2384 2732 rerum
2331 2769 2393 2997 cognovit

2299 1303 2335 1506 caussas
2298 1543 2337 1592 et
2291 1625 2335 1830 naturae
2274 1864 2331 2115 portarum
2265 2152 2329 2349 effregit
2261 2384 2323 2613 claustra,

2205 1432 2268 1632 „Quem
2195 1668 2246 1834 neque
2195 1852 2256 2010 sama
2202 2057 2253 2209 deam
2197 2255 2230 2351 nec
2178 2383 2242 2647 fulmina,
2188 2696 2221 2791 nec
2186 2842 2234 2992 mini-

2121 2136 2167 2278 tanti

2055 1437 2110 1707 Murmure
2034 1743 2095 2038 compressit
2028 2077 2089 2287 coelum,

1978 1298 2030 1557 audentem
1974 1583 2018 1751 contra
1969 1778 2018 1954 tollere
1951 1982 2015 2202 oculos⁷’‚
1960 2242 1992 2349 cum
1941 2383 2003 2619 religione
1948 2646 1998 2790 simul
1929 2824 1995 2989 legum

1897 1296 1946 1623 reverentiam
1892 1673 1927 1865 omnem
1886 1915 1934 2067 exuit.
1877 2152 1932 2451 Mirabiliter
1873 2498 1916 2662 autem
1854 2697 1918 2901 physica
1866 2936 1908 2989 et

1807 1296 1868 1514 mythica
1814 1532 1864 1773 miscebat
1794 1788 1860 2067 Euripides,
1803 2099 1851 2240 simul
1780 2261 1846 2543 philosophi
1791 2562 1841 2729 officio
1789 2748 1831 2796 et
1773 2810 1829 2988 poetae

1726 1295 1789 1612 perfungens.
1731 1679 1783 1922 Notarunt
1727 1957 1775 2053 hoc
1722 2089 1764 2281 veteres
1701 2303 1766 2602 interpretes
1713 2630 1760 2690 ad
1710 2719 1742 2829 eum
1707 2860 1753 2986 Ore-

1663 1293 1710 1386 stis
1656 1424 1709 1620 fabulae
1643 1654 1702 1835 locum,
1635 1874 1683 1984 quc,
1626 2020 1692 2354 Anaxagoram
1621 2392 1677 2609 secut11S‚
1617 2646 1664 2792 quum
1627 2830 1676 2984 solem

1580 1293 1614 1505 massam
1576 1541 1610 1653 esse
1571 1690 1622 1896 dixisset
1567 1931 1616 2059 inter
1561 2089 1610 2278 coelum
1541 2310 1602 2591 terramque
1551 2618 1599 2828 mediam
1534 2861 1580 2982 pen-

1483 1293 1551 1573 dentem*),
1494 1612 1528 1722 cum
1492 1749 1541 1846 hoc
1474 1872 1537 2190 physicorum
1480 2225 1529 2421 invento
1476 2454 1525 2647 Tantali
1458 2683 1518 2979 supplicium

1423 1289 1471 1358 ita
1406 1393 1468 1616 miscuit,
1402 1664 1459 1746 ut,
1410 1795 1455 1951 utram
1402 2001 1450 2292 sententiam
1384 2328 1449 2638 probaverit,
1377 2687 1441 2980 dignoscere

1329 1290 1377 1505 nequeas
1323 1534 1390 1628 **).
1331 1730 1382 1889 Simili
1324 1951 1373 2098 modo
1310 2147 1372 2242 iis,
1306 2306 1353 2430 quae
1317 2479 1365 2542 de
1313 2590 1347 2738 cursu
1310 2773 1359 2890 solis
1308 2927 1357 2978 in

1196 1343 1251 1392 ’ἢ
1192 1423 1250 1626 Μόλοιμι
1200 1656 1245 1741 τὰν
1184 1770 1244 1973 ούρανοῦ

1124 1427 1179 1565 μέσον
1121 1593 1176 1765 χθονὸς
1113 1794 1168 2044 τεταμέναν

1050 1429 1107 1689 αἰωρήμασι
1045 1720 1103 1907 πέτραν,

993 1427 1043 1612 ἁλύσεσι
978 1640 1033 1871 χρυσέαισι

912 1423 968 1680 φερομέναν
918 1713 961 1865 δίναι-

854 1426 884 1470 σι
840 1499 895 1646 βῶλον
840 1677 896 1721 ἐξ
834 1751 894 2001 Ὀλύμπου.

774 1329 827 1407 Μ)
784 1435 826 1502 Cf.
769 1531 811 1667 supra
767 1691 807 1733 p.
778 1766 821 1861 100.
