5010 3336
3912 2106 3971 2229 510

3783 1329 3815 1436 rum
3782 1472 3831 1627 altera
3765 1661 3828 1827 prodit
3774 1862 3827 2069 Hecuba
3758 2104 3823 2185 ²¹³),
3756 2229 3804 2389 neque
3765 2434 3809 2596 tamen
3747 2631 3808 2879 ambulat,
3754 2916 3801 3003 sed

3702 1326 3750 1566 titubante
3686 1612 3749 1742 pede
3682 1791 3745 1922 repit
3680 1963 3742 2139 partim
3693 2185 3723 2211 a
3688 2257 3739 2454 famulis
3679 2504 3726 2779 sustentata
3661 2823 3723 3004 partim

3607 1323 3670 1530 scipioni
3618 1564 3669 1743 innixa.
3617 1810 3666 1921 Non
3600 1955 3656 2181 poterant
3595 2216 3651 2524 spectatores
3601 2560 3635 2702 anum
3598 2741 3646 2812 sic
3579 2843 3642 3004 aegri-

3542 1321 3590 1492 tudine
3539 1526 3590 1735 fractam
3534 1770 3585 1992 videntes
3532 2028 3565 2122 non
3528 2159 3577 2405 reminisci
3506 2438 3572 2788 calamitatum,
3501 2824 3563 3001 quibus

3446 1321 3494 1561 oppressa
3457 1596 3501 1713 erat.
3444 1783 3505 1945 „Nam
3450 1982 3502 2251 beatissimi
3434 2299 3493 2540 quondam
3440 2591 3490 2774 Priami
3435 2827 3482 3003 coniux

3366 1318 3429 1566 Asiaeque
3363 1613 3424 1779 regina
3376 1827 3407 1854 e
3372 1889 3406 2082 summo
3354 2128 3417 2405 dignitatis,
3348 2456 3396 2602 opum
3360 2659 3391 2715 ac
3342 2749 3403 3001 potentiae

3286 1318 3350 1515 fastigio
3299 1563 3347 1613 in
3282 1662 3344 1961 profundum
3288 1995 3337 2304 miseriarum
3282 2342 3333 2600 deturbata
3267 2638 3321 2740 est,
3278 2788 3308 2814 e
3276 2850 3322 2999 rebus

3218 1314 3269 1678 florentissimis
3218 1714 3264 1773 ad
3212 1810 3262 2141 calamitosam
3205 2178 3257 2424 fortunam
3201 2463 3250 2667 deiecta.
3185 2737 3246 2873 Quae
3195 2910 3228 2999 nu-

3124 1313 3171 1406 per
3124 1441 3186 1607 regina
3125 1643 3184 1978 salutabatur,
3118 2026 3163 2171 quam
3110 2219 3168 2447 satrapae
3106 2497 3168 2859 opulentissimi
3116 2909 3163 2997 ob-

3045 1316 3105 1499 sequiis
3042 1538 3103 1819 captabant,
3056 1857 3101 1934 cui
3050 1958 3100 2204 incedenti
3044 2227 3093 2438 universi
3040 2468 3081 2636 coetus
3035 2667 3082 2996 venerabundi

2962 1311 3023 1662 assurgebant,
2975 1716 3023 1857 cuius
2957 1893 3021 2154 imperium
2968 2188 3012 2323 terra
2947 2359 3010 2578 marique
2956 2630 3006 2872 latissime
2940 2906 2986 2995 pa·-

2887 1310 2945 1470 tebat,
2898 1518 2945 1578 ad
2882 1616 2929 1758 quam
2893 1795 2926 1938 unam
2890 1976 2925 2146 omnes
2868 2193 2934 2545 respiciebant,
2879 2597 2925 2675 cui
2877 2724 2924 2812 filii
2875 2861 2922 2994 domi

2803 1309 2866 1609 militiaeque
2814 1645 2863 1904 clarissimi
2799 1941 2854 2096 erant,
2807 2131 2857 2262 filiae
2806 2298 2854 2344 in
2789 2374 2851 2715 pulcerrimam
2780 2744 2842 2990 regiorum

2736 1308 2785 1661 connubiorum
2718 1690 2767 1828 spem
2729 1859 2778 2224 nutriebantur:
2725 2261 2774 2388 hanc
2722 2411 2772 2591 Graeci
2706 2619 2766 2831 viduam,
2715 2869 2761 2991 ami-

2658 1307 2705 1379 cis
2657 1430 2700 1479 et
2654 1527 2704 1693 liberis
2652 1746 2699 1913 orbam
2650 1963 2700 2113 Troia
2647 2159 2695 2296 humi
2627 2340 2692 2587 fumante,
2638 2638 2685 2685 in
2634 2734 2677 2989 externum

2575 1305 2625 1556 abducunt
2562 1590 2621 1777 orbem,
2572 1816 2614 1865 et
2556 1900 2617 2098 reginae
2567 2132 2614 2273 titulo
2561 2309 2612 2565 adsuetam
2556 2606 2590 2793 servam
2538 2819 2601 2990 appel-

2497 1305 2544 1418 lant.
2496 1499 2543 1596 Iam
2478 1647 2534 1844 praeter
2475 1889 2537 2102 reliquas
2484 2152 2534 2432 innumeras
2477 2480 2527 2693 infelicis
2473 2741 2521 2988 servitutis

2415 1303 2463 1558 molestias
2401 1581 2462 1748 filiam,
2410 1783 2457 1977 unicum
2403 2011 2439 2353 aerumnarum
2398 2403 2448 2626 solatium
2393 2663 2443 2988 imbecillem-

2320 1302 2367 1399 que
2334 1434 2381 1612 aetatis
2319 1650 2380 1892 baculum,
2329 1931 2359 1958 e
2310 1988 2365 2273 conspectu,
2323 2312 2354 2339 e
2318 2374 2367 2596 manibus
2316 2634 2348 2689 ac
2297 2718 2360 2987 complexi-

2254 1300 2302 1391 bus
2238 1428 2300 1585 abripi
2252 1620 2299 1681 ad
2250 1713 2297 1914 caedem
2246 1952 2294 2113 visura
2234 2148 2286 2252 est;
2240 2300 2289 2452 filium
2238 2489 2284 2549 ad
2219 2583 2283 2833 hospitem
2231 2868 2278 2986 mis-

2174 1300 2207 1408 sum
2173 1446 2204 1503 ea
2156 1540 2204 1645 spe,
2161 1683 2213 1754 ut,
2170 1793 2216 1834 si
2168 1870 2216 2019 Troia
2166 2046 2213 2096 in
2162 2125 2213 2425 Graecorum
2145 2455 2200 2755 potestatem
2139 2778 2200 2984 veniret,

2078 1298 2140 1507 pecunia
2092 1555 2138 1673 satis
2075 1719 2135 1889 grandi
2088 1934 2136 2116 Priami
2070 2166 2116 2320 genus
2083 2369 2124 2420 et
2063 2464 2111 2670 regnum
2072 2720 2122 2983 instaurari

1997 1295 2056 1483 posset,
2012 1519 2045 1614 non
1998 1648 2059 1829 vivum,
2008 1865 2040 1960 non
1990 1986 2055 2157 vigore
2000 2191 2051 2553 adolescentiae
1979 2576 2045 2852 florentem,
1993 2891 2040 2980 sed

1923 1294 1981 1625 trucidatum,
1930 1659 1979 1710 in
1928 1744 1961 1879 mare
1912 1913 1975 2218 proiectum,
1920 2255 1969 2465 cadaver
1914 2496 1967 2798 inhumatum
1912 2839 1946 2980 rece-

1837 1294 1897 1439 ptura
1852 1476 1899 1604 est.''

1759 1421 1821 1553 Quas
1769 1590 1819 1757 clades
1748 1808 1814 2126 praesagiens
1762 2174 1812 2423 insomniis
1744 2459 1802 2660 vexata,
1754 2712 1802 2828 visis
1736 2865 1785 2978 spe-

1556 1347 1611 1396 ‘l²)
1554 1426 1611 1698 Intelligitur
1567 1722 1607 1809 hoc
1565 1840 1592 1892 ex
1564 1915 1607 2118 versibus
1562 2149 1604 2218 54.
1547 2246 1601 2450 et1016.‚
1543 2483 1584 2671 quorum
1555 2692 1598 2770 illo
1550 2786 1595 2975 Hecuba

1498 1432 1526 1486 ex
1484 1515 1539 1865 Agamemnonis
1492 1904 1533 2093 tentorio
1478 2123 1530 2329 prodiens
1473 2360 1527 2601 inducitur,
1484 2643 1524 2782 altero
1483 2812 1510 2859 se
1481 2889 1508 2974 non

1429 1427 1470 1473 in
1427 1504 1467 1662 eodem
1424 1693 1466 1896 cubiculo
1422 1928 1450 2027 cum
1416 2061 1461 2338 Graecorum
1402 2370 1457 2653 imperatore,
1414 2682 1453 2760 sed
1399 2789 1439 2973 separa-

1358 1429 1396 1521 tam
1352 1543 1383 1659 „cum
1354 1690 1397 1873 famulis
1353 1902 1390 1944 et
1339 1972 1392 2094 filia,
1336 2141 1375 2250 quas
1331 2281 1385 2428 gratia
1330 2456 1384 2807 Agamemnonis
1340 2835 1382 2973 mise-

1288 1424 1315 1503 rae
1285 1524 1327 1707 relictas
1284 1737 1311 1831 esse
1270 1850 1321 2096 putandum
1267 2128 1313 2206 est,
1274 2239 1316 2448 habitare
1273 2479 1314 2691 declarat.
1258 2750 1313 2970 Reliquae

1204 1426 1257 1632 captivae
1200 1664 1256 1852 singulis
1197 1884 1251 2095 ducibus,
1195 2137 1247 2295 quibus
1192 2339 1243 2576 servirent,
1187 2618 1243 2873 assignatae
1200 2915 1226 2967 ex

1148 1420 1188 1512 suis
1132 1562 1172 1763 quaeque
1139 1814 1180 2014 tentoriis
1121 2054 1163 2320 progressae
1133 2365 1160 2417 ac
1132 2462 1174 2618 deinde
1117 2663 1167 2965 congregatae

1064 1422 1104 1503 per
1063 1542 1113 1762 parodum
1068 1811 1112 2063 incedentes
1066 2100 1107 2145 in
1063 2189 1090 2367 scenam
1049 2406 1102 2636 prodeunt.
1062 2705 1101 2805 Hoc
1060 2846 1102 2965 enim

993 1423 1042 1577 aperte
1003 1607 1029 1738 versu
1002 1782 1043 1877 102.
994 1924 1039 2177 declaratur
980 2205 1037 2286 (ἵν’
977 2326 1036 2593 ἕκληρώθην
990 2630 1034 2706 καὶ
976 2736 1033 2963 προςετοὶ-

922 1421 975 1543 χθην
920 1572 976 1764 ὃούλη);
916 1796 957 1937 neque
926 1961 953 2059 cum
924 2084 965 2155 his
908 2175 958 2373 pugnant
910 2402 949 2513 quae
921 2546 961 2739 carmine
919 2770 960 2963 secundo

852 1422 905 1487 (v.
848 1520 907 1808 444—483.)
844 1839 899 2129 continentur,
840 2160 878 2244 quo
839 2274 887 2519 terrarum,
850 2547 878 2633 non
836 2664 891 2960 dominorum,

780 1420 836 1718 ignorantiam
777 1746 829 1937 produnt
782 1965 825 2187 mulieres.
