5010 3336
3840 2072 3896 2193 364

3701 1432 3749 1664 Ceterum
3689 1700 3750 1978 neinvituS‚
3700 2014 3748 2102 sed
3684 2137 3732 2423 persuasuS‚
3696 2460 3748 2763 Philoctetes
3678 2794 3727 2969 seque-

3613 1300 3663 1469 retur,
3621 1511 3669 1721 maxime
3620 1755 3667 2034 necessario
3602 2082 3666 2210 apud
3602 2247 3666 2534 Euripidem
3615 2579 3663 2802 evenisse
3611 2836 3660 2969 vide-

3540 1299 3581 1399 tur:
3540 1447 3590 1700 Minervae
3540 1740 3587 1871 enim
3523 1919 3571 2092 opera,
3523 2148 3569 2290 quam
3538 2344 3584 2490 rebus
3536 2537 3582 2769 extremis
3533 2818 3581 2970 iuter-

3461 1296 3509 1455 fuisse
3445 1490 3508 1731 suspicor,
3459 1767 3506 1925 minus
3458 1961 3505 2021 ad
3443 2049 3505 2444 persuadendum
3440 2469 3504 2788 Philoctetae,
3438 2826 3485 2970 quam

3380 1297 3427 1358 ad
3380 1394 3428 1669 docendum
3379 1706 3426 1953 theatrum
3362 1990 3409 2111 opus
3377 2148 3424 2259 suit.
3365 2800 3366 2803 ⁷

3299 1425 3347 1620 Abusus
3299 1656 3341 1734 est
3298 1769 3329 1863 uno
3297 1898 3329 2040 versu
3279 2078 3343 2435 Aristophanes
3293 2471 3343 2590 Rau.
3294 2628 3339 2739 284.
3292 2808 3342 2969 Strat-

3219 1294 3268 1359 tis
3220 1394 3260 1554 autem
3217 1590 3266 1919 Philoctetem
3206 1956 3263 2204 scribens,
3200 2243 3246 2386 quem
3212 2423 3255 2776 commemorat
3212 2813 3259 2969 Athe-

3138 1292 3170 1445 naeus
3126 1481 3186 1597 Vll,
3137 1634 3183 1744 327.
3127 1783 3184 1874 E„
3136 1924 3183 2029 sine
3135 2077 3183 2226 dubio
3118 2262 3182 2476 aliquem
3117 2513 3178 2815 tragicorum
3132 2852 3179 2969 imi-

3059 1290 3103 1422 tatus
3059 1460 3100 1578 erat.

2979 1421 3025 1515 His
2962 1553 3024 1787 expositis
2964 1823 3019 1991 restat,
2960 2042 3016 2122 ut,
2957 2162 3003 2367 quanam
2970 2402 3018 2767 necessitudine
2970 2800 3018 2969 Philo-

2899 1288 2943 1450 ctetae
2898 1509 2946 1676 sabula
2896 1734 2927 1842 cum
2895 1903 2943 2081 Medea
2891 2134 2940 2394 coniuncta
2879 2449 2938 2625 suerit,
2889 2693 2936 2966 ostendam.

2820 1286 2869 1443 Domo
2803 1488 2865 1746 patriaque
2817 1791 2863 2033 abductus
2813 2080 2864 2381 Philoctetes
2810 2429 2842 2523 non
2797 2569 2855 2755 minus,
2793 2822 2840 2967 quam

2727 1283 2789 1497 Medea,
2724 1545 2784 1827 optimeque
2737 1860 2782 2066 meritus
2736 2103 2782 2165 de
2725 2201 2782 2291 iis,
2719 2345 2765 2548 quorum
2715 2597 2776 2732 signa
2727 2769 2770 2969 secutus

2647 1286 2700 1410 erat,
2644 1445 2690 1535 pro
2658 1575 2704 1826 beneficiis
2657 1865 2704 2039 iniuria
2656 2075 2703 2284 affectus
2653 2322 2693 2439 erat.
2648 2507 2699 2803 Ostenderat
2647 2838 2694 2966 enim

2563 1286 2629 1507 Chrysae
2578 1543 2608 1674 aram
2577 1711 2623 1757 in
2577 1792 2624 1946 insula
2562 1984 2621 2275 cognomine
2559 2311 2611 2627 exstructam,
2570 2666 2616 2713 in
2552 2751 2599 2842 qua
2567 2875 2614 2968 nisi

2499 1283 2532 1423 sacra
2497 1470 2546 1710 fecissent
2484 1745 2544 1949 Achivi,
2495 2004 2542 2140 llium
2493 2188 2525 2282 non
2477 2318 2531 2513 poterat
2472 2547 2534 2832 expugnari.
2486 2913 2534 2967 In

2419 1280 2467 1374 hac
2418 1409 2459 1569 autem
2400 1608 2463 1895 reperienda
2400 1946 2446 2094 quum
2414 2144 2443 2170 a
2396 2207 2453 2467 serpente,
2395 2522 2456 2605 qni
2392 2642 2454 2967 custodiebat,

2339 1279 2386 1329 in
2323 1366 2384 1493 pede
2336 1529 2383 1809 vulneratus
2323 1846 2375 2012 esset,
2332 2060 2380 2232 Achivi
2330 2280 2373 2461 tetrum
2330 2512 2360 2571 ex
2326 2607 2375 2808 vulnere
2324 2844 2372 2965 odo-

2257 1280 2289 1386 rem
2243 1424 2304 1764 fastidientes,
2254 1808 2285 1903 non
2253 1941 2299 2119 retenti
2242 2157 2283 2245 eo,
2235 2296 2296 2426 quod
2232 2474 2279 2565 pro
2231 2601 2294 2719 ipsis
2230 2770 2291 2964 pericu-

2176 1280 2224 1383 lum
2175 1429 2223 1657 adeundo
2174 1692 2221 1874 malum
2174 1912 2219 2005 Sibi
2159 2042 2212 2285 traxerat,
2171 2334 2215 2379 in
2168 2416 2217 2603 Lemno
2166 2639 2212 2793 insula
2162 2830 2211 2963 iussu

2080 1278 2143 1659 Agamemnonis
2080 1707 2135 1854 atque
2078 1889 2124 2038 opera
2077 2075 2138 2271 Ulyssis
2074 2317 2128 2660 exposuerant.
2083 2732 2134 2965 Potestne

2000 1279 2061 1432 gratia
1999 1469 2047 1558 pro
2014 1597 2062 1866 benefactis
2014 1899 2060 1996 ullo
2012 2032 2058 2179 modo
1994 2216 2057 2357 peius
2007 2393 2056 2611 referri?
1993 2681 2054 2809 Quid
2005 2846 2036 2963 vero

1921 1279 1982 1603 arrogantius,
1919 1641 1965 1786 quam
1921 1812 1980 2031 eosdem,
1916 2069 1978 2152 qni
1913 2199 1969 2549 exposuerunt,
1909 2583 1967 2849 postquam
1924 2874 1971 2959 illo

1857 1278 1888 1334 se
1856 1361 1886 1527 carere
1854 1554 1886 1646 non
1839 1677 1885 1823 posse
1841 1853 1900 2221 intellexerunt,
1834 2244 1894 2583 postulare,ut
1835 2605 1893 2791 redeat,
1844 2809 1884 2860 ut
1842 2886 1890 2958 in-

1776 1275 1823 1428 iuriae
1775 1465 1820 1746 memoriam
1757 1786 1820 2014 deponat,
1771 2053 1811 2106 ut
1769 2140 1801 2288 novos
1751 2326 1798 2416 pro
1751 2452 1812 2608 patria
1749 2634 1811 2963 ingratissima

1695 1275 1743 1470 labores
1677 1508 1741 1778 suscipiat,
1692 1829 1733 1882 ut
1675 1919 1736 2170 popularis
1670 2220 1733 2407 gratiae
1685 2444 1733 2674 fluctibus
1682 2712 1730 2871 denuo
1681 2908 1712 2962 se

1614 1277 1661 1589 committat?
1613 1668 1661 1785 Sors
1610 1824 1649 1985 autem
1594 2025 1656 2364 Philoctetae,
1605 2402 1653 2625 dolorum
1600 2665 1648 2960 cruciatibus

1517 1273 1580 1557 pereuntis,
1532 1604 1580 1783 auxilio
1516 1833 1578 2088 destituti,
1525 2138 1572 2199 ad
1526 2247 1573 2379 feras
1523 2426 1572 2703 solitudinis
1507 2753 1568 2958 detrusi,

1452 1274 1500 1378 sine
1440 1427 1494 1589 tecto,
1452 1648 1499 1757 sine
1438 1817 1495 2061 vestibus,
1445 2122 1493 2229 sine
1445 2286 1491 2415 victu
1444 2474 1490 2654 mitiori
1427 2716 1488 2956 degentis,

1358 1273 1419 1515 denique,
1358 1569 1418 1699 quod
1356 1734 1416 2072 gravissimum
1356 2110 1404 2215 est,
1364 2266 1413 2499 facultate
1348 2543 1409 2718 privati
1347 2753 1409 2956 gloriam

1292 1272 1339 1456 virtute
1276 1506 1339 1807 adipiscendi
1272 1834 1337 1915 *),
1271 1979 1334 2133 haec,
1269 2171 1331 2396 inquam,
1284 2445 1316 2552 sors
1282 2603 1329 2755 multo
1272 2786 1327 2952 etiam,

1197 1272 1242 1419 quam
1198 1463 1259 1702 Medeae,
1206 1751 1254 1979 miserior
1204 2025 1245 2115 est.
1204 2195 1252 2335 Haec
1205 2385 1251 2512 enim
1204 2552 1233 2578 a
1202 2624 1250 2732 sera
1201 2765 1248 2859 vita
1198 2907 1241 2957 et

1131 1269 1179 1496 barbarie
1132 1531 1178 1591 ad
1126 1640 1176 1903 humanum
1108 1941 1172 2233 civilemque
1124 2278 1171 2458 cultum
1122 2500 1169 2782 transducta
1105 2831 1162 2954 erat,

1052 1270 1100 1356 ille
1052 1405 1083 1465 ex
1050 1512 1097 1646 cultu
1032 1697 1089 1842 atque
1043 1890 1092 2195 humanitate
1041 2233 1089 2470 Graeciae
1044 2515 1089 2573 ad
1042 2619 1089 2775 seram
1024 2815 1070 2955 agre-

957 1270 1015 1497 stemque
969 1532 1017 1684 vitam
964 1731 1014 1975 detrusus.
946 2056 1011 2230 Neque
962 2275 1004 2436 autem
962 2474 1011 2655 Medea
956 2706 1009 2953 feritatem

879 1270 924 1438 suam,
874 1488 921 1582 qua
889 1618 936 1676 ab
884 1725 934 1927 infantia
882 1960 930 2145 imbuta
868 2180 924 2307 erat,
868 2353 914 2514 neque
882 2559 928 2642 hic
876 2676 928 2954 humanita-

811 1270 854 1371 tem
809 1408 851 1624 exuerat.
791 1694 855 1864 ltaque
801 1889 851 1971 illa
784 2006 849 2353 cupiditatibus
784 2388 843 2547 paret,
798 2590 847 2672 hic
781 2707 846 2955 imperare

638 1334 691 1383 ἧς)
646 1414 690 1482 Cf.
647 1513 689 1632 Med.
644 1663 690 1747 536
630 1777 673 1896 seqq.
