<?xml version="1.0" encoding="UTF-8"?>
<!DOCTYPE html PUBLIC "-//W3C//DTD XHTML 1.0 Transitional//EN"
    "http://www.w3.org/TR/xhtml1/DTD/xhtml1-transitional.dtd">
<html xmlns="http://www.w3.org/1999/xhtml" xml:lang="en" lang="en">
 <head>
  <title>
</title>
<meta http-equiv="Content-Type" content="text/html;charset=utf-8" />
  <meta name='ocr-system' content='tesseract 3.04.00' />
  <meta name='ocr-capabilities' content='ocr_page ocr_carea ocr_par ocr_line ocrx_word'/>
</head>
<body>
  <div class='ocr_page' id='page_1' title='image "./euripidesrestitu00hartuoft_raw_0237.png"; bbox 0 0 5010 3336; ppageno 0'>
   <div class='ocr_carea' id='block_1_1' title="bbox 1263 3330 4379 3336">
    <p class='ocr_par' dir='ltr' id='par_1_1' title="bbox 1263 3330 4379 3336">
     <span class='ocr_line' id='line_1_1' title="bbox 1263 3330 4379 3336; textangle 90"><span class='ocrx_word' id='word_1_1' title='bbox 1263 3330 4379 3336; x_wconf 95' lang='lat' dir='ltr'> </span> 
     </span>
    </p>
   </div>
   <div class='ocr_carea' id='block_1_2' title="bbox 4 3336 3336 3336">
    <p class='ocr_par' dir='ltr' id='par_1_2' title="bbox 4 3336 3336 3336">
     <span class='ocr_line' id='line_1_2' title="bbox 4 3336 3336 3336; textangle 90"><span class='ocrx_word' id='word_1_2' title='bbox 4 3336 3336 3336; x_wconf 95' lang='lat' dir='ltr'>  </span> <span class='ocrx_word' id='word_1_3' title='bbox 4 3336 3336 3336; x_wconf 95' lang='lat' dir='ltr'>  </span> 
     </span>
    </p>
   </div>
   <div class='ocr_carea' id='block_1_3' title="bbox 1139 2049 1193 2167">
    <p class='ocr_par' dir='ltr' id='par_1_3' title="bbox 1139 2049 1193 2167">
     <span class='ocr_line' id='line_1_3' title="bbox 1139 2049 1193 2167; textangle 90"><span class='ocrx_word' id='word_1_4' title='bbox 1139 2049 1193 2167; x_wconf 82' lang='lat'>219</span> 
     </span>
    </p>
   </div>
   <div class='ocr_carea' id='block_1_4' title="bbox 1271 1226 4355 2936">
    <p class='ocr_par' dir='ltr' id='par_1_4' title="bbox 1271 1247 2995 2936">
     <span class='ocr_line' id='line_1_4' title="bbox 1271 1279 1363 2936; textangle 90"><span class='ocrx_word' id='word_1_5' title='bbox 1297 2720 1363 2936; x_wconf 87' lang='lat' dir='ltr'>gemitu,</span> <span class='ocrx_word' id='word_1_6' title='bbox 1293 2567 1341 2670; x_wconf 87' lang='lat' dir='ltr'>sine</span> <span class='ocrx_word' id='word_1_7' title='bbox 1287 2306 1344 2533; x_wconf 78' lang='lat' dir='ltr'>lacrimis,</span> <span class='ocrx_word' id='word_1_8' title='bbox 1283 2203 1331 2270; x_wconf 85' lang='lat' dir='ltr'>nil</span> <span class='ocrx_word' id='word_1_9' title='bbox 1286 1983 1329 2167; x_wconf 86' lang='lat' dir='ltr'>mutato</span> <span class='ocrx_word' id='word_1_10' title='bbox 1280 1851 1326 1947; x_wconf 89' lang='lat' dir='ltr'>oris</span> <span class='ocrx_word' id='word_1_11' title='bbox 1276 1641 1324 1817; x_wconf 89' lang='lat' dir='ltr'>colore.</span> <span class='ocrx_word' id='word_1_12' title='bbox 1271 1476 1319 1573; x_wconf 89' lang='lat' dir='ltr'>Ubi</span> <span class='ocrx_word' id='word_1_13' title='bbox 1275 1279 1317 1440; x_wconf 86' lang='lat' dir='ltr'>autem</span> 
     </span>
     <span class='ocr_line' id='line_1_5' title="bbox 1350 1280 1424 2934; textangle 90"><span class='ocrx_word' id='word_1_14' title='bbox 1378 2701 1424 2934; x_wconf 79' lang='lat' dir='ltr'>intrasset</span> <span class='ocrx_word' id='word_1_15' title='bbox 1372 2618 1418 2666; x_wconf 86' lang='lat' dir='ltr'>in</span> <span class='ocrx_word' id='word_1_16' title='bbox 1367 2278 1420 2583; x_wconf 76' lang='lat' dir='ltr'>cubiculum,</span> <span class='ocrx_word' id='word_1_17' title='bbox 1368 2127 1409 2228; x_wconf 89' lang='lat' dir='ltr'>tum</span> <span class='ocrx_word' id='word_1_18' title='bbox 1376 1980 1406 2092; x_wconf 77' lang='lat' dir='ltr'>vero</span> <span class='ocrx_word' id='word_1_19' title='bbox 1357 1633 1412 1943; x_wconf 85' lang='lat' dir='ltr'>lacrimasse,</span> <span class='ocrx_word' id='word_1_20' title='bbox 1350 1280 1399 1586; x_wconf 82' lang='lat' dir='ltr'>recordatam</span> 
     </span>
     <span class='ocr_line' id='line_1_6' title="bbox 1427 1277 1517 2931; textangle 90"><span class='ocrx_word' id='word_1_21' title='bbox 1454 2624 1517 2931; x_wconf 81' lang='lat' dir='ltr'>nuptiarum,</span> <span class='ocrx_word' id='word_1_22' title='bbox 1460 2380 1507 2578; x_wconf 88' lang='lat' dir='ltr'>quarum</span> <span class='ocrx_word' id='word_1_23' title='bbox 1457 2166 1488 2341; x_wconf 79' lang='lat' dir='ltr'>caussa</span> <span class='ocrx_word' id='word_1_24' title='bbox 1441 2009 1496 2133; x_wconf 90' lang='lat' dir='ltr'>iam,</span> <span class='ocrx_word' id='word_1_25' title='bbox 1451 1807 1484 1958; x_wconf 82' lang='lat' dir='ltr'>novae</span> <span class='ocrx_word' id='word_1_26' title='bbox 1439 1591 1495 1771; x_wconf 87' lang='lat' dir='ltr'>nuptae</span> <span class='ocrx_word' id='word_1_27' title='bbox 1430 1398 1477 1556; x_wconf 91' lang='lat' dir='ltr'>locum</span> <span class='ocrx_word' id='word_1_28' title='bbox 1427 1277 1474 1361; x_wconf 93' lang='lat' dir='ltr'>da-</span> 
     </span>
     <span class='ocr_line' id='line_1_7' title="bbox 1511 1274 1591 2932; textangle 90"><span class='ocrx_word' id='word_1_29' title='bbox 1539 2798 1588 2932; x_wconf 88' lang='lat' dir='ltr'>tura,</span> <span class='ocrx_word' id='word_1_30' title='bbox 1531 2650 1591 2751; x_wconf 86' lang='lat' dir='ltr'>ipsa</span> <span class='ocrx_word' id='word_1_31' title='bbox 1526 2553 1571 2613; x_wconf 89' lang='lat' dir='ltr'>de</span> <span class='ocrx_word' id='word_1_32' title='bbox 1525 2422 1569 2519; x_wconf 80' lang='lat' dir='ltr'>vita</span> <span class='ocrx_word' id='word_1_33' title='bbox 1519 2107 1578 2387; x_wconf 74' lang='lat' dir='ltr'>decederet,</span> <span class='ocrx_word' id='word_1_34' title='bbox 1523 2022 1564 2071; x_wconf 88' lang='lat' dir='ltr'>et</span> <span class='ocrx_word' id='word_1_35' title='bbox 1514 1721 1562 1987; x_wconf 77' lang='lat' dir='ltr'>osculatam</span> <span class='ocrx_word' id='word_1_36' title='bbox 1528 1575 1557 1684; x_wconf 83' lang='lat' dir='ltr'>esse</span> <span class='ocrx_word' id='word_1_37' title='bbox 1511 1361 1556 1537; x_wconf 88' lang='lat' dir='ltr'>lectum</span> <span class='ocrx_word' id='word_1_38' title='bbox 1512 1274 1553 1322; x_wconf 90' lang='lat' dir='ltr'>et</span> 
     </span>
     <span class='ocr_line' id='line_1_8' title="bbox 1588 1272 1664 2931; textangle 90"><span class='ocrx_word' id='word_1_39' title='bbox 1608 2768 1657 2931; x_wconf 83' lang='lat' dir='ltr'>multis</span> <span class='ocrx_word' id='word_1_40' title='bbox 1604 2518 1652 2733; x_wconf 81' lang='lat' dir='ltr'>lacrimis</span> <span class='ocrx_word' id='word_1_41' title='bbox 1602 2282 1664 2483; x_wconf 78' lang='lat' dir='ltr'>rigasse,</span> <span class='ocrx_word' id='word_1_42' title='bbox 1604 2195 1645 2245; x_wconf 86' lang='lat' dir='ltr'>et</span> <span class='ocrx_word' id='word_1_43' title='bbox 1597 2031 1643 2160; x_wconf 85' lang='lat' dir='ltr'>foras</span> <span class='ocrx_word' id='word_1_44' title='bbox 1608 1748 1656 1993; x_wconf 78' lang='lat' dir='ltr'>egressam</span> <span class='ocrx_word' id='word_1_45' title='bbox 1592 1518 1650 1711; x_wconf 84' lang='lat' dir='ltr'>saepius</span> <span class='ocrx_word' id='word_1_46' title='bbox 1588 1272 1634 1481; x_wconf 87' lang='lat' dir='ltr'>rediisse</span> 
     </span>
     <span class='ocr_line' id='line_1_9' title="bbox 1668 1271 1735 2931; textangle 90"><span class='ocrx_word' id='word_1_47' title='bbox 1693 2883 1735 2931; x_wconf 88' lang='lat' dir='ltr'>et</span> <span class='ocrx_word' id='word_1_48' title='bbox 1684 2632 1732 2837; x_wconf 85' lang='lat' dir='ltr'>subinde</span> <span class='ocrx_word' id='word_1_49' title='bbox 1683 2535 1729 2586; x_wconf 89' lang='lat' dir='ltr'>in</span> <span class='ocrx_word' id='word_1_50' title='bbox 1686 2333 1728 2489; x_wconf 85' lang='lat' dir='ltr'>torum</span> <span class='ocrx_word' id='word_1_51' title='bbox 1694 2230 1725 2283; x_wconf 87' lang='lat' dir='ltr'>se</span> <span class='ocrx_word' id='word_1_52' title='bbox 1676 1933 1723 2181; x_wconf 88' lang='lat' dir='ltr'>reiecisse.</span> <span class='ocrx_word' id='word_1_53' title='bbox 1671 1662 1717 1864; x_wconf 88' lang='lat' dir='ltr'>Liberos</span> <span class='ocrx_word' id='word_1_54' title='bbox 1683 1512 1714 1627; x_wconf 82' lang='lat' dir='ltr'>vero</span> <span class='ocrx_word' id='word_1_55' title='bbox 1668 1271 1713 1475; x_wconf 88' lang='lat' dir='ltr'>haeren-</span> 
     </span>
     <span class='ocr_line' id='line_1_10' title="bbox 1750 1272 1818 2931; textangle 90"><span class='ocrx_word' id='word_1_56' title='bbox 1770 2857 1813 2931; x_wconf 86' lang='lat' dir='ltr'>tes</span> <span class='ocrx_word' id='word_1_57' title='bbox 1766 2764 1811 2811; x_wconf 88' lang='lat' dir='ltr'>in</span> <span class='ocrx_word' id='word_1_58' title='bbox 1762 2553 1810 2718; x_wconf 84' lang='lat' dir='ltr'>matris</span> <span class='ocrx_word' id='word_1_59' title='bbox 1759 2284 1806 2501; x_wconf 79' lang='lat' dir='ltr'>vestibus</span> <span class='ocrx_word' id='word_1_60' title='bbox 1756 1979 1818 2233; x_wconf 77' lang='lat' dir='ltr'>plorasse,</span> <span class='ocrx_word' id='word_1_61' title='bbox 1750 1599 1813 1927; x_wconf 83' lang='lat' dir='ltr'>amplectente</span> <span class='ocrx_word' id='word_1_62' title='bbox 1750 1396 1793 1553; x_wconf 88' lang='lat' dir='ltr'>matre</span> <span class='ocrx_word' id='word_1_63' title='bbox 1750 1272 1791 1344; x_wconf 88' lang='lat' dir='ltr'>at-</span> 
     </span>
     <span class='ocr_line' id='line_1_11' title="bbox 1824 1270 1907 2928; textangle 90"><span class='ocrx_word' id='word_1_64' title='bbox 1859 2835 1907 2928; x_wconf 91' lang='lat' dir='ltr'>que</span> <span class='ocrx_word' id='word_1_65' title='bbox 1842 2522 1899 2799; x_wconf 81' lang='lat' dir='ltr'>osculante,</span> <span class='ocrx_word' id='word_1_66' title='bbox 1844 2417 1886 2473; x_wconf 90' lang='lat' dir='ltr'>ut</span> <span class='ocrx_word' id='word_1_67' title='bbox 1836 2134 1884 2384; x_wconf 87' lang='lat' dir='ltr'>moritura.</span> <span class='ocrx_word' id='word_1_68' title='bbox 1834 1934 1881 2066; x_wconf 88' lang='lat' dir='ltr'>Tum</span> <span class='ocrx_word' id='word_1_69' title='bbox 1828 1705 1876 1901; x_wconf 85' lang='lat' dir='ltr'>famulis</span> <span class='ocrx_word' id='word_1_70' title='bbox 1827 1447 1873 1667; x_wconf 88' lang='lat' dir='ltr'>omnibus</span> <span class='ocrx_word' id='word_1_71' title='bbox 1824 1270 1870 1412; x_wconf 85' lang='lat' dir='ltr'>lacri-</span> 
     </span>
     <span class='ocr_line' id='line_1_12' title="bbox 1912 1267 1982 2927; textangle 90"><span class='ocrx_word' id='word_1_72' title='bbox 1923 2658 1979 2927; x_wconf 87' lang='lat' dir='ltr'>mantibus,</span> <span class='ocrx_word' id='word_1_73' title='bbox 1918 2408 1982 2610; x_wconf 80' lang='lat' dir='ltr'>singulis</span> <span class='ocrx_word' id='word_1_74' title='bbox 1918 2150 1964 2371; x_wconf 85' lang='lat' dir='ltr'>dextram</span> <span class='ocrx_word' id='word_1_75' title='bbox 1912 1807 1976 2114; x_wconf 80' lang='lat' dir='ltr'>porrexisse,</span> <span class='ocrx_word' id='word_1_76' title='bbox 1922 1594 1967 1751; x_wconf 83' lang='lat' dir='ltr'>neque</span> <span class='ocrx_word' id='word_1_77' title='bbox 1918 1267 1965 1557; x_wconf 85' lang='lat' dir='ltr'>quemquam</span> 
     </span>
     <span class='ocr_line' id='line_1_13' title="bbox 1986 1267 2055 2928; textangle 90"><span class='ocrx_word' id='word_1_78' title='bbox 2006 2828 2048 2928; x_wconf 92' lang='lat' dir='ltr'>tam</span> <span class='ocrx_word' id='word_1_79' title='bbox 2001 2549 2047 2791; x_wconf 84' lang='lat' dir='ltr'>abiectum</span> <span class='ocrx_word' id='word_1_80' title='bbox 1997 2356 2043 2513; x_wconf 84' lang='lat' dir='ltr'>visum</span> <span class='ocrx_word' id='word_1_81' title='bbox 2010 2178 2052 2319; x_wconf 86' lang='lat' dir='ltr'>esse,</span> <span class='ocrx_word' id='word_1_82' title='bbox 2009 1980 2055 2125; x_wconf 89' lang='lat' dir='ltr'>quem</span> <span class='ocrx_word' id='word_1_83' title='bbox 2006 1849 2037 1945; x_wconf 88' lang='lat' dir='ltr'>non</span> <span class='ocrx_word' id='word_1_84' title='bbox 1986 1486 2047 1815; x_wconf 87' lang='lat' dir='ltr'>alloqueretur</span> <span class='ocrx_word' id='word_1_85' title='bbox 1987 1401 2029 1449; x_wconf 90' lang='lat' dir='ltr'>et</span> <span class='ocrx_word' id='word_1_86' title='bbox 1998 1267 2028 1353; x_wconf 86' lang='lat' dir='ltr'>au-</span> 
     </span>
     <span class='ocr_line' id='line_1_14' title="bbox 2062 1264 2137 2925; textangle 90"><span class='ocrx_word' id='word_1_87' title='bbox 2080 2796 2127 2925; x_wconf 88' lang='lat' dir='ltr'>diret</span> <span class='ocrx_word' id='word_1_88' title='bbox 2079 2621 2125 2749; x_wconf 79' lang='lat' dir='ltr'>ultro</span> <span class='ocrx_word' id='word_1_89' title='bbox 2076 2226 2137 2569; x_wconf 85' lang='lat' dir='ltr'>alloquentem.</span> <span class='ocrx_word' id='word_1_90' title='bbox 2071 1825 2119 2156; x_wconf 85' lang='lat' dir='ltr'>Miserrimum</span> <span class='ocrx_word' id='word_1_91' title='bbox 2072 1626 2112 1787; x_wconf 90' lang='lat' dir='ltr'>autem</span> <span class='ocrx_word' id='word_1_92' title='bbox 2079 1478 2110 1591; x_wconf 91' lang='lat' dir='ltr'>esse</span> <span class='ocrx_word' id='word_1_93' title='bbox 2062 1264 2109 1445; x_wconf 88' lang='lat' dir='ltr'>Adme-</span> 
     </span>
     <span class='ocr_line' id='line_1_15' title="bbox 2140 1262 2217 2926; textangle 90"><span class='ocrx_word' id='word_1_94' title='bbox 2165 2805 2217 2926; x_wconf 86' lang='lat' dir='ltr'>tum,</span> <span class='ocrx_word' id='word_1_95' title='bbox 2157 2521 2204 2771; x_wconf 86' lang='lat' dir='ltr'>adfectum</span> <span class='ocrx_word' id='word_1_96' title='bbox 2170 2426 2201 2484; x_wconf 92' lang='lat' dir='ltr'>eo</span> <span class='ocrx_word' id='word_1_97' title='bbox 2153 2203 2211 2390; x_wconf 86' lang='lat' dir='ltr'>dolore,</span> <span class='ocrx_word' id='word_1_98' title='bbox 2151 2017 2198 2154; x_wconf 91' lang='lat' dir='ltr'>cuius</span> <span class='ocrx_word' id='word_1_99' title='bbox 2147 1763 2196 1980; x_wconf 86' lang='lat' dir='ltr'>oblivisci</span> <span class='ocrx_word' id='word_1_100' title='bbox 2158 1489 2204 1730; x_wconf 87' lang='lat' dir='ltr'>nunquam</span> <span class='ocrx_word' id='word_1_101' title='bbox 2140 1262 2205 1448; x_wconf 83' lang='lat' dir='ltr'>possit3</span> 
     </span>
     <span class='ocr_line' id='line_1_16' title="bbox 2221 1258 2299 2922; textangle 90"><span class='ocrx_word' id='word_1_102' title='bbox 2246 2873 2285 2922; x_wconf 86' lang='lat' dir='ltr'>et</span> <span class='ocrx_word' id='word_1_103' title='bbox 2237 2628 2299 2841; x_wconf 87' lang='lat' dir='ltr'>plorare,</span> <span class='ocrx_word' id='word_1_104' title='bbox 2250 2390 2282 2594; x_wconf 79' lang='lat' dir='ltr'>uxorem</span> <span class='ocrx_word' id='word_1_105' title='bbox 2233 2305 2278 2354; x_wconf 89' lang='lat' dir='ltr'>in</span> <span class='ocrx_word' id='word_1_106' title='bbox 2232 2050 2277 2268; x_wconf 87' lang='lat' dir='ltr'>manibus</span> <span class='ocrx_word' id='word_1_107' title='bbox 2232 1748 2284 2013; x_wconf 88' lang='lat' dir='ltr'>tenentem,</span> <span class='ocrx_word' id='word_1_108' title='bbox 2229 1661 2271 1711; x_wconf 88' lang='lat' dir='ltr'>et</span> <span class='ocrx_word' id='word_1_109' title='bbox 2239 1565 2270 1625; x_wconf 92' lang='lat' dir='ltr'>ne</span> <span class='ocrx_word' id='word_1_110' title='bbox 2238 1481 2269 1535; x_wconf 87' lang='lat' dir='ltr'>se</span> <span class='ocrx_word' id='word_1_111' title='bbox 2221 1258 2267 1455; x_wconf 84' lang='lat' dir='ltr'>deserat</span> 
     </span>
     <span class='ocr_line' id='line_1_17' title="bbox 2299 1257 2375 2922; textangle 90"><span class='ocrx_word' id='word_1_112' title='bbox 2318 2632 2374 2922; x_wconf 88' lang='lat' dir='ltr'>obsecrare,</span> <span class='ocrx_word' id='word_1_113' title='bbox 2314 2316 2375 2595; x_wconf 90' lang='lat' dir='ltr'>cupientem</span> <span class='ocrx_word' id='word_1_114' title='bbox 2327 2204 2366 2279; x_wconf 84' lang='lat' dir='ltr'>ea,</span> <span class='ocrx_word' id='word_1_115' title='bbox 2326 2042 2371 2167; x_wconf 88' lang='lat' dir='ltr'>quae</span> <span class='ocrx_word' id='word_1_116' title='bbox 2307 1890 2354 1997; x_wconf 88' lang='lat' dir='ltr'>fieri</span> <span class='ocrx_word' id='word_1_117' title='bbox 2307 1583 2366 1841; x_wconf 86' lang='lat' dir='ltr'>nequeant.</span> <span class='ocrx_word' id='word_1_118' title='bbox 2301 1418 2347 1515; x_wconf 89' lang='lat' dir='ltr'>lam</span> <span class='ocrx_word' id='word_1_119' title='bbox 2299 1257 2346 1385; x_wconf 89' lang='lat' dir='ltr'>enim</span> 
     </span>
     <span class='ocr_line' id='line_1_18' title="bbox 2383 1260 2457 2920; textangle 90"><span class='ocrx_word' id='word_1_120' title='bbox 2396 2675 2457 2920; x_wconf 77' lang='lat' dir='ltr'>reginam,</span> <span class='ocrx_word' id='word_1_121' title='bbox 2392 2398 2455 2624; x_wconf 79' lang='lat' dir='ltr'>languido</span> <span class='ocrx_word' id='word_1_122' title='bbox 2406 2115 2451 2349; x_wconf 87' lang='lat' dir='ltr'>corpore,</span> <span class='ocrx_word' id='word_1_123' title='bbox 2388 1882 2449 2055; x_wconf 79' lang='lat' dir='ltr'>exiguo</span> <span class='ocrx_word' id='word_1_124' title='bbox 2383 1650 2446 1822; x_wconf 87' lang='lat' dir='ltr'>spiritu</span> <span class='ocrx_word' id='word_1_125' title='bbox 2394 1260 2427 1584; x_wconf 84' lang='lat' dir='ltr'>marcescere.</span> 
     </span>
     <span class='ocr_line' id='line_1_19' title="bbox 2456 1257 2535 2919; textangle 90"><span class='ocrx_word' id='word_1_126' title='bbox 2475 2827 2521 2919; x_wconf 88' lang='lat' dir='ltr'>His</span> <span class='ocrx_word' id='word_1_127' title='bbox 2473 2553 2535 2791; x_wconf 86' lang='lat' dir='ltr'>expositis</span> <span class='ocrx_word' id='word_1_128' title='bbox 2470 2332 2515 2518; x_wconf 71' lang='lat' dir='ltr'>famula</span> <span class='ocrx_word' id='word_1_129' title='bbox 2470 2250 2514 2297; x_wconf 90' lang='lat' dir='ltr'>in</span> <span class='ocrx_word' id='word_1_130' title='bbox 2469 2014 2514 2213; x_wconf 91' lang='lat' dir='ltr'>domum</span> <span class='ocrx_word' id='word_1_131' title='bbox 2465 1833 2522 1978; x_wconf 81' lang='lat' dir='ltr'>redIt,</span> <span class='ocrx_word' id='word_1_132' title='bbox 2462 1617 2508 1795; x_wconf 72' lang='lat' dir='ltr'>civium</span> <span class='ocrx_word' id='word_1_133' title='bbox 2460 1368 2507 1581; x_wconf 87' lang='lat' dir='ltr'>studium</span> <span class='ocrx_word' id='word_1_134' title='bbox 2456 1257 2504 1334; x_wconf 82' lang='lat' dir='ltr'>of—</span> 
     </span>
     <span class='ocr_line' id='line_1_20' title="bbox 2535 1255 2613 2917; textangle 90"><span class='ocrx_word' id='word_1_135' title='bbox 2553 2654 2613 2917; x_wconf 85' lang='lat' dir='ltr'>ficiumque</span> <span class='ocrx_word' id='word_1_136' title='bbox 2551 2407 2597 2617; x_wconf 86' lang='lat' dir='ltr'>dominis</span> <span class='ocrx_word' id='word_1_137' title='bbox 2548 2073 2605 2370; x_wconf 83' lang='lat' dir='ltr'>nuntiatnra3</span> <span class='ocrx_word' id='word_1_138' title='bbox 2562 1912 2593 2022; x_wconf 78' lang='lat' dir='ltr'>mox</span> <span class='ocrx_word' id='word_1_139' title='bbox 2543 1684 2604 1878; x_wconf 77' lang='lat' dir='ltr'>regina,</span> <span class='ocrx_word' id='word_1_140' title='bbox 2540 1518 2602 1647; x_wconf 89' lang='lat' dir='ltr'>quod</span> <span class='ocrx_word' id='word_1_141' title='bbox 2538 1364 2585 1481; x_wconf 88' lang='lat' dir='ltr'>solis</span> <span class='ocrx_word' id='word_1_142' title='bbox 2535 1255 2582 1328; x_wconf 82' lang='lat' dir='ltr'>lu-</span> 
     </span>
     <span class='ocr_line' id='line_1_21' title="bbox 2616 1250 2689 2917; textangle 90"><span class='ocrx_word' id='word_1_143' title='bbox 2647 2805 2678 2917; x_wconf 88' lang='lat' dir='ltr'>men</span> <span class='ocrx_word' id='word_1_144' title='bbox 2631 2544 2678 2770; x_wconf 90' lang='lat' dir='ltr'>ultimum</span> <span class='ocrx_word' id='word_1_145' title='bbox 2630 2342 2675 2506; x_wconf 71' lang='lat' dir='ltr'>videre</span> <span class='ocrx_word' id='word_1_146' title='bbox 2628 2136 2689 2296; x_wconf 83' lang='lat' dir='ltr'>cupit,</span> <span class='ocrx_word' id='word_1_147' title='bbox 2626 1956 2672 2087; x_wconf 79' lang='lat' dir='ltr'>foras</span> <span class='ocrx_word' id='word_1_148' title='bbox 2625 1850 2670 1908; x_wconf 87' lang='lat' dir='ltr'>ab</span> <span class='ocrx_word' id='word_1_149' title='bbox 2622 1593 2669 1801; x_wconf 88' lang='lat' dir='ltr'>Admeto</span> <span class='ocrx_word' id='word_1_150' title='bbox 2616 1250 2680 1549; x_wconf 85' lang='lat' dir='ltr'>producitur.</span> 
     </span>
     <span class='ocr_line' id='line_1_22' title="bbox 2694 1250 2762 2915; textangle 90"><span class='ocrx_word' id='word_1_151' title='bbox 2710 2717 2757 2915; x_wconf 85' lang='lat' dir='ltr'>Interim</span> <span class='ocrx_word' id='word_1_152' title='bbox 2709 2491 2755 2669; x_wconf 88' lang='lat' dir='ltr'>chorus</span> <span class='ocrx_word' id='word_1_153' title='bbox 2707 2135 2753 2444; x_wconf 85' lang='lat' dir='ltr'>miseratione</span> <span class='ocrx_word' id='word_1_154' title='bbox 2704 1821 2751 2086; x_wconf 87' lang='lat' dir='ltr'>Admetum</span> <span class='ocrx_word' id='word_1_155' title='bbox 2698 1437 2762 1774; x_wconf 84' lang='lat' dir='ltr'>prosequitur,</span> <span class='ocrx_word' id='word_1_156' title='bbox 2694 1250 2742 1390; x_wconf 87' lang='lat' dir='ltr'>cuius</span> 
     </span>
     <span class='ocr_line' id='line_1_23' title="bbox 2772 1249 2851 2914; textangle 90"><span class='ocrx_word' id='word_1_157' title='bbox 2789 2726 2851 2914; x_wconf 89' lang='lat' dir='ltr'>reliqua</span> <span class='ocrx_word' id='word_1_158' title='bbox 2788 2594 2834 2692; x_wconf 88' lang='lat' dir='ltr'>vita</span> <span class='ocrx_word' id='word_1_159' title='bbox 2786 2415 2849 2558; x_wconf 87' lang='lat' dir='ltr'>plena</span> <span class='ocrx_word' id='word_1_160' title='bbox 2784 2067 2847 2380; x_wconf 78' lang='lat' dir='ltr'>aegritudinis</span> <span class='ocrx_word' id='word_1_161' title='bbox 2783 1868 2829 2029; x_wconf 82' lang='lat' dir='ltr'>futura</span> <span class='ocrx_word' id='word_1_162' title='bbox 2780 1754 2838 1833; x_wconf 90' lang='lat' dir='ltr'>sit,</span> <span class='ocrx_word' id='word_1_163' title='bbox 2777 1474 2838 1717; x_wconf 90' lang='lat' dir='ltr'>simulque</span> <span class='ocrx_word' id='word_1_164' title='bbox 2772 1249 2837 1436; x_wconf 87' lang='lat' dir='ltr'>Apolli-</span> 
     </span>
     <span class='ocr_line' id='line_1_24' title="bbox 2851 1247 2929 2913; textangle 90"><span class='ocrx_word' id='word_1_165' title='bbox 2884 2803 2916 2913; x_wconf 89' lang='lat' dir='ltr'>nem</span> <span class='ocrx_word' id='word_1_166' title='bbox 2872 2516 2929 2768; x_wconf 85' lang='lat' dir='ltr'>precatur,</span> <span class='ocrx_word' id='word_1_167' title='bbox 2870 2411 2911 2467; x_wconf 86' lang='lat' dir='ltr'>ut</span> <span class='ocrx_word' id='word_1_168' title='bbox 2863 2180 2925 2376; x_wconf 86' lang='lat' dir='ltr'>aliquod</span> <span class='ocrx_word' id='word_1_169' title='bbox 2863 1999 2910 2144; x_wconf 89' lang='lat' dir='ltr'>huius</span> <span class='ocrx_word' id='word_1_170' title='bbox 2861 1844 2908 1959; x_wconf 87' lang='lat' dir='ltr'>mali</span> <span class='ocrx_word' id='word_1_171' title='bbox 2858 1534 2907 1809; x_wconf 89' lang='lat' dir='ltr'>remedium</span> <span class='ocrx_word' id='word_1_172' title='bbox 2851 1247 2902 1499; x_wconf 82' lang='lat' dir='ltr'>commini-</span> 
     </span>
     <span class='ocr_line' id='line_1_25' title="bbox 2954 2730 2995 2910; textangle 90"><span class='ocrx_word' id='word_1_173' title='bbox 2954 2730 2995 2910; x_wconf 87' lang='lat' dir='ltr'>scatur.</span> 
     </span>
    </p>

    <p class='ocr_par' dir='ltr' id='par_1_5' title="bbox 3014 1226 4273 2910">
     <span class='ocr_line' id='line_1_26' title="bbox 3014 1243 3081 2781; textangle 90"><span class='ocrx_word' id='word_1_174' title='bbox 3025 2563 3073 2781; x_wconf 87' lang='lat' dir='ltr'>Produci</span> <span class='ocrx_word' id='word_1_175' title='bbox 3024 2396 3071 2529; x_wconf 85' lang='lat' dir='ltr'>foras</span> <span class='ocrx_word' id='word_1_176' title='bbox 3022 2021 3069 2359; x_wconf 83' lang='lat' dir='ltr'>moribundam</span> <span class='ocrx_word' id='word_1_177' title='bbox 3035 1890 3066 1983; x_wconf 94' lang='lat' dir='ltr'>non</span> <span class='ocrx_word' id='word_1_178' title='bbox 3018 1654 3081 1838; x_wconf 90' lang='lat' dir='ltr'>optime</span> <span class='ocrx_word' id='word_1_179' title='bbox 3014 1422 3075 1618; x_wconf 85' lang='lat' dir='ltr'>quidem</span> <span class='ocrx_word' id='word_1_180' title='bbox 3014 1243 3058 1386; x_wconf 89' lang='lat' dir='ltr'>natu-</span> 
     </span>
     <span class='ocr_line' id='line_1_27' title="bbox 3091 1242 3163 2910; textangle 90"><span class='ocrx_word' id='word_1_181' title='bbox 3123 2824 3155 2910; x_wconf 85' lang='lat' dir='ltr'>rae</span> <span class='ocrx_word' id='word_1_182' title='bbox 3105 2523 3163 2778; x_wconf 81' lang='lat' dir='ltr'>convenit,</span> <span class='ocrx_word' id='word_1_183' title='bbox 3103 2400 3150 2486; x_wconf 90' lang='lat' dir='ltr'>sed</span> <span class='ocrx_word' id='word_1_184' title='bbox 3108 2286 3149 2361; x_wconf 88' lang='lat' dir='ltr'>est</span> <span class='ocrx_word' id='word_1_185' title='bbox 3100 2067 3148 2251; x_wconf 86' lang='lat' dir='ltr'>theatri</span> <span class='ocrx_word' id='word_1_186' title='bbox 3114 1862 3147 2032; x_wconf 87' lang='lat' dir='ltr'>caussa</span> <span class='ocrx_word' id='word_1_187' title='bbox 3095 1478 3144 1827; x_wconf 88' lang='lat' dir='ltr'>necessarium.</span> <span class='ocrx_word' id='word_1_188' title='bbox 3091 1242 3138 1407; x_wconf 86' lang='lat' dir='ltr'>Solem</span> 
     </span>
     <span class='ocr_line' id='line_1_28' title="bbox 3170 1241 3246 2908; textangle 90"><span class='ocrx_word' id='word_1_189' title='bbox 3186 2688 3233 2908; x_wconf 91' lang='lat' dir='ltr'>etlucem</span> <span class='ocrx_word' id='word_1_190' title='bbox 3189 2622 3230 2671; x_wconf 90' lang='lat' dir='ltr'>et</span> <span class='ocrx_word' id='word_1_191' title='bbox 3188 2428 3230 2607; x_wconf 89' lang='lat' dir='ltr'>terram</span> <span class='ocrx_word' id='word_1_192' title='bbox 3183 2195 3246 2403; x_wconf 88' lang='lat' dir='ltr'>patriam</span> <span class='ocrx_word' id='word_1_193' title='bbox 3196 2058 3227 2166; x_wconf 90' lang='lat' dir='ltr'>cum</span> <span class='ocrx_word' id='word_1_194' title='bbox 3179 1886 3226 2031; x_wconf 87' lang='lat' dir='ltr'>domo</span> <span class='ocrx_word' id='word_1_195' title='bbox 3182 1657 3239 1859; x_wconf 86' lang='lat' dir='ltr'>paterna</span> <span class='ocrx_word' id='word_1_196' title='bbox 3173 1404 3221 1632; x_wconf 87' lang='lat' dir='ltr'>ultimum</span> <span class='ocrx_word' id='word_1_197' title='bbox 3170 1241 3217 1372; x_wconf 84' lang='lat' dir='ltr'>salu-</span> 
     </span>
     <span class='ocr_line' id='line_1_29' title="bbox 3253 1240 3322 2906; textangle 90"><span class='ocrx_word' id='word_1_198' title='bbox 3271 2836 3312 2906; x_wconf 83' lang='lat' dir='ltr'>tat</span> <span class='ocrx_word' id='word_1_199' title='bbox 3264 2591 3322 2822; x_wconf 87' lang='lat' dir='ltr'>Alcestis,</span> <span class='ocrx_word' id='word_1_200' title='bbox 3263 2447 3308 2562; x_wconf 90' lang='lat' dir='ltr'>dum</span> <span class='ocrx_word' id='word_1_201' title='bbox 3262 2258 3307 2423; x_wconf 76' lang='lat' dir='ltr'>videre</span> <span class='ocrx_word' id='word_1_202' title='bbox 3260 2133 3307 2227; x_wconf 90' lang='lat' dir='ltr'>sibi</span> <span class='ocrx_word' id='word_1_203' title='bbox 3259 1918 3305 2111; x_wconf 61' lang='lat' dir='ltr'>videtur</span> <span class='ocrx_word' id='word_1_204' title='bbox 3256 1682 3303 1895; x_wconf 88' lang='lat' dir='ltr'>manium</span> <span class='ocrx_word' id='word_1_205' title='bbox 3253 1365 3316 1655; x_wconf 84' lang='lat' dir='ltr'>portitorem</span> <span class='ocrx_word' id='word_1_206' title='bbox 3263 1240 3296 1349; x_wconf 87' lang='lat' dir='ltr'>cum</span> 
     </span>
     <span class='ocr_line' id='line_1_30' title="bbox 3327 1238 3404 2905; textangle 90"><span class='ocrx_word' id='word_1_207' title='bbox 3344 2719 3404 2905; x_wconf 64' lang='lat' dir='ltr'>navigio</span> <span class='ocrx_word' id='word_1_208' title='bbox 3342 2622 3387 2681; x_wconf 89' lang='lat' dir='ltr'>ad</span> <span class='ocrx_word' id='word_1_209' title='bbox 3341 2247 3386 2586; x_wconf 88' lang='lat' dir='ltr'>traiiciendum</span> <span class='ocrx_word' id='word_1_210' title='bbox 3344 2042 3401 2211; x_wconf 84' lang='lat' dir='ltr'>parato</span> <span class='ocrx_word' id='word_1_211' title='bbox 3343 1958 3384 2006; x_wconf 88' lang='lat' dir='ltr'>et</span> <span class='ocrx_word' id='word_1_212' title='bbox 3335 1754 3382 1923; x_wconf 88' lang='lat' dir='ltr'>audire</span> <span class='ocrx_word' id='word_1_213' title='bbox 3335 1427 3390 1723; x_wconf 85' lang='lat' dir='ltr'>hortantem,</span> <span class='ocrx_word' id='word_1_214' title='bbox 3334 1339 3375 1393; x_wconf 86' lang='lat' dir='ltr'>ut</span> <span class='ocrx_word' id='word_1_215' title='bbox 3327 1238 3374 1313; x_wconf 88' lang='lat' dir='ltr'>se-</span> 
     </span>
     <span class='ocr_line' id='line_1_31' title="bbox 3409 1236 3480 2903; textangle 90"><span class='ocrx_word' id='word_1_216' title='bbox 3424 2741 3479 2903; x_wconf 88' lang='lat' dir='ltr'>stinet,</span> <span class='ocrx_word' id='word_1_217' title='bbox 3420 2457 3480 2702; x_wconf 89' lang='lat' dir='ltr'>simulque</span> <span class='ocrx_word' id='word_1_218' title='bbox 3419 2238 3465 2421; x_wconf 85' lang='lat' dir='ltr'>sentire</span> <span class='ocrx_word' id='word_1_219' title='bbox 3418 2020 3463 2201; x_wconf 85' lang='lat' dir='ltr'>Orcum</span> <span class='ocrx_word' id='word_1_220' title='bbox 3415 1756 3471 1984; x_wconf 89' lang='lat' dir='ltr'>luridum,</span> <span class='ocrx_word' id='word_1_221' title='bbox 3412 1445 3467 1719; x_wconf 87' lang='lat' dir='ltr'>volucrem,</span> <span class='ocrx_word' id='word_1_222' title='bbox 3409 1326 3470 1407; x_wconf 90' lang='lat' dir='ltr'>qui</span> <span class='ocrx_word' id='word_1_223' title='bbox 3422 1236 3453 1289; x_wconf 90' lang='lat' dir='ltr'>se</span> 
     </span>
     <span class='ocr_line' id='line_1_32' title="bbox 3487 1235 3549 2904; textangle 90"><span class='ocrx_word' id='word_1_224' title='bbox 3502 2680 3549 2904; x_wconf 90' lang='lat' dir='ltr'>manibus</span> <span class='ocrx_word' id='word_1_225' title='bbox 3499 2457 3545 2647; x_wconf 88' lang='lat' dir='ltr'>iniectis</span> <span class='ocrx_word' id='word_1_226' title='bbox 3498 2363 3543 2421; x_wconf 88' lang='lat' dir='ltr'>ad</span> <span class='ocrx_word' id='word_1_227' title='bbox 3497 2144 3543 2327; x_wconf 80' lang='lat' dir='ltr'>inferos</span> <span class='ocrx_word' id='word_1_228' title='bbox 3495 1886 3540 2113; x_wconf 85' lang='lat' dir='ltr'>abducat.</span> <span class='ocrx_word' id='word_1_229' title='bbox 3491 1618 3539 1819; x_wconf 88' lang='lat' dir='ltr'>Viribus</span> <span class='ocrx_word' id='word_1_230' title='bbox 3487 1235 3544 1591; x_wconf 83' lang='lat' dir='ltr'>deficientibus,</span> 
     </span>
     <span class='ocr_line' id='line_1_33' title="bbox 3565 1232 3644 2899; textangle 90"><span class='ocrx_word' id='word_1_231' title='bbox 3582 2695 3644 2899; x_wconf 78' lang='lat' dir='ltr'>caligine</span> <span class='ocrx_word' id='word_1_232' title='bbox 3578 2506 3625 2659; x_wconf 86' lang='lat' dir='ltr'>oculis</span> <span class='ocrx_word' id='word_1_233' title='bbox 3577 2282 3630 2469; x_wconf 81' lang='lat' dir='ltr'>offusa,</span> <span class='ocrx_word' id='word_1_234' title='bbox 3576 2186 3621 2233; x_wconf 90' lang='lat' dir='ltr'>in</span> <span class='ocrx_word' id='word_1_235' title='bbox 3575 1957 3619 2137; x_wconf 85' lang='lat' dir='ltr'>lectum</span> <span class='ocrx_word' id='word_1_236' title='bbox 3571 1619 3627 1910; x_wconf 58' lang='lat' dir='ltr'>reclinatum</span> <span class='ocrx_word' id='word_1_237' title='bbox 3577 1466 3615 1566; x_wconf 84' lang='lat' dir='ltr'>tum</span> <span class='ocrx_word' id='word_1_238' title='bbox 3565 1232 3626 1427; x_wconf 77' lang='lat' dir='ltr'>coniugi</span> 
     </span>
     <span class='ocr_line' id='line_1_34' title="bbox 3650 1231 3709 2900; textangle 90"><span class='ocrx_word' id='word_1_239' title='bbox 3659 2615 3709 2900; x_wconf 87' lang='lat' dir='ltr'>lamentanti</span> <span class='ocrx_word' id='word_1_240' title='bbox 3662 2531 3704 2579; x_wconf 91' lang='lat' dir='ltr'>et</span> <span class='ocrx_word' id='word_1_241' title='bbox 3658 2365 3703 2495; x_wconf 88' lang='lat' dir='ltr'>omni</span> <span class='ocrx_word' id='word_1_242' title='bbox 3656 2204 3701 2331; x_wconf 66' lang='lat' dir='ltr'>xitae</span> <span class='ocrx_word' id='word_1_243' title='bbox 3653 1868 3699 2170; x_wconf 88' lang='lat' dir='ltr'>iucunditate</span> <span class='ocrx_word' id='word_1_244' title='bbox 3668 1713 3697 1822; x_wconf 91' lang='lat' dir='ltr'>cum</span> <span class='ocrx_word' id='word_1_245' title='bbox 3650 1476 3709 1677; x_wconf 81' lang='lat' dir='ltr'>coniuge</span> <span class='ocrx_word' id='word_1_246' title='bbox 3662 1386 3693 1439; x_wconf 82' lang='lat' dir='ltr'>se</span> <span class='ocrx_word' id='word_1_247' title='bbox 3660 1231 3707 1350; x_wconf 83' lang='lat' dir='ltr'>spo-</span> 
     </span>
     <span class='ocr_line' id='line_1_35' title="bbox 3727 1231 3794 2898; textangle 90"><span class='ocrx_word' id='word_1_248' title='bbox 3740 2794 3787 2898; x_wconf 89' lang='lat' dir='ltr'>liari</span> <span class='ocrx_word' id='word_1_249' title='bbox 3737 2532 3785 2759; x_wconf 87' lang='lat' dir='ltr'>sentienti</span> <span class='ocrx_word' id='word_1_250' title='bbox 3736 2315 3782 2497; x_wconf 89' lang='lat' dir='ltr'>haecce</span> <span class='ocrx_word' id='word_1_251' title='bbox 3734 2135 3781 2279; x_wconf 86' lang='lat' dir='ltr'>dicit:</span> <span class='ocrx_word' id='word_1_252' title='bbox 3733 1983 3794 2089; x_wconf 78' lang='lat' dir='ltr'>Ego</span> <span class='ocrx_word' id='word_1_253' title='bbox 3732 1738 3777 1947; x_wconf 87' lang='lat' dir='ltr'>animam</span> <span class='ocrx_word' id='word_1_254' title='bbox 3745 1546 3775 1703; x_wconf 85' lang='lat' dir='ltr'>meam</span> <span class='ocrx_word' id='word_1_255' title='bbox 3727 1350 3773 1509; x_wconf 84' lang='lat' dir='ltr'>salute</span> <span class='ocrx_word' id='word_1_256' title='bbox 3730 1231 3771 1317; x_wconf 86' lang='lat' dir='ltr'>tua</span> 
     </span>
     <span class='ocr_line' id='line_1_36' title="bbox 3805 1229 3876 2898; textangle 90"><span class='ocrx_word' id='word_1_257' title='bbox 3820 2680 3866 2898; x_wconf 78' lang='lat' dir='ltr'>viliorem</span> <span class='ocrx_word' id='word_1_258' title='bbox 3832 2531 3863 2643; x_wconf 81' lang='lat' dir='ltr'>esse</span> <span class='ocrx_word' id='word_1_259' title='bbox 3817 2312 3863 2493; x_wconf 86' lang='lat' dir='ltr'>ducens</span> <span class='ocrx_word' id='word_1_260' title='bbox 3829 2186 3876 2275; x_wconf 89' lang='lat' dir='ltr'>pro</span> <span class='ocrx_word' id='word_1_261' title='bbox 3820 2102 3859 2150; x_wconf 89' lang='lat' dir='ltr'>te</span> <span class='ocrx_word' id='word_1_262' title='bbox 3812 1865 3868 2066; x_wconf 87' lang='lat' dir='ltr'>morior,</span> <span class='ocrx_word' id='word_1_263' title='bbox 3826 1681 3871 1827; x_wconf 91' lang='lat' dir='ltr'>quum</span> <span class='ocrx_word' id='word_1_264' title='bbox 3809 1480 3854 1649; x_wconf 87' lang='lat' dir='ltr'>liceret</span> <span class='ocrx_word' id='word_1_265' title='bbox 3805 1229 3852 1455; x_wconf 51' lang='lat' dir='ltr'>Thessa-2</span> 
     </span>
     <span class='ocr_line' id='line_1_37' title="bbox 3883 1231 3958 2895; textangle 90"><span class='ocrx_word' id='word_1_266' title='bbox 3899 2737 3945 2895; x_wconf 90' lang='lat' dir='ltr'>lorum</span> <span class='ocrx_word' id='word_1_267' title='bbox 3897 2418 3958 2687; x_wconf 90' lang='lat' dir='ltr'>cuicunque</span> <span class='ocrx_word' id='word_1_268' title='bbox 3895 2193 3941 2370; x_wconf 70' lang='lat' dir='ltr'>vellem</span> <span class='ocrx_word' id='word_1_269' title='bbox 3896 1970 3954 2148; x_wconf 88' lang='lat' dir='ltr'>nuptae</span> <span class='ocrx_word' id='word_1_270' title='bbox 3891 1748 3952 1922; x_wconf 88' lang='lat' dir='ltr'>opibus</span> <span class='ocrx_word' id='word_1_271' title='bbox 3904 1643 3935 1699; x_wconf 88' lang='lat' dir='ltr'>ac</span> <span class='ocrx_word' id='word_1_272' title='bbox 3886 1377 3949 1596; x_wconf 86' lang='lat' dir='ltr'>potentia</span> <span class='ocrx_word' id='word_1_273' title='bbox 3883 1231 3931 1342; x_wconf 83' lang='lat' dir='ltr'>frui.</span> 
     </span>
     <span class='ocr_line' id='line_1_38' title="bbox 3963 1228 4037 2893; textangle 90"><span class='ocrx_word' id='word_1_274' title='bbox 3977 2794 4024 2893; x_wconf 84' lang='lat' dir='ltr'>Sed</span> <span class='ocrx_word' id='word_1_275' title='bbox 3976 2631 4023 2759; x_wconf 92' lang='lat' dir='ltr'>nolui</span> <span class='ocrx_word' id='word_1_276' title='bbox 3982 2548 4022 2597; x_wconf 88' lang='lat' dir='ltr'>te</span> <span class='ocrx_word' id='word_1_277' title='bbox 3976 2322 4037 2512; x_wconf 81' lang='lat' dir='ltr'>privata</span> <span class='ocrx_word' id='word_1_278' title='bbox 3974 2126 4019 2291; x_wconf 73' lang='lat' dir='ltr'>vivere</span> <span class='ocrx_word' id='word_1_279' title='bbox 3987 1982 4018 2091; x_wconf 91' lang='lat' dir='ltr'>cum</span> <span class='ocrx_word' id='word_1_280' title='bbox 3970 1783 4017 1946; x_wconf 90' lang='lat' dir='ltr'>liberis</span> <span class='ocrx_word' id='word_1_281' title='bbox 3968 1590 4025 1744; x_wconf 87' lang='lat' dir='ltr'>orbis,</span> <span class='ocrx_word' id='word_1_282' title='bbox 3964 1340 4028 1553; x_wconf 81' lang='lat' dir='ltr'>quamvis</span> <span class='ocrx_word' id='word_1_283' title='bbox 3963 1228 4009 1304; x_wconf 91' lang='lat' dir='ltr'>iu-</span> 
     </span>
     <span class='ocr_line' id='line_1_39' title="bbox 4042 1227 4116 2892; textangle 90"><span class='ocrx_word' id='word_1_284' title='bbox 4055 2735 4103 2892; x_wconf 86' lang='lat' dir='ltr'>cunda</span> <span class='ocrx_word' id='word_1_285' title='bbox 4055 2487 4116 2701; x_wconf 77' lang='lat' dir='ltr'>vigerem</span> <span class='ocrx_word' id='word_1_286' title='bbox 4055 2230 4111 2452; x_wconf 82' lang='lat' dir='ltr'>iuventa,</span> <span class='ocrx_word' id='word_1_287' title='bbox 4067 2047 4113 2194; x_wconf 88' lang='lat' dir='ltr'>quum</span> <span class='ocrx_word' id='word_1_288' title='bbox 4054 1783 4112 2009; x_wconf 85' lang='lat' dir='ltr'>parentes</span> <span class='ocrx_word' id='word_1_289' title='bbox 4049 1673 4095 1747; x_wconf 84' lang='lat' dir='ltr'>tui</span> <span class='ocrx_word' id='word_1_290' title='bbox 4044 1371 4108 1649; x_wconf 75' lang='lat' dir='ltr'>grandaevi,</span> <span class='ocrx_word' id='word_1_291' title='bbox 4042 1227 4103 1334; x_wconf 76' lang='lat' dir='ltr'>qui-</span> 
     </span>
     <span class='ocr_line' id='line_1_40' title="bbox 4122 1226 4194 2890; textangle 90"><span class='ocrx_word' id='word_1_292' title='bbox 4135 2768 4193 2890; x_wconf 88' lang='lat' dir='ltr'>bus,</span> <span class='ocrx_word' id='word_1_293' title='bbox 4140 2686 4182 2734; x_wconf 91' lang='lat' dir='ltr'>te</span> <span class='ocrx_word' id='word_1_294' title='bbox 4134 2508 4181 2651; x_wconf 88' lang='lat' dir='ltr'>unico</span> <span class='ocrx_word' id='word_1_295' title='bbox 4134 2371 4179 2471; x_wconf 89' lang='lat' dir='ltr'>filio</span> <span class='ocrx_word' id='word_1_296' title='bbox 4133 2103 4194 2334; x_wconf 86' lang='lat' dir='ltr'>privatis,</span> <span class='ocrx_word' id='word_1_297' title='bbox 4146 1909 4191 2067; x_wconf 89' lang='lat' dir='ltr'>neque</span> <span class='ocrx_word' id='word_1_298' title='bbox 4145 1760 4191 1873; x_wconf 89' lang='lat' dir='ltr'>spes</span> <span class='ocrx_word' id='word_1_299' title='bbox 4142 1566 4188 1724; x_wconf 90' lang='lat' dir='ltr'>neque</span> <span class='ocrx_word' id='word_1_300' title='bbox 4122 1226 4185 1531; x_wconf 84' lang='lat' dir='ltr'>praesidium</span> 
     </span>
     <span class='ocr_line' id='line_1_41' title="bbox 4205 1227 4273 2889; textangle 90"><span class='ocrx_word' id='word_1_301' title='bbox 4213 2738 4259 2889; x_wconf 92' lang='lat' dir='ltr'>ullum</span> <span class='ocrx_word' id='word_1_302' title='bbox 4214 2576 4260 2706; x_wconf 76' lang='lat' dir='ltr'>vitae</span> <span class='ocrx_word' id='word_1_303' title='bbox 4213 2148 4273 2542; x_wconf 77' lang='lat' dir='ltr'>relInquebatur,</span> <span class='ocrx_word' id='word_1_304' title='bbox 4214 2044 4256 2094; x_wconf 88' lang='lat' dir='ltr'>et</span> <span class='ocrx_word' id='word_1_305' title='bbox 4224 1932 4256 2011; x_wconf 88' lang='lat' dir='ltr'>me</span> <span class='ocrx_word' id='word_1_306' title='bbox 4214 1844 4256 1894; x_wconf 92' lang='lat' dir='ltr'>et</span> <span class='ocrx_word' id='word_1_307' title='bbox 4215 1759 4256 1811; x_wconf 87' lang='lat' dir='ltr'>te</span> <span class='ocrx_word' id='word_1_308' title='bbox 4211 1674 4254 1724; x_wconf 89' lang='lat' dir='ltr'>et</span> <span class='ocrx_word' id='word_1_309' title='bbox 4206 1460 4254 1639; x_wconf 83' lang='lat' dir='ltr'>liberos</span> <span class='ocrx_word' id='word_1_310' title='bbox 4205 1227 4249 1423; x_wconf 87' lang='lat' dir='ltr'>nostros</span> 
     </span>
    </p>

    <p class='ocr_par' dir='ltr' id='par_1_6' title="bbox 4280 1226 4355 2887">
     <span class='ocr_line' id='line_1_42' title="bbox 4280 1226 4355 2887; textangle 90"><span class='ocrx_word' id='word_1_311' title='bbox 4292 2649 4355 2887; x_wconf 90' lang='lat' dir='ltr'>perdere,</span> <span class='ocrx_word' id='word_1_312' title='bbox 4308 2456 4354 2601; x_wconf 90' lang='lat' dir='ltr'>quam</span> <span class='ocrx_word' id='word_1_313' title='bbox 4292 2319 4354 2421; x_wconf 91' lang='lat' dir='ltr'>pati</span> <span class='ocrx_word' id='word_1_314' title='bbox 4290 2210 4350 2286; x_wconf 88' lang='lat' dir='ltr'>id,</span> <span class='ocrx_word' id='word_1_315' title='bbox 4289 2030 4351 2161; x_wconf 89' lang='lat' dir='ltr'>quod</span> <span class='ocrx_word' id='word_1_316' title='bbox 4294 1943 4336 1993; x_wconf 91' lang='lat' dir='ltr'>et</span> <span class='ocrx_word' id='word_1_317' title='bbox 4289 1686 4336 1908; x_wconf 83' lang='lat' dir='ltr'>officium</span> <span class='ocrx_word' id='word_1_318' title='bbox 4290 1602 4333 1650; x_wconf 89' lang='lat' dir='ltr'>et</span> <span class='ocrx_word' id='word_1_319' title='bbox 4284 1336 4331 1567; x_wconf 84' lang='lat' dir='ltr'>honestas</span> <span class='ocrx_word' id='word_1_320' title='bbox 4280 1226 4327 1303; x_wconf 86' lang='lat' dir='ltr'>iu-</span> 
     </span>
    </p>
   </div>
  </div>
 </body>
</html>
