5010 3336
2696 3176 2705 3177 ἶ
2715 3174 2764 3180 ‚—
2774 3174 2824 3182 ς..
2838 3167 2940 3181 m
2946 3166 2986 3178 ,κω
2999 3166 3018 3168 ⁷⁷*
3046 3173 3051 3178 .
3067 3166 3116 3179 ,ις
3123 3166 3156 3178 ...⁷
3143 3166 3146 3167 ⁷
3157 3172 3212 3179 aka,
3237 3165 3246 3177 ⁷,
3281 3165 3285 3166 ⁷
3300 3165 3318 3175 2⁷
3359 3164 3362 3166 ⁴

1143 2061 1197 2179 373

1294 2783 1343 2946 monio
1310 2664 1341 2757 non
1293 2485 1340 2640 solum
1290 2270 1346 2459 domus,
1292 2041 1351 2243 penates
1292 1965 1334 2013 et
1287 1788 1334 1940 altera
1286 1589 1348 1756 patria,
1286 1464 1333 1551 sed
1287 1286 1336 1434 etiam

1374 2751 1422 2947 divitiae
1372 2487 1435 2719 regnique
1370 2260 1417 2463 societas
1366 1926 1424 2224 offeruntur3
1366 1800 1413 1878 illa
1365 1572 1413 1748 excidit
1366 1287 1429 1527 coniugiO,

1455 2827 1501 2948 haec
1451 2451 1515 2787 adspernatur.
1449 2213 1509 2377 ltaque
1443 1995 1491 2173 Medea
1445 1776 1492 1958 misera
1446 1647 1499 1732 fit,
1445 1341 1507 1599 repudiata
1461 1286 1492 1313 a

1532 2717 1593 2948 coniuge3
1530 2509 1576 2670 Danae
1528 2300 1575 2475 misera
1538 2112 1581 2250 esse,
1538 1936 1584 2075 quam
1539 1803 1569 1898 non
1523 1510 1586 1769 repudiare
1540 1286 1586 1471 regem,

1609 2753 1657 2949 mavult.
1608 2504 1669 2671 Quid?
1606 2326 1670 2454 quod
1605 2168 1650 2289 haec
1602 1989 1648 2133 etiam
1600 1846 1647 1947 filio
1603 1739 1648 1797 ab
1618 1617 1659 1703 eo,
1604 1487 1665 1567 qui
1604 1288 1651 1452 coniu-

1689 2817 1751 2950 gium
1689 2677 1735 2782 eius
1687 2491 1750 2639 petit,
1684 2200 1748 2443 privatur,
1680 1984 1728 2165 Medea
1685 1769 1737 1951 contra,
1680 1603 1743 1729 quod
1686 1483 1729 1561 est
1698 1423 1730 1450 e
1698 1287 1730 1389 ma-

1768 2722 1815 2949 trimonio
1765 2455 1830 2687 expulsa,
1763 2304 1809 2414 filiis
1778 2213 1808 2266 se
1761 2071 1823 2177 ipsa
1759 1860 1822 2035 spoliat
1756 1775 1821 1843 *>.

1846 2634 1909 2827 Operae
1847 2522 1891 2598 est
1857 2227 1904 2488 quaerere,
1856 1986 1902 2189 quanam
1839 1888 1885 1949 de
1854 1684 1885 1853 caussa
1838 1470 1898 1650 Danae,
1841 1288 1904 1416 regis

1926 2655 1973 2945 connubium
1922 2313 1984 2603 repudians,
1925 2135 1967 2269 tanta
1918 1964 1965 2088 mala
1918 1739 1964 1928 subeat.
1918 1433 1966 1661 Feliciter
1935 1287 1966 1400 con·

2006 2812 2067 2949 tigit,
2010 2713 2050 2767 ut
2019 2608 2049 2666 ea
2017 2461 2064 2574 pars
2000 2179 2047 2414 orationis
1998 2022 2044 2127 eius
2002 1724 2052 1974 servatur,
2013 1620 2043 1677 ex
2013 1480 2058 1572 qua
1998 1286 2045 1433 animi

2085 2844 2131 2948 eius
2081 2573 2130 2808 sententia
2080 2399 2126 2527 haud
2078 2094 2126 2363 difficulter
2076 1723 2139 2061 perspiciatur.
2076 1528 2122 1639 Fuit
2077 1401 2123 1495 iam
2093 1286 2124 1365 se—

2163 2852 2210 2950 mel
2162 2641 2209 2819 amoris
2161 2558 2206 2604 vi
2163 2284 2221 2523 correpta,
2172 2152 2219 2246 quo
2162 1903 2218 2122 tempore
2156 1624 2202 1867 commisit
2155 1525 2211 1591 id,
2161 1285 2218 1490 propter

2243 2819 2304 2948 quod
2258 2742 2287 2769 a
2244 2504 2303 2708 parente
2239 2410 2285 2458 in
2254 2242 2283 2375 mare
2236 2018 2282 2207 abiecta
2239 1894 2281 1983 est.
2234 1683 2280 1812 IIinc
2234 1428 2281 1647 divinitus
2250 1288 2281 1391 ser-

2326 2844 2368 2951 vata
2326 2759 2367 2807 et
2319 2590 2382 2725 quasi
2318 2457 2364 2552 luci
2316 2199 2371 2421 reddita,
2314 2043 2375 2150 quis
2314 1774 2369 2008 miretur,
2315 1595 2375 1723 quod
2314 1400 2362 1560 eidem
2313 1289 2361 1365 su-

2400 2851 2446 2950 rori
2399 2659 2446 2817 denuo
2414 2570 2444 2622 se
2397 2236 2443 2541 committere
2400 1990 2449 2204 veretur,
2394 1823 2454 1951 qnod
2392 1707 2438 1789 illo
2395 1515 2440 1683 morbo
2394 1434 2439 1481 in
2408 1288 2454 1398 per-

2483 2752 2541 2950 petuum
2478 2528 2523 2730 liberata
2480 2410 2533 2501 est,
2474 2247 2535 2373 quod
2474 2075 2535 2219 longe
2473 1719 2519 2048 honestiorem
2471 1454 2534 1691 longeque
2487 1289 2534 1430 prae-

2558 2636 2615 2948 stantiorem,
2572 2450 2617 2588 quam
2570 2185 2600 2401 amorem
2551 1843 2611 2147 Venereum,
2550 1555 2597 1797 intellexit
2566 1400 2598 1509 esse
2550 1288 2598 1365 iu-

2636 2790 2683 2949 stitiae
2651 2534 2682 2747 amorem
2634 2108 2696 2489 probitatisque,
2631 1928 2693 2056 quod
2647 1725 2691 1881 neque
2631 1485 2692 1680 pietatis
2630 1287 2677 1448 officia

2715 2847 2762 2951 vult
2714 2594 2776 2821 cupidini,
2728 2410 2773 2567 neque
2712 2295 2757 2383 filii
2728 2105 2758 2265 curam
2711 1888 2757 2071 libidini
2710 1649 2770 1861 coniugIS
2709 1289 2772 1618 postponere‘l

2793 2681 2856 2950 Triplicem
2794 2528 2839 2653 enim
2807 2285 2837 2497 amorem
2790 1856 2853 2247 distinguendum
2805 1721 2835 1830 esse
2794 1508 2846 1691 censet,
2802 1412 2834 1471 ex
2785 1290 2835 1390 Ve-

2888 2819 2931 2952 nere,
2888 2723 2919 2782 ex
2873 2493 2935 2689 pietate,
2886 2397 2917 2457 ex
2870 2106 2916 2362 honestate
2868 1766 2931 2072 profectum,
2883 1527 2929 1729 quorum
2867 1288 2929 1499 primum

2952 2763 2999 2950 salvere
2952 2571 3009 2729 iubet,
2950 2337 3012 2533 reliquis
2949 2111 2996 2300 dnobus
2965 2018 2995 2072 se
2947 1783 2994 1983 addicit.

3030 2686 3077 2819 Ordo
3030 2298 3092 2652 tragoediarum
3045 2102 3090 2247 quum
3032 1879 3074 2049 natura
3030 1441 3089 1834 argumentorum
3026 1288 3089 1397 ipsa

3111 2507 3173 2951 praescriberetur,
3109 2193 3155 2455 curandum
3122 2024 3154 2133 esse
3107 1832 3154 1969 duxit
3107 1494 3168 1783 Euripides,
3110 1382 3152 1436 ut
3108 1288 3151 1339 et

3191 2718 3236 2950 varietate
3194 2632 3235 2683 et
3204 2375 3235 2600 sensuum
3188 2015 3233 2335 delectatione
3187 1753 3231 1996 theatrum
3189 1470 3232 1730 teneretur.
3183 1290 3230 1418 Sim-

3268 2682 3331 2949 plicissima
3267 2521 3313 2648 enim
3266 2277 3312 2485 Medeae
3270 2159 3311 2232 est
3270 1854 3321 2122 structura,
3269 1753 3310 1805 ut
3264 1574 3310 1718 etiam
3280 1511 3310 1538 a
3264 1289 3311 1477 duobus

3347 2704 3393 2948 actoribus
3346 2414 3391 2666 commode
3345 2164 3406 2379 potuerit
3343 1895 3401 2129 exhiberi,
3348 1792 3389 1843 et
3344 1714 3388 1759 in
3343 1540 3388 1679 unius
3341 1400 3389 1507 sere
3340 1290 3387 1364 af-

3426 2788 3472 2949 fectus
3429 2586 3471 2752 natura
3423 2230 3469 2550 describenda
3428 2097 3469 2195 tota
3428 1825 3470 2062 versatur.
3421 1489 3482 1745 Copiosius
3435 1291 3466 1453 rerum

3505 2689 3561 2949 varIetate,
3518 2329 3566 2645 personarum
3502 1958 3559 2291 multitudine,
3500 1614 3547 1920 consiliorum
3500 1290 3546 1576 affectuum-

3599 2853 3646 2947 que
3583 2519 3631 2817 conflictibus
3580 2316 3626 2481 drama
3580 2172 3627 2267 suit
3581 1823 3628 2137 Philoctetae.
3577 1575 3640 1758 Dictyis
3594 1424 3625 1538 vero
3583 1290 3623 1388 tra-

3663 2751 3725 2950 goedia,
3678 2597 3708 2704 cum
3662 2490 3707 2547 ab
3660 2352 3705 2443 hac
3664 2179 3721 2315 parte
3660 1870 3706 2142 Philoctete
3674 1729 3704 1823 non
3663 1547 3704 1677 esset
3658 1291 3714 1513 inferior,

3742 2721 3805 2947 ampliori
3740 2427 3788 2695 excellebat
3755 2220 3795 2402 rerum,
3755 2061 3800 2183 quae
3754 1867 3785 2037 sensus
3743 1574 3795 1839 moverent,
3740 1291 3798 1538 apparatu.

3821 2583 3869 2949 Producebatur
3820 2424 3866 2548 enim
3819 2341 3863 2388 in
3834 2109 3864 2301 scenam
3819 1825 3865 2078 comitatus
3817 1659 3879 1789 regis
3816 1290 3878 1632 amplissimus,

3905 2721 3948 2947 constans
3916 2612 3946 2672 ex
3899 2465 3945 2577 viris
3898 2099 3961 2429 principibus,
3897 1987 3944 2048 ad
3898 1749 3959 1941 nuptias
3895 1291 3943 1700 concelebrandas

3980 2704 4036 2949 invitatis,
3994 2466 4041 2669 quorum
3984 2240 4023 2429 caterva
3977 2082 4022 2207 inter
3977 1891 4039 2049 ipsum
3978 1752 4023 1853 irae
3975 1512 4022 1730 furorem
3975 1291 4037 1478 ipsum-

4075 2852 4122 2946 que
4060 2566 4121 2819 impetum,
4073 2437 4120 2529 quo
4058 2355 4103 2401 in
4056 2089 4103 2319 Perseum
4056 1829 4105 2055 invadere
4057 1524 4113 1802 conabatur,
4054 1439 4100 1487 in
4068 1290 4099 1403 saxa

4238 2835 4290 2879 ἧς)
4236 2644 4278 2804 Confer
4251 2501 4291 2614 quae
4240 2414 4281 2456 in
4238 2199 4280 2382 candem
4237 2062 4281 2157 sere
4237 1776 4281 2034 sententiam
4234 1501 4278 1747 Schoell.
4246 1419 4285 1459 p.
4229 1292 4271 1387 153.

4306 2555 4361 2804 disputavit.

1704 853 1765 861 ›2⁴-

1890 832 1895 836 ,
1939 831 1942 833 r
1972 825 2010 833 *A
2071 818 2130 832 .·.·.“
2137 819 2165 831 γε·
2174 826 2191 831 .-

1777 853 1795 858 .,
1843 841 2214 859 *vam—*m
2080 854 2085 855 ⁷
2150 860 2166 863 .,
2199 838 2352 861 jffl
2241 860 2266 862 w
2302 859 2308 861 ‚
2339 841 2394 851 0⁴⁴⁷

2103 879 2121 883 Λ
2152 880 2161 882 ⁷.
2276 866 2404 881 -3-7-

2300 742 2376 790 »ψ’

2437 815 2542 826 ,4,1ι
2591 814 2594 816 ·

2413 878 2418 880 ,
2442 864 2589 881 <ξ”“-““’”-“

2512 736 2560 769 1³

2608 735 2610 739 '
2631 732 2642 758 Χ

2749 809 2905 823 --α-’ύ--““.
2933 811 2938 815 ·

2405 843 2410 845 .
2427 834 2939 849 ,τὛΑν-ηἿψ-,ς-,κ-νιε-ἿΕΉΗ
2950 836 2985 843 ,Β

2596 855 2750 876 ,ιη-ῑῆῳ»
2766 861 2840 869 Μ-
2852 856 2937 868 22—2..
2956 858 2985 865 ..-⁴
