5010 3336
1903 3294 1926 3299 Ι

1900 3252 1938 3266 1‘.

1005 2116 1059 2194 85

1161 2665 1221 2983 mammisque
1156 2401 1203 2620 humanis
1150 2038 1210 2347 brachiisque
1146 1734 1207 1992 polypodis
1144 1478 1206 1671 insignis
1149 1327 1189 1414 est.

1241 2824 1302 2981 Supra
1237 2434 1286 2789 Stheneboeam
1230 2178 1277 2397 columba
1228 1941 1274 2144 volitans
1225 1739 1271 1917 amoris
1224 1620 1270 1713 vim
1222 1324 1286 1595 significare

1320 2777 1366 2979 videtur.

1397 2512 1446 2851 Stheneboeae
1387 1987 1450 2478 Bellerophontis-que
1382 1673 1428 1943 fabularum
1378 1433 1427 1637 eandem
1369 1323 1425 1399 rass

1478 2771 1533 2981 tionem,
1489 2596 1535 2734 quam
1467 2307 1530 2561 llippolyti
1466 2099 1527 2273 prioris
1462 1731 1522 2052 alteriusque7
1461 1525 1506 1677 fuisse
1460 1321 1506 1478 video.

1556 2930 1602 2978 ln
1555 2812 1600 2893 illa
1554 2654 1599 2776 enim
1565 2525 1595 2617 non
1548 2316 1603 2490 minus,
1561 2140 1607 2280 quam
1544 2055 1589 2103 in
1542 1868 1605 2020 priori
1538 1557 1601 1844 Hippolyto,
1553 1320 1599 1521 reprae-

1638 2731 1682 2979 sentantur
1629 2479 1675 2685 feminae
1625 2269 1672 2443 amoris
1623 2066 1670 2234 surore
1627 1935 1667 2032 tam
1618 1610 1665 1883 vehementi
1617 1323 1679 1575 abreptae,

1719 2928 1762 2980 ut
1729 2834 1760 2894 ne
1708 2601 1774 2799 pudoris
1705 2370 1767 2565 quidem
1703 2186 1749 2335 ullum
1705 1875 1763 2151 respectum
1698 1624 1752 1849 habeant,
1696 1500 1742 1587 sed
1695 1318 1741 1471 altera

1795 2932 1839 2981 in
1805 2722 1852 2896 equum
1786 2471 1841 2685 sublata,
1783 2265 1829 2417 altera
1782 2005 1827 2217 vestibus
1778 1754 1825 1969 virilibus
1774 1544 1821 1717 sumtis
1772 1317 1835 1507 quidvis

1871 2749 1925 2980 audeant,
1865 2423 1912 2686 dummodo
1861 2246 1923 2373 quod
1860 1999 1923 2197 cupiunt
1858 1581 1916 1952 consequantur.
1853 1315 1899 1495 Contra

1950 2784 1997 2981 alterius
1944 2496 2006 2749 Hippolyti
1940 2236 1989 2460 Phaedra
1943 2071 1986 2203 tanta
1942 1962 1984 2036 est
1933 1619 1991 1928 verecundia,
1937 1532 1979 1586 ut
1948 1438 1979 1499 ne
1947 1317 1978 1404 nu-

2029 2872 2077 2981 trici
2026 2626 2088 2836 quidem,
2023 2496 2069 2588 nisi
2022 2285 2079 2459 invita7
2033 2037 2065 2249 amorem
2016 1790 2063 2002 fateatur
2017 1692 2059 1742 et
2012 1500 2075 1658 perire
2011 1316 2072 1466 prius,

2123 2837 2170 2980 quam
2104 2591 2168 2801 cupidini
2102 2304 2164 2558 indulgere
2098 1961 2147 2280 constituerit.
2095 1826 2142 1893 Et
2092 1496 2139 1801 Stheneboea
2089 1314 2136 1475 Belle0

2185 2725 2249 2979 rophontis
2182 2486 2230 2674 nonnisi
2180 2287 2226 2438 semel
2178 2042 2240 2242 pudoris
2173 1622 2231 1988 honestatisque
2170 1443 2216 1586 oblita
2173 1314 2227 1406 est,

2282 2883 2328 2977 quo
2270 2612 2326 2835 tempore
2258 2264 2307 2564 adolescenti
2270 2003 2301 2217 amorem
2251 1638 2314 1953 significavit„
2246 1313 2311 1575 postmodo

2344 2633 2392 2978 honestissimo
2337 2356 2399 2579 exemplo
2335 2105 2397 2321 ingenuis
2331 1701 2379 2071 Atheniensium
2327 1435 2373 1665 matronis
2343 1314 2372 1399 au-

2426 2881 2472 2975 trix
2428 2770 2470 2848 est
2422 2528 2467 2733 cicutam
2417 2329 2479 2491 potius
2413 2079 2471 2293 bibendi7
2427 1898 2472 2041 quam
2415 1800 2456 1852 ut
2412 1609 2454 1766 tantae
2403 1314 2467 1575 turpitudi-

2504 2904 2550 2975 nis
2501 2623 2548 2867 convictae
2498 2442 2543 2588 velint
2495 2102 2550 2406 maritorum7
2505 1848 2552 2049 quorum
2488 1650 2533 1798 fidem
2484 1313 2543 1597 fefellerint,

2582 2818 2629 2977 vultus
2576 2289 2647 2782 exprqbrationesque
2572 2119 2619 2266 serre.
2567 1770 2615 2050 Ulciscendi
2564 1532 2611 1743 studium
2564 1310 2623 1505 utrique

2677 2888 2724 2976 par
2664 2754 2718 2852 est,
2661 2657 2702 2705 et
2654 2404 2717 2594 quidem
2668 2298 2698 2355 ex
2650 2134 2696 2255 salsa
2647 1814 2709 2086 suspicione
2644 1575 2705 1764 utrique
2642 1312 2701 1529 ductum,

2755 2826 2803 2973 quum
2752 2688 2783 2790 rem
2736 2594 2782 2650 ab
2730 2140 2789 2558 adolescentibus,
2726 1976 2775 2105 nulla
2723 1648 2773 1942 necessitate
2721 1410 2777 1613 coactis,
2720 1310 2766 1372 ad

2820 2774 2867 2974 maritos
2830 2612 2861 2726 suos
2813 2355 2859 2563 delatam
2825 2193 2856 2302 esse
2808 1873 2870 2147 opinentur.
2802 1651 2850 1794 Unde
2799 1311 2864 1605 palinodiam

2900 2759 2963 2975 priorum
2895 2440 2939 2707 dramatum
2905 2302 2937 2394 non
2890 2110 2935 2264 minus
2884 1650 2947 2073 Bellerophontem
2896 1470 2943 1612 quam
2878 1312 2925 1435 alte—

2994 2868 3025 2975 rum
2974 2519 3038 2834 Hippolytum
2971 2328 3017 2484 fuisse
2968 2078 3025 2292 coniicio,
2966 1897 3026 2044 idque
2964 1718 3010 1862 etiam
2959 1476 3007 1681 nominis
2973 1313 3004 1443 com-

3056 2738 3105 2973 munitate
3053 2434 3098 2692 indicatum
3049 2247 3095 2397 fnisse
3064 2130 3094 2187 ex
3044 1755 3106 2081 Aristophane
3053 1443 3102 1711 cognoscO,
3036 1310 3097 1393 qui

3134 2716 3184 2973 manifesto
3129 2288 3193 2680 Bellerophontis
3142 2078 3174 2253 nomen
3125 1989 3171 2032 ei
3122 1744 3170 1937 fabulae
3118 1504 3179 1699 tribuit,
3131 1314 3179 1454 quam

3214 2672 3278 2969 posteriores
3210 2278 3255 2635 Stheneboeam
3206 1992 3269 2239 appellare
3202 1713 3249 1956 solebant:

3286 2457 3352 2902 -αἰσχυνθείσας
3283 2314 3333 2421 διὰ
3278 2122 3340 2279 τοὺς
3274 1917 3338 2078 σοὺς
3275 1312 3339 1882 Βελλεροφόντας.

3372 2868 3420 2971 Has
3374 2670 3416 2831 autem
3366 2365 3430 2635 palinodias
3372 2218 3411 2330 ante
3364 2109 3409 2181 Ol.
3365 1923 3419 2073 83‚3‚
3376 1793 3421 1885 quo
3373 1637 3404 1759 anno
3355 1313 3417 1602 Aristopha—

3453 2896 3499 2970 nis
3451 2524 3499 2860 Acharnenses
3446 2393 3493 2486 acti
3449 2223 3503 2358 sunt„
3443 2120 3488 2166 in
3457 1890 3487 2083 scenam
3438 1670 3484 1854 delatas
3436 1482 3481 1635 suiSse
3448 1312 3479 1427 con-

3536 2849 3579 2968 stat:
3544 2675 3574 2785 nam
3526 2556 3572 2615 de
3525 2124 3585 2499 Bellerophonte
3519 1840 3581 2075 quaedam
3518 1746 3563 1795 in
3513 1311 3563 1701 Acharnensibus

3611 2518 3661 2967 commemorantur,
3603 2146 3666 2465 Hippolytum
3606 1951 3647 2110 autem
3598 1838 3643 1913 01.
3598 1653 3652 1800 87,4.
3599 1456 3640 1616 actum
3606 1310 3638 1419 esse

3691 2921 3736 2969 in
3690 2606 3750 2887 argumento
3686 2456 3731 2556 eius
3681 2134 3745 2410 tragoediae
3678 1862 3725 2089 traditum
3682 1736 3723 1825 est.
3673 1411 3734 1667 Sequitur,
3675 1310 3717 1367 ut

3769 2662 3817 2967 Stheneboea
3769 2593 3811 2642 et
3764 2262 3826 2568 Hippolytus,
3761 2145 3821 2224 qui
3757 1751 3821 2116 cognominatur
3754 1528 3811 1732 velatus,
3750 1309 3798 1503 fabulae

3847 2730 3909 2967 aliquanto
3845 2565 3907 2695 prius
3860 2421 3890 2528 cum
3842 2234 3903 2373 vulgo
3838 1810 3885 2187 communicatae
3837 1652 3894 1765 sint,
3838 1552 3879 1599 et
3830 1311 3893 1505 quidem

3927 2778 3989 2967 longius
3924 2523 3987 2730 spatium
3923 2349 3969 2477 inter
3924 2074 3967 2304 mutatam
3916 1810 3965 2027 eiusdem
3913 1531 3963 1764 materiae
3914 1310 3957 1487 tracta—

4007 2787 4053 2968 tionem
4002 2409 4060 2763 intercessisse,
4006 2336 4047 2382 et
4001 2102 4063 2315 priorum
3997 1803 4044 2080 memoriam
3997 1686 4042 1779 iam
3988 1309 4055 1662 quodammodo

4086 2657 4133 2963 obscuratam
4081 2454 4141 2624 fuisse,
4096 2272 4143 2417 quum
4078 2041 4126 2250 variatae
4076 1660 4135 2018 exhiberentur,
4084 1423 4120 1626 necesse
4071 1310 4115 1402 est.
