5010 3336
3958 2130 4014 2209 72

3807 1463 3875 1664 δμωσὶν
3823 1698 3880 1744 δ’
3809 1776 3878 1979 ἐμοῖσιν
3807 2013 3879 2178 εἶπον,
3809 2215 3871 2285 ὡς
3801 2318 3870 2578 καυτήρια

3733 1460 3795 1533 εἰς
3729 1564 3790 1674 πῦρ
3742 1708 3793 1896 τιθῶσι
3741 1928 3794 2017 καὶ
3723 2050 3791 2280 διηπέτη,
3737 2316 3785 2493 θενεῖν
3721 2516 3787 2583 *).

3663 1328 3715 1622 Venientem
3662 1657 3712 1832 deinde
3660 1865 3695 1975 cum
3640 2009 3706 2295 paedagogo
3644 2329 3705 2643 Phoenicem,
3657 2678 3701 2732 ut
3650 2771 3702 3007 sodalium

3585 1326 3635 1457 ludis
3584 1492 3617 1546 se
3566 1581 3632 1839 adiungat,
3565 1886 3628 2039 patris
3575 2073 3625 2322 accusatio
3560 2358 3625 2571 excipit,
3575 2621 3624 2700 cui
3573 2733 3622 2858 haec
3572 2892 3620 3006 sub-

3488 1326 3556 1544 iungitur
3502 1578 3550 1875 exsecratio:

3406 1456 3475 1726 „Neque
3423 1772 3465 1844 tu
3403 1891 3455 2172 unquam
3419 2219 3467 2289 in
3402 2342 3463 2659 gremium
3396 2710 3460 3006 extollas

3340 2108 3388 2198 lib
3337 2216 3371 2393 erum
3337 2431 3368 2503 ex
3334 2537 3377 2604 te
3317 2636 3365 2845 genus
3314 2872 3383 3005 **).''

3266 1322 3318 1544 Phoenix
3264 1579 3308 1747 contra
3265 1767 3293 1778 :

3173 1450 3236 1813 „saeviter
3164 1844 3229 2297 suspicionem
3163 2331 3226 2528 serre
3159 2550 3222 2807 falsam
3155 2831 3219 3004 futi-

3100 2092 3147 2159 lu
3099 2173 3131 2221 m
3099 2259 3130 2321 es
3098 2336 3146 2408 t.”

3038 1450 3048 1517 -
3039 1649 3047 1712 -
3037 1845 3044 1908 -
3032 2042 3042 2103 -
3031 2235 3040 2301 Ἠ
3030 2431 3039 2497 *-
3002 2628 3063 2798 „Tum

2947 1456 2997 1545 Tu
2944 1590 2993 1716 isti
2930 1760 2993 2071 credere,
2921 2128 2982 2324 atque
2934 2383 2970 2630 exerce
2914 2689 2981 3000 linguam,

2859 2086 2901 2152 ut
2842 2188 2904 2584 argutarier

2785 1449 2838 1728 Possis''
2791 1861 2803 1924 —-
2793 2058 2802 2121 —
2792 2253 2799 2319 -—
2788 2448 2797 2512 —
2786 2646 2795 2706 —
2781 2843 2789 2904 —

2708 1319 2758 1442 Cum
2708 1475 2757 1555 his
2689 1591 2751 1873 conspirant
2685 1905 2734 2109 graecaz

2608 1445 2678 1656 τάφανῆ
2607 1691 2673 2043 τεκμηρίοισιν
2610 2076 2671 2286 εἰκότως
2616 2320 2671 2580 ἁλίσκεται
2597 2607 2665 2734 ***).

2548 1314 2597 1393 Ex
2544 1426 2596 1741 altercatione
2544 1777 2590 1837 ad
2540 1874 2588 2145 orationum
2538 2182 2586 2542 contentionem
2526 2596 2580 2841 transitur.
2527 2911 2577 2996 Di-

2468 1314 2512 1445 serta
2467 1476 2514 1562 filii
2461 1597 2512 1884 defensione
2460 1917 2493 2013 non
2445 2047 2507 2304 minuitur,
2456 2341 2509 2429 sed
2437 2463 2503 2792 confirmatur,
2431 2847 2494 2997 patris

2373 1315 2435 1561 suspicio:

2295 1442 2359 1579 ὄςτις
2288 1612 2356 1779 λέγειν
2286 1811 2353 1906 μὲν
2284 1941 2351 2213 εὐπρεπῶς
2285 2247 2350 2529 ἐπίσταται,

2226 1441 2277 1505 τὰ
2223 1539 2275 1585 δ’
2207 1621 2274 1750 ἔργα
2204 1782 2271 1935 χείρω
2217 1972 2267 2080 τῶν
2201 2112 2267 2288 λόγων
2198 2322 2267 2602 παρέσχετο
2194 2621 2264 2779 ****),

2078 1441 2086 1505 -
2074 1637 2085 1703 —
2059 1837 2111 1891 οἵ
2042 1921 2105 2109 πεῖραν
2056 2143 2107 2207 οὐ
2040 2239 2107 2540 δεδωκότες,

1969 1439 2032 1638 μᾶλλον
1965 1674 2031 1974 δοκοῦντες,
1960 2009 2027 2042 ἢ
1959 2080 2025 2387 πεφυκότες,
1955 2425 2022 2600 σοφοί.

1887 1306 1954 1578 Interponit
1898 1611 1950 1790 deinde
1897 1825 1931 1881 se
1879 1914 1943 2254 paedagogus:

1823 1441 1881 1482 ὦ
1806 1517 1874 1741 δέσποτ’,
1807 1776 1873 1926 αἷνός
1815 1959 1867 2066 ἐστι
1804 2101 1861 2209 τοῖς
1798 2244 1860 2433 σοφοῖς
1796 2468 1862 2677 βροτῶν
1793 2702 1860 2788 †),

1725 1434 1791 1609 χρόνῳ
1735 1644 1784 1957 σκοπεῖσθαι
1718 1991 1783 2081 τῆς
1718 2115 1785 2362 ἀληθείας
1717 2396 1783 2515 πέρι

1664 1436 1683 2489 ———————-

1543 1373 1597 1417 *)
1554 1446 1595 1682 Erotianus
1540 1712 1579 1755 p.
1552 1788 1595 1899 132:
1536 1932 1593 2161 Διηπέτης
1546 2190 1594 2293 ἀντὶ
1545 2322 1588 2405 τοῦ
1531 2436 1588 2629 διαυγὴς
1542 2657 1585 2737 καὶ
1527 2763 1584 2986 καθαρός,

1476 1443 1529 1505 οἷς
1482 1534 1526 1612 καὶ
1468 1640 1529 1893 Εὐριπίδης
1479 1924 1525 1972 ἐν
1477 2005 1521 2182 Φοίνικι
1464 2211 1521 2379 λέγων·
1463 2411 1517 2555 δμωσὶ
1472 2584 1519 2626 δ’
1460 2648 1517 2819 ἐμοῖσιν
1456 2839 1517 2985 εἶπον,

1405 1446 1458 1508 ὥς
1398 1534 1453 1803 ταντηρίαις
1395 1831 1452 2020 πνρίδες
1390 2047 1452 2741 (ΤΑΤΤΗΡΙΑΙΣΠΤΡΙΔΕΣ)
1399 2772 1444 2849 καὶ
1386 2877 1441 2984 διη-

1329 1440 1370 1555 πετη
1340 1583 1369 1770 κτειναι.

1262 1357 1317 1416 ⁴”)
1274 1447 1315 1537 Cic.
1272 1570 1315 1691 Orat.
1271 1723 1298 1759 e.
1270 1789 1315 1858 46.
1259 1889 1310 1929 §.
1269 1959 1313 2055 155.
1268 2103 1309 2171 Cf.
1265 2203 1309 2253 11.
1256 2283 1308 2361 IX,
1265 2385 1309 2482 455.
1264 2510 1303 2552 et
1261 2580 1305 2755 Tzetzis
1260 2784 1301 2815 l.
1245 2848 1287 2981 supra

1204 1439 1244 1682 laudatum.

1124 1328 1177 1407 ***)
1121 1436 1175 1848 Interpretationem
1119 1868 1171 2074 apposuit
1127 2096 1169 2232 Clem.
1126 2252 1167 2377 Alex.
1110 2408 1167 2594 (fragm.
1109 2626 1164 2722 V.):
1120 2744 1166 2773 ὁὶ
1119 2801 1162 2841 δ’
1118 2859 1164 2981 ἐστὶν

1051 1439 1108 1615 ἀφανῆ,
1049 1647 1109 1821 ἀνάγκη
1052 1852 1107 1961 τοὺς
1047 1991 1101 2293 διδάσκοντας
1039 2319 1094 2574 τεκμηρίοις
1049 2605 1093 2682 καὶ
1041 2711 1089 2808 τοῖς
1047 2838 1094 2979 εἰκόσι

980 1440 1035 1602 ζητεῖν.

912 1300 967 1403 ****)
908 1431 965 1696 Paedagogi
911 1736 965 1948 orationi,
907 1994 946 2109 quae
903 2148 958 2366 sequitur,
909 2409 942 2579 annexa
908 2617 950 2732 haec
894 2771 949 2978 leguntur

841 1437 882 1508 ap.
852 1540 893 1809 Stobaeum:
851 1842 892 1942 vide
846 1970 891 2131 Matth.
833 2162 872 2204 p.
843 2234 888 2331 291.

772 1352 827 1409 Τ)
768 1439 824 1581 Vulgo
781 1612 832 1650 αἶ
779 1679 825 1861 δέσποτ’
766 1895 824 2023 ἄναξ,
774 2054 821 2147 ἔστι
772 2176 814 2268 κτλ.
