5010 3336
3936 2116 3997 2240 524

3794 1330 3855 1570 recurrit,
3804 1624 3838 1686 ex
3788 1736 3836 1830 qua
3800 1876 3849 2003 mala
3781 2054 3847 2361 singulorum
3776 2410 3839 2646 pendent.
3781 2717 3835 2860 Fecit
3777 2894 3828 3025 enim

3709 1328 3775 1599 Euripides
3722 1635 3771 1687 in
3722 1733 3770 1825 hac
3706 1859 3767 2116 tragoedia
3715 2166 3764 2300 idem
3698 2348 3758 2481 quod
3708 2516 3757 2563 in
3688 2604 3756 2923 Phoenissis,
3697 2972 3741 3028 ut

3630 1326 3693 1527 publica
3643 1562 3691 1690 mala
3643 1726 3686 1777 et
3642 1811 3690 1917 fata
3636 1954 3687 2164 civitatis
3629 2203 3681 2490 ostenderet
3627 2536 3659 2649 cum
3608 2685 3655 2859 regum
3619 2900 3666 3025 casi-

3566 1325 3614 1420 bus
3562 1456 3611 1712 coniuncta
3562 1751 3606 1802 et
3544 1836 3607 2009 populi
3541 2036 3598 2204 partes
3552 2240 3602 2394 choro
3543 2427 3595 2740 sustinendas
3525 2764 3589 3025 tribueret,

3484 1324 3532 1467 cuius
3483 1504 3515 1591 ore
3465 1644 3528 1782 quasi
3476 1826 3526 2111 universum
3473 2162 3521 2339 civium
3468 2378 3513 2576 coetum
3449 2611 3513 2898 loquentem
3458 2934 3491 3021 au-

3402 1321 3454 1558 diremus.
3385 1620 3449 2006 Expugnationis
3381 2053 3443 2202 igitur
3393 2248 3441 2323 llii
3372 2369 3437 2629 imaginem
3366 2679 3421 3023 repraesentat

3323 1319 3373 1504 chorus
3322 1540 3366 1643 tam
3319 1678 3367 1853 vividis
3315 1889 3365 2136 coloribus
3295 2172 3344 2476 expressam,
3305 2511 3349 2614 tam
3286 2650 3348 2780 aptis
3300 2817 3347 2878 ad
3297 2914 3345 3019 ani-

3243 1316 3276 1425 mos
3240 1458 3289 1727 movendos
3222 1781 3285 2019 exemplis
3229 2054 3282 2349 illustratam
3207 2395 3272 2703 eandemque
3218 2738 3262 2872 tanta
3217 2905 3250 3019 ver-

3163 1314 3211 1491 borum
3144 1522 3193 1941 numerorumque
3140 1966 3204 2212 elegantia
3132 2237 3195 2527 praeditam,
3142 2565 3184 2619 ut
3138 2654 3186 2877 omnibus
3122 2903 3169 3015 par-

3082 1312 3131 1446 tibus
3066 1498 3128 1853 politissimum
3077 1912 3126 2010 hoc
3072 2067 3106 2266 carmen
3065 2317 3115 2486 dicere
3061 2533 3095 2627 non
3057 2675 3106 2900 dubitem
3041 2949 3105 3013 ²²².)

2984 1311 3052 1582 Eleganter
2999 1615 3048 1838 imitatus
2997 1876 3040 1954 est
2980 1981 3044 2165 Anglus
2977 2203 3037 2401 quidam
2968 2437 3033 2631 doctus,
2965 2670 3011 2816 quam
2974 2851 3024 3013 imita-

2922 1310 2969 1497 tionem
2920 1532 2968 1646 vide
2906 1682 2966 1813 apud
2911 1850 2967 2032 Matth.
2896 2069 2943 2116 p.
2909 2156 2957 2266 106.
2908 2306 2954 2367 ad
2906 2403 2938 2446 v.
2902 2482 2949 2598 9:31.

2840 1438 2889 1646 Interim
2836 1682 2886 1890 Hecuba
2833 1927 2867 2037 cum
2816 2076 2878 2316 captivis,
2810 2368 2857 2495 quae
2823 2544 2871 2594 in
2817 2628 2865 2843 tentorio
2801 2878 2857 3009 sunt,

2744 1306 2809 1596 colloquens
2756 1650 2807 1877 fraudem
2735 1925 2796 2224 composuit.
2743 2298 2795 2521 Cadaver
2724 2557 2790 2791 Polydori
2735 2825 2766 2853 e
2732 2890 2765 3007 con-

2663 1305 2721 1484 spectu
2677 1519 2719 1767 remotum
2662 1805 2717 1908 est3
2656 1958 2718 2128 prodit
2665 2165 2715 2375 llecuba
2663 2422 2703 2472 et
2646 2506 2707 2672 paullo
2641 2707 2699 2820 post
2638 2855 2702 3007 Poly—

2599 1302 2641 1495 mestor
2598 1531 2630 1641 cum
2596 1677 2643 1792 filiis
2583 1831 2640 1962 suis,
2572 2012 2637 2221 stipatus
2581 2272 2633 2489 famulis.
2579 2560 2628 2680 Mox
2577 2717 2624 2766 in
2559 2802 2622 3006 laqueos

2517 1302 2567 1505 devenit
2514 1540 2557 1817 monstrum
2509 1869 2560 2085 hominis
2489 2124 2554 2435 Polyphemo
2484 2471 2547 2581 ipso
2493 2619 2544 2879 scelestius
2491 2916 2525 3004 ne—

2421 1302 2469 1398 que
2435 1433 2483 1533 ulla
2419 1571 2482 1768 dignum
2425 1824 2479 2186 misericordia.
2423 2274 2470 2372 Ubi
2420 2418 2467 2466 in
2416 2516 2459 2741 mutuum
2397 2791 2445 3003 conspe-

2356 1299 2400 1433 ctum
2342 1451 2401 1670 veniunt,
2336 1698 2400 2010 Polymestor
2344 2033 2393 2254 dolorem
2341 2274 2383 2325 et
2335 2348 2386 2745 misericordiam
2330 2767 2380 3002 simulans

2275 1297 2307 1354 se
2261 1389 2322 1644 Hecubae,
2256 1684 2316 1814 quod
2270 1851 2317 1911 ad
2267 1953 2299 2059 eam
2262 2096 2312 2352 visendam
2258 2388 2291 2486 non
2243 2522 2301 2744 venerit,
2250 2782 2293 3000 excusat.

2180 1294 2243 1522 IIecuba,
2177 1560 2239 1694 quod
2187 1729 2237 1991 adversum
2184 2027 2233 2208 intueri
2179 2240 2229 2437 hostem
2161 2460 2208 2582 prae
2174 2619 2221 2691 ira
2157 2724 2214 2875 atque
2171 2911 2217 3000 do-

2113 1291 2163 1401 lore
2098 1446 2159 1651 nequit,
2095 1702 2157 1945 pudorem
2092 1995 2151 2263 praetexit.
2098 2333 2148 2527 Deinde
2094 2575 2142 2809 simulans
2091 2860 2123 2915 se
2091 2952 2137 2998 ei

2034 1291 2066 1403 cum
2032 1441 2080 1612 liberis
2016 1650 2079 1838 aliquid
2028 1860 2074 2023 arcani
2011 2055 2066 2356 aperturam,
2018 2396 2068 2540 facile
2017 2570 2063 2630 ab
2015 2656 2046 2715 eo
1996 2740 2061 2995 impetrat,

1954 1289 1997 1343 ut
1952 1380 2000 1587 comites
1936 1622 1999 1837 ableget,
1933 1875 1989 2082 propter
1940 2117 1993 2428 Graecorum
1935 2462 1984 2732 amicitiam
1926 2768 1965 2994 securus.

1873 1288 1923 1396 Nec
1872 1431 1920 1593 minus
1872 1629 1920 1765 facili
1852 1807 1915 2010 negotio
1864 2058 1913 2209 homo
1846 2256 1905 2497 pecuniae
1839 2543 1902 2777 cupidine
1850 2813 1884 2994 coecus

1794 1286 1841 1335 in
1779 1372 1840 1673 tentorium,
1790 1723 1838 1810 ubi
1771 1859 1834 2157 supplicium
1783 2196 1829 2242 ei
1765 2289 1821 2516 paratum
1763 2554 1817 2662 est,
1769 2711 1821 2990 deducitur.

1714 1285 1762 1399 Hoc
1697 1436 1761 1735 colloquium
1692 1772 1755 2092 ambiguitate
1699 2136 1748 2403 verborum
1678 2437 1745 2783 dictorumque
1689 2819 1737 2991 excel—

1620 1285 1681 1361 lit,
1618 1397 1664 1523 quae
1629 1558 1679 1698 sallat
1615 1734 1660 1864 eum,
1626 1905 1673 1983 cui
1621 2019 1671 2229 insidiae
1603 2264 1660 2518 parantur,
1598 2556 1654 2867 spectatores
1608 2902 1641 2988 au-

1552 1284 1596 1386 tem
1550 1424 1598 1742 consiliorum
1531 1780 1578 1959 gnaros
1526 1986 1585 2361 exspectatione
1519 2397 1579 2683 suspendat.
1527 2752 1578 2989 Laetatur

1471 1283 1518 1465 chorus
1470 1503 1513 1554 et
1452 1589 1516 1882 triumphat,
1464 1922 1512 2037 dum
1445 2075 1491 2261 poena,
1441 2299 1487 2443 quam
1454 2480 1502 2549 dii
1452 2585 1495 2635 et
1449 2669 1498 2860 iustitia
1432 2894 1479 2986 po-

1382 1283 1438 1449 stulat,
1374 1486 1437 1729 exigitur:
1374 1765 1434 1956 „Velut
1366 1992 1428 2075 qui
1375 2111 1423 2421 transversus
1373 2451 1421 2499 in
1372 2530 1404 2669 mare
1357 2693 1419 2898 decidit,
1366 2934 1415 2985 in

1309 1280 1356 1551 tentoriiim
1292 1589 1356 1804 devenit,
1303 1841 1351 1925 ubi
1286 1960 1342 2110 portu
1282 2144 1339 2293 atque
1277 2328 1341 2519 refugio
1290 2547 1336 2733 carenti
1272 2765 1320 2984 pereun—

1166 1336 1220 1388 2'5)
1178 1419 1219 1516 Non
1173 1546 1218 1782 defuerunt
1169 1810 1212 2015 homines
1165 2046 1206 2214 morosi
1163 2244 1191 2299 ne
1162 2330 1203 2443 inter
1159 2471 1197 2647 veteres
1144 2679 1196 2872 quidem,
1141 2904 1194 2981 qui

1106 1415 1144 1619 notarent·
1092 1650 1130 1765 quae
1099 1796 1141 1980 crimine
1080 2011 1134 2198 vacant,
1092 2232 1131 2357 velut
1078 2392 1131 2553 aliquis
1087 2589 1126 2643 ad
1086 2673 1111 2715 v.
1085 2739 1127 2835 906.
1082 2867 1123 2978 scri-

1024 1414 1078 1524 psit:
1019 1559 1076 1812 κακόζηλον
1028 1844 1071 1894 δὲ
1014 1927 1067 2144 φαίνεται
1020 2175 1062 2339 τοῦτο·
1019 2374 1064 2430 ov'
1004 2459 1062 2545 γὰρ
1016 2577 1059 2695 κατὰ
1002 2726 1058 2810 τὴν
1010 2831 1055 2978 νύκτα

951 1416 1011 1586 ὁρῶσιν
962 1617 1005 1666 αἱ
950 1696 997 1909 γυναῖκες
956 1933 1000 1990 τὰ
937 2024 996 2287 κάτοπτρα,
948 2321 995 2433 ἀλλὰ
947 2463 989 2584 κατὰ
930 2614 989 2811 ἡμέραν·
928 2853 986 2978 ὅμως

893 1413 939 1463 δὲ
890 1495 936 1694 δεικνύει
888 1724 931 1775 τὸ
871 1811 929 2081 φιλήδονον,
864 2112 925 2223 ὅπερ
865 2254 922 2391 εἶχον.
876 2450 917 2595 Multo
873 2626 915 2763 ctiam
857 2782 913 2976 ineptius

824 1415 866 1529 alius
810 1561 862 1766 quidam:
797 1802 857 2202 διασυρτικῶς
805 2247 848 2339 τῶν
794 2369 846 2599 γυναικῶν
801 2639 847 2690 τὸ
786 2722 841 2806 τῆς
783 2833 839 2973 μέσης

743 1415 797 1583 νυκτὸς
735 1611 787 1992 καλλωπίζεσθαι.
