5010 3336
1170 2149 1227 2268 299

1329 2861 1381 3028 ἑκαιεν
1323 2796 1392 2828 ἡ
1322 2634 1385 2760 δόξα
1322 2510 1387 2602 τῆς
1312 2156 1382 2477 “Ηρακλέους
1312 1940 1377 2122 ἀρετῆς
1308 1819 1360 1908 καὶ
1309 1537 1358 1775 πλεῖστον
1302 1379 1356 1503 ἐκεί-

1427 2927 1460 3027 νου
1407 2730 1472 2888 λόγον
1398 2597 1469 2695 εἶχε
1399 2476 1451 2564 καὶ
1394 2039 1461 2443 προθυμότατος
1387 1746 1454 2004 ἀκροατὴς
1386 1518 1451 1710 ἐγίνετο
1387 1379 1435 1484 τῶν

1484 2661 1553 3024 διηγουμένων
1481 2385 1539 2612 ἐκεῖνον,
1470 2216 1535 2325 οἶος
1473 2076 1537 2170 εἴη,
1471 1822 1531 2041 μάλιστα
1467 1722 1518 1775 δὲ
1469 1582 1517 1687 τῶν
1465 1374 1516 1537 αὐτὸν

1566 2711 1631 3023 ἑωρακότων
1561 2577 1613 2663 καὶ
1559 2266 1623 2543 πράττοντι
1551 2144 1604 2232 καὶ
1550 1908 1615 2111 λέγοντι
1547 1374 1612 1875 προςτετυχηκότων.

1650 2888 1699 3014 Τότε
1644 2786 1695 2841 δὲ
1641 2412 1693 2741 παντάπασιν
1631 2292 1701 2359 ἦν
1630 2004 1698 2234 φανερὸς
1628 1588 1686 1951 πεπονθὼς
1626 1371 1689 1532 ὅπερ

1728 2742 1789 3021 ὕστερον
1722 2432 1788 2707 χρόνοις
1717 2122 1772 2399 πολλοῖς
1711 1630 1774 2084 Θεμιστοκλῆς
1704 1369 1768 1593 ἔπαθε,

1805 2932 1859 3018 καὶ
1802 2731 1862 2897 εἶπεν,
1802 2614 1861 2683 ὡς
1797 2294 1851 2571 καθεύδειν
1790 2080 1843 2241 αὐτὸν
1791 1935 1841 2031 οὐκ
1787 1790 1853 1889 ἐῴη
1789 1697 1839 1755 τὸ
1785 1364 1837 1661 Μιλτιάδου

1887 2745 1952 3016 τρόπαιον.
1880 2483 1938 2662 Οὕτως
1875 2245 1940 2421 ἐκείνῳ
1877 2089 1923 2185 τοῦ
1865 1730 1934 2054 “Ηρακλέους
1866 1358 1931 1686 θαυμάζοντι

1968 2919 2033 3015 τὴν
1962 2698 2030 2883 ἀρετὴν
1959 2580 2012 2666 καὶ
1958 2339 2020 2547 νύκτωρ
1958 2101 2019 2302 ὄνειρος
1947 1933 2018 2067 ἦσαν
1951 1842 2001 1896 αἱ
1949 1604 2013 1810 πράξεις
1945 1495 1997 1582 καὶ
1946 1359 2010 1477 μεθ’

2045 2815 2113 3013 ἡμέραν
2043 2604 2108 2780 ἐξῆγεν
2038 2407 2089 2568 αὐτὸν
2036 2344 2087 2372 ὁ
2037 2159 2101 2307 ζῆλος
2031 2039 2083 2126 καὶ
2030 1733 2096 2005 ἀνηρέθιζε
2026 1542 2079 1704 ταύτὰ
2025 1354 2089 1517 πράτ-

2144 2905 2177 3011 τειν
2122 2471 2184 2870 διανοούμενον.
2118 2181 2165 2403 Eundem
2113 1860 2177 2146 Euripidem
2116 1579 2159 1830 auctorem
2112 1352 2156 1551 secutus

2208 2767 2255 3009 Lucianus
2205 2686 2251 2733 in
2202 2466 2265 2650 Cynico
2198 2182 2245 2431 Theseum
2192 1921 2240 2148 Herculis
2191 1597 2253 1886 discipulum
2186 1348 2251 1562 appella-

2288 2909 2333 3006 vit:
2283 2830 2334 2858 ό
2282 2738 2333 2793 δὲ
2280 2486 2346 2700 Θησεύς,
2276 2413 2327 2441 ό
2273 2118 2325 2366 τούτου
2269 1736 2334 2068 μαθητής,
2266 1626 2317 1689 οὐ
2257 1348 2331 1589 βασιλεὺς

2363 2910 2429 3003 μὲν
2358 2785 2429 2851 ἧν
2356 2407 2425 2735 Ἀθηναίων,
2354 2239 2412 2352 υἱὸς
2352 2126 2402 2181 δὲ
2348 1714 2409 2078 Ποσειδῶνος,
2344 1584 2405 1653 ὥς
2356 1347 2410 1528 φασιν,

2447 2791 2508 3000 ἄριστος
2442 2688 2493 2744 δὲ
2442 2536 2490 2643 τῶν
2439 2378 2489 2502 καθ’
2433 2154 2493 2339 αὑτόν;
2448 1982 2494 2107 quae
2446 1887 2478 1946 ex
2430 1708 2476 1838 illius
2428 1499 2475 1664 fabula
2427 1344 2473 1464 hau-

2532 2918 2573 2996 sta
2541 2763 2572 2871 esse
2522 2482 2570 2711 dramatis
2517 2183 2579 2418 reliquiae
2511 1851 2559 2128 ostendunt.
2505 1342 2568 1761 Quemadmodum

2606 2865 2653 2993 enim
2602 2591 2651 2828 Hercules
2598 2279 2660 2554 Eurystheo
2593 1982 2649 2242 servierat,
2590 1865 2637 1936 sic
2587 1608 2634 1833 Theseus
2586 1523 2632 1573 in
2582 1337 2647 1490 Aegei

2683 2707 2731 2991 servitutem
2695 2618 2727 2672 se
2678 2454 2725 2585 ultro
2676 2223 2722 2418 tradere
2678 2138 2719 2187 et
2669 1852 2732 2086 quidquid
2668 1737 2713 1819 hic
2664 1444 2712 1704 iniunxerit
2662 1338 2708 1404 la·

2762 2803 2818 2990 borum,
2758 2536 2822 2767 quidquid
2756 2366 2802 2498 adire
2752 2133 2799 2330 iusserit
2748 1738 2813 2099 periculorum,
2744 1465 2791 1691 lubenter
2741 1334 2789 1432 ala-

2842 2744 2901 2988 criterque
2837 2546 2884 2709 subire
2833 2232 2881 2510 constituit:

2914 2661 2980 2855 ἀνδρὸς
2913 2582 2963 2626 δ’
2911 2460 2961 2547 ὑπ’
2909 2228 2961 2422 ἐσθλοῦ
2904 2106 2957 2195 καὶ
2905 1699 2967 2075 τυραννεῖσθαι
2900 1492 2951 1669 καλόν.

3009 1817 3032 2858 ..—-.-—-.-————-———-⁴

3068 2751 3125 2851 σὺν
3075 2585 3123 2720 τοῖσι
3070 2359 3129 2550 δεινοῖς
3067 2123 3129 2325 αὔξεται
3064 1943 3124 2088 κλέος
3063 1698 3128 1906 βροτοῖς
3060 1601 3123 1670 *).

3183 2788 3191 2849 ——
3182 2592 3188 2656 ——
3179 2399 3187 2464 —
3150 1984 3198 2269 κατθανεῖν
3145 1902 3195 1949 δ’
3140 1607 3208 1866 ὀφείλεται

3232 2760 3285 2847 καὶ
3233 2656 3301 2727 τῷ
3232 2510 3281 2621 κατ’
3230 2292 3287 2471 οἴκους
3225 2117 3287 2259 ἐκτὸς
3224 1910 3292 2083 ἦμὲνῳ
3223 1681 3274 1875 κακῶν.

3315 2786 3365 2975 Eodem
3314 2588 3361 2752 refero
3327 2363 3370 2555 versus,
3309 2156 3372 2327 quibus
3308 1879 3355 2122 Lucianus
3306 1796 3352 1845 in
3314 1565 3351 1763 muscae
3295 1318 3346 1536 encomio

3411 2856 3443 2971 usus
3397 2717 3440 2819 est:

3469 2664 3522 2839 δεινόν
3486 2576 3534 2631 γε
3467 2446 3533 2542 τὴν
3466 2320 3530 2413 μὲν
3469 2122 3529 2284 μυῖαν
3462 1892 3528 2087 ἀλκίμῳ
3460 1680 3511 1855 σθένει

3551 2664 3615 2840 πηδᾶν
3547 2556 3599 2630 ἐπ’
3548 2308 3609 2518 ἀνδρῶν
3546 2053 3609 2272 σώμαθ’,
3544 1948 3602 2016 ὡς
3544 1708 3606 1916 πλησθῇ
3536 1480 3601 1672 φόνου,

3632 2640 3695 2838 ἄνδρας
3630 2560 3679 2605 δ’
3628 2311 3686 2522 ὁπλίτας
3626 2034 3691 2277 πολέμιον
3624 1789 3687 2001 ταρβεῖν
3619 1621 3680 1751 δόρυ
3616 1502 3681 1599 ”).

3714 2557 3761 2835 Admiratus
3711 2327 3771 2520 Aegeus
3710 2168 3755 2291 lianc
3706 1811 3755 2133 adolescentis
3701 1511 3749 1773 orationem
3696 1304 3747 1488 monet,

3809 2901 3841 2961 ne
3809 2768 3855 2856 spe
3793 2564 3839 2719 elatus
3796 2463 3837 2513 et
3790 2244 3836 2414 ririum
3790 2031 3835 2206 robore
3786 1801 3833 1997 nimium
3780 1555 3828 1764 confisus
3775 1472 3819 1520 in
3772 1304 3834 1436 peri-

3872 2851 3919 2958 cula
3879 2632 3918 2818 temere
3885 2543 3915 2596 se
3869 2204 3932 2507 praecipitet.
3866 1966 3914 2134 Solere
3864 1803 3911 1930 enim
3860 1691 3923 1771 qui
3858 1552 3905 1664 talia
3851 1303 3915 1524 cupidius

3957 2707 3998 2957 sectentur
3949 2401 4012 2665 perniciem
3954 2303 3995 2350 et
3951 2051 3994 2258 mortem
3949 1649 4007 2004 praematuram
3949 1508 3999 1596 pro
3929 1299 3995 1452 gloria

4035 2808 4091 2954 atque
4030 2556 4092 2774 potentia
4027 2306 4090 2521 adipisci.
4026 2096 4085 2236 Quod
4025 2006 4071 2047 si
4025 1902 4071 1962 ad
4022 1769 4069 1868 tale
4020 1608 4067 1737 vitae
4026 1421 4075 1573 genus
4009 1299 4057 1385 eli-

4108 2743 4172 2951 gendum
4108 2607 4154 2709 sato
4124 2516 4154 2570 se
4108 2375 4168 2482 cogi
4106 2056 4163 2341 arbitretur,
4103 1894 4166 2021 quod
4098 1545 4165 1858 parentibus,
4091 1297 4147 1509 civitate,

4271 2841 4323 2888 ²⁶⁴)
4272 2633 4325 2814 Fragm.
4271 2517 4312 2600 inc.
4270 2417 4312 2487 46.

4340 2842 4393 2905 **)
4341 2568 4383 2812 Homerum
4342 2366 4383 2541 imitans
4341 2223 4382 2336 hacc
4340 2036 4382 2193 effatus
4343 1942 4381 2006 est
4341 1768 4392 1920 poeta3
4334 1682 4377 1736 cf.
4335 1617 4375 1669 ΙΙ.
4324 1292 4387 1599 9,570-573.
