5010 3336
3927 2212 3982 2292 96

3780 1412 3845 1706 disputaturi
3792 1736 3827 1933 sumus:
3791 1969 3838 2063 hoc
3775 2089 3837 2285 quidem
3787 2311 3835 2419 loco
3782 2451 3830 2728 naturali
3760 2752 3828 3096 philosophiae

3701 1411 3758 1638 quantum
3697 1666 3762 1929 Euripides
3708 1966 3758 2195 tribuerit
3690 2221 3754 2467 explicare
3699 2499 3749 2856 constituimus.
3693 2925 3746 3094 Disse-

3635 1407 3682 1504 ruit
3635 1549 3677 1711 autem
3619 1762 3680 1951 pridem
3631 2001 3677 2062 de
3629 2112 3677 2206 hac
3629 2242 3658 2296 re
3623 2333 3674 2618 doctissime
3617 2652 3670 3007 Valckenarius
3614 3043 3662 3095 in

3555 1406 3604 1614 diatriba
3538 1668 3585 1715 p.
3555 1752 3600 1814 34
3537 1851 3585 1985 seqq.
3535 2012 3601 2060 *)
3533 2110 3598 2340 idemque
3544 2388 3577 2558 versus
3526 2594 3590 2873 Euripidis,
3523 2921 3583 3094 quibus

3476 1404 3521 1645 sententia
3475 1681 3521 1785 eius
3472 1823 3521 2061 declarari
3456 2098 3517 2361 videretur,
3465 2401 3507 2451 et
3447 2487 3510 2782 scriptorum
3456 2819 3505 3094 testimonia

3380 1404 3443 1614 collegit.
3382 1687 3441 2011 Quamobrem
3380 2051 3423 2155 605,
3390 2193 3420 2253 ne
3388 2289 3429 2394 acta
3371 2430 3417 2574 agere
3368 2603 3429 2866 videamur,
3376 2904 3420 3092 tantum

3317 1401 3363 1463 de
3317 1500 3362 1645 rebus
3315 1684 3362 1855 divinis
3299 1893 3359 2006 quid
3296 2043 3358 2304 Euripides
3294 2353 3351 2607 statuerit,
3287 2665 3347 2958 exquisituri
3297 3012 3328 3093 su-

3236 1401 3268 1525 mus,
3236 1596 3283 1661 Et
3233 1699 3283 2044 Valckenarius
3217 2083 3278 2307 quidem,
3214 2345 3274 2460 quid
3224 2498 3272 2631 effici
3220 2670 3267 2963 testimoniis
3201 2999 3248 3091 pu-

3143 1401 3199 1559 taret,
3156 1608 3202 1684 his
3153 1721 3201 1882 verbis
3151 1921 3198 2218 enuntiavit:
3133 2273 3197 2559 „Deorum‚
3130 2606 3190 2773 quales
3141 2822 3171 2848 a
3136 2885 3187 3090 Graecis

3061 1397 3124 1540 vulgo
3063 1592 3121 1899 colerentur,
3071 1955 3114 2229 contemtor
3052 2277 3115 2539 Euripides
3062 2588 3111 2781 unicum
3043 2832 3105 3091 agnovisse

2998 1397 3045 1542 deum
2995 1579 3042 1773 videtur
2974 1821 3042 2098 αὐτοφυῆ,
2989 2151 3031 2366 mentem
2973 2404 3018 2604 puram,
2980 2655 3026 2902 aeternam
2963 2941 3020 3088 atque

2917 1394 2963 1516 adeo
2902 1553 2964 1805 infinitam,
2895 1845 2958 2119 nulliusque
2910 2154 2956 2225 rei
2894 2259 2956 2502 indigam:
2904 2538 2937 2633 non
2888 2668 2950 2770 ille,
2886 2808 2932 2932 quae
2898 2968 2944 3086 alio-

2838 1393 2869 1500 rum
2837 1538 2884 1634 suit
2819 1664 2881 1842 opinio„
2831 1883 2879 2025 deum
2830 2053 2871 2267 mentem
2828 2302 2860 2412 esse
2812 2438 2872 2647 censuit,
2808 2674 2853 2814 quae,
2816 2852 2865 3088 materiae

2757 1392 2804 1526 velut
2756 1562 2803 1722 infusa
2754 1759 2783 1814 ac
2752 1852 2782 1960 cum
2751 1999 2797 2079 illa
2750 2116 2792 2252 arcte
2737 2289 2794 2570 coniuncta,
2744 2619 2791 2745 hanc
2739 2791 2786 2972 molem
2737 3010 2784 3084 in-

2677 1391 2720 1494 star
2661 1532 2723 1735 spiritus
2659 1772 2718 1992 agitaret,
2672 2031 2718 2116 sed
2654 2154 2700 2323 puram
2668 2362 2709 2408 ct
2669 2444 2697 2469 a
2665 2505 2711 2707 materia
2647 2742 2710 2885 longe
2657 2922 2690 3083 semo-

2597 1391 2639 1520 tam:
2596 1563 2642 1638 cui
2579 1674 2639 1922 materiae,
2591 1961 2634 2130 natura
2590 2169 2621 2254 sua
2575 2278 2636 2549 quiescenti
2587 2576 2628 2626 et
2572 2656 2631 2905 confusae,
2577 2943 2610 3082 mens

2517 1388 2564 1483 ista
2516 1520 2564 1678 divina
2514 1715 2555 1899 motum
2511 1936 2559 2166 indiderit
2495 2201 2549 2347 atque
2494 2395 2549 2644 ornatum,
2502 2700 2548 2907 creatrix
2498 2957 2546 3081 coeli

2437 1388 2478 1439 et
2436 1472 2479 1650 terrae.
2433 1720 2482 1922 Coelnm
2421 1959 2473 2149 autem,
2429 2189 2476 2288 site
2414 2322 2476 2554 Aethera,
2426 2611 2467 2659 et
2422 2694 2474 2901 Terram
2417 2948 2465 3081 velut

2357 1387 2405 1483 duo
2356 1520 2404 1761 elementa
2341 1799 2400 2151 consideravit,
2351 2205 2381 2264 ex
2336 2314 2395 2487 quihus
2347 2539 2392 2697 omnia
2345 2744 2391 2793 in
2340 2843 2388 2937 hoc
2339 2974 2385 3078 uni-

2277 1384 2309 1529 verso
2261 1567 2315 1903 nascerentur7
2274 1939 2315 1987 et
2273 2023 2318 2072 in
2257 2110 2303 2231 quae
2258 2268 2317 2444 omnia„
2268 2484 2299 2591 cum
2262 2619 2314 2905 viderentur
2246 2934 2306 3076 mori,

2198 1382 2245 1432 in
2197 1469 2228 1607 suum
2180 1647 2242 1890 quodque,
2190 1928 2240 2334 revolverentur?
2175 2410 2236 2654 Equidem
2185 2690 2233 2814 haec
2178 2850 2227 3073 testimo-

2116 1381 2163 1470 niis
2116 1520 2164 1685 inesse
2100 1732 2145 1871 nego.
2113 1942 2160 2103 Unum
2112 2148 2154 2337 tantum
2095 2375 2141 2465 pro
2108 2503 2150 2638 certo
2104 2676 2153 2842 habuit
2083 2877 2150 3074 Euripi-

2025 1381 2084 1499 des,
2037 1560 2068 1654 non
2035 1703 2079 1892 temere
2034 1941 2064 1996 ac
2031 2034 2081 2238 fortuito
2030 2275 2062 2353 res
2031 2391 2073 2473 aut
2011 2508 2075 2750 principio
2022 2787 2065 2924 natas
2017 2963 2051 3074 esse

1957 1379 1998 1462 aut
1940 1496 1998 1739 perpetuo
1939 1777 2001 1921 gigni,
1938 1958 1985 2116 neque
1951 2152 1998 2258 sine
1951 2294 1997 2471 summi
1947 2493 1995 2693 alicuius
1943 2722 1990 2931 numinis
1924 2959 1971 3072 pro-

1876 1379 1922 1631 curatione
1876 1666 1907 1747 res
1874 1783 1923 2018 humanas
1870 2056 1918 2402 administrari.
1868 2476 1917 2708 Ceterum
1865 2744 1913 2862 illud
1858 2891 1895 3072 numen

1796 1376 1843 1453 vel
1797 1488 1844 1567 illa
1797 1603 1843 1671 vis
1781 1709 1842 1862 qualis
1795 1899 1835 2032 esset
1794 2066 1841 2143 vel
1778 2179 1824 2388 quonam
1788 2416 1836 2610 nomine
1767 2633 1834 2940 appellanda,
1780 2978 1828 3068 du-

1714 1377 1761 1579 bitabat.
1717 1653 1764 1728 Cf.
1714 1765 1765 1945 Troad.
1714 1981 1758 2103 877:

1636 1509 1693 1548 ὦ
1620 1584 1684 1679 γῆς
1621 1715 1684 1885 ὄχημα
1634 1919 1685 2046 κάπὶ
1616 2080 1681 2177 γῆς
1616 2213 1683 2343 ἔχων
1615 2378 1680 2556 ἕδραν,

1547 1506 1607 1644 ὅςτις
1555 1679 1602 1794 ποτ’
1554 1832 1609 1881 εἷ
1543 1913 1603 1994 σύ,
1537 2034 1603 2496 δυςτόπαστος
1531 2532 1599 2799 εἰδέναι,

1463 1510 1526 1702 Ζεύς,
1473 1755 1525 1863 εἴτ’
1454 1908 1523 2160 ἀνάγκη
1455 2208 1519 2485 φύσεος,
1465 2536 1516 2669 εἴτε
1453 2718 1511 2881 νοῦς
1447 2914 1511 3063 βρο-

1374 2213 1436 2357 τῶν,

1296 1500 1364 1869 προςευξοέμην
1310 1905 1351 1987 σε·
1307 2022 1359 2238 πάντα
1292 2272 1355 2414 γάρ,
1306 2455 1356 2522 δι’
1291 2559 1358 2779 ἀψόφου

1217 1502 1283 1709 βαίνων
1218 1742 1280 2019 κελεύθου,
1225 2056 1277 2223 κατὰ
1211 2260 1276 2455 δίκην
1226 2489 1277 2561 τὰ
1207 2595 1273 2783 θνήτ’
1206 2822 1271 3024 ἄγεις.

1125 1504 1166 1645 schol.
1112 1675 1165 1819 Apoll.
1124 1852 1164 2000 Rhod.
1114 2032 1164 2102 lv,
1109 2134 1164 2255 269.‚
1120 2300 1160 2439 schol.
1119 2472 1160 2597 Pind.
1117 2632 1159 2699 ol.
1106 2731 1158 2777 I,
1104 2807 1158 2892 97„
1100 2920 1155 3054 Diog,

1056 1500 1097 1649 Laert.
1047 1684 1095 1749 ll,
1056 1782 1096 1848 10.
1043 1882 1095 1973 45„
1051 2012 1094 2181 Vitruv.
1037 2227 1090 2412 praefat.
1050 2445 1091 2521 lib.
1036 2566 1089 2696 VIII„
1031 2736 1087 2918 Dionys,
1043 2948 1084 3055 Hal.

982 1499 1026 1634 Rhet.
972 1664 1011 1706 p.
973 1739 1026 1809 85,
973 1840 1024 1925 231.9
982 1953 1023 2100 Strab.
980 2136 1020 2245 XIV.
966 2278 1005 2320 p.
980 2352 1023 2449 444.

902 1435 955 1471 *)
904 1503 956 1639 Adde,
914 1671 954 1709 si
902 1738 953 1872 lubet,
894 1904 953 2245 WVideburgi
896 2287 950 2571 scriptionem
906 2602 947 2656 de
893 2687 947 2794 phil.
892 2826 947 3054 Euripidis

832 1499 885 1681 morali,
842 1723 882 1912 Helmst.
840 1952 883 2078 1805.
837 2126 880 2343 Archivcs
824 2385 879 2643 littei-astes,
836 2698 877 2881 Parisiis
832 2924 876 3051 1805.

773 1498 815 1550 N.
773 1590 813 1680 XV.
759 1722 799 1765 p.
772 1808 814 1892 417
758 1930 798 2050 seqq.
754 2121 808 2553 Zimmermann‚
765 2586 806 2642 de
765 2682 806 2816 theol.
764 2860 805 2961 Eur.
763 3006 804 3049 in

703 1494 745 1611 Mus.
700 1639 742 1819 I‘Ielvet.
700 1851 741 1951 anni
696 1981 740 2105 1751).
684 2136 723 2176 p.
695 2208 737 2275 17.
696 2329 736 2378 Μ
694 2392 735 2562 uller.
681 2600 737 2835 Euripides
692 2867 733 3049 deorum

618 1497 671 1782 popularium
615 1814 666 2074 contemtor,
624 2114 668 2259 Bresl.
623 2295 667 2428 1826.
