5010 3336
3932 2107 3989 2231 490

3786 1331 3850 1512 pundia
3785 1547 3851 1753 singula,
3783 1788 3843 2051 antequam
3794 2087 3827 2147 ex
3792 2182 3841 2349 arcula
3774 2378 3830 2684 promantur,
3769 2722 3829 3010 praedicen—

3722 1331 3769 1395 do
3704 1432 3770 1856 describendoque
3715 1894 3766 2082 Creusa
3711 2118 3759 2409 certissimis
3691 2445 3751 2748 argumentis
3703 2787 3734 2840 se
3699 2885 3750 3011 Ionis

3642 1327 3684 1535 matrem
3640 1571 3672 1683 esse
3623 1719 3683 2022 comprobat.
3633 2091 3683 2217 Tum
3631 2254 3662 2371 vero
3626 2407 3668 2583 ruente
3625 2619 3671 2666 in
3622 2698 3670 2870 matris
3620 2907 3652 3010 am-

3546 1324 3609 1527 plexum
3549 1561 3607 1700 filio,
3544 1749 3605 1834 qui
3555 1882 3603 2028 modo
3552 2072 3601 2230 hostis
3548 2279 3598 2472 hostem
3542 2519 3593 2803 interficere
3528 2838 3588 3007 voluit,

3482 1322 3529 1403 illa
3466 1437 3529 1705 laetitiam,
3462 1742 3523 1874 quod
3472 1912 3520 2138 omnibus
3471 2172 3518 2308 malis
3467 2347 3515 2509 subito
3463 2545 3512 2749 liberata
3462 2786 3505 2835 et
3459 2868 3502 3009 nacta

3401 1322 3448 1387 sit
3387 1421 3448 1628 bonum,
3382 1686 3444 1815 quod
3379 1864 3426 2109 nunquam
3391 2160 3422 2213 se
3372 2260 3436 2549 adepturam
3383 2589 3415 2701 esse
3365 2737 3423 3008 sperasset,

3319 1321 3367 1514 cantico
3304 1550 3365 1799 declarat,
3315 1845 3346 1938 una
3297 1984 3359 2228 gaudente
3306 2274 3352 2472 etcum
3287 2510 3351 2815 amplexibus
3300 2862 3332 3007 oscu-

3224 1320 3289 1480 lisque
3223 1513 3285 1788 gratulante
3234 1822 3282 1942 filio.
3232 2012 3280 2153 Haec
3227 2207 3274 2368 omnia
3226 2404 3266 2453 et
3223 2486 3265 2625 recte
3205 2661 3270 3008 eleganterque

3158 1318 3207 1514 inventa
3157 1551 3200 1602 et
3145 1636 3204 1829 stricte,
3137 1865 3196 2055 argute,
3150 2092 3188 2262 ornate
3129 2296 3192 2608 graviterque
3126 2641 3188 2865 exposita
3139 2890 3182 3007 sunt

3064 1318 3122 1387 et,
3062 1425 3123 1643 quamvis
3076 1681 3122 1776 sint
3059 1810 3122 2091 inopinata,
3068 2126 3114 2291 tamen
3066 2326 3113 2396 sic
3050 2431 3109 2734 procedunt,
3061 2771 3103 2823 ut
3060 2858 3108 3006 aliter

2998 1315 3045 1428 fieri
2983 1464 3044 1689 potuisse
2996 1734 3042 1814 vix
2991 1849 3039 2053 credas:
2990 2102 3037 2152 id
2973 2201 3035 2329 quod
2986 2378 3033 2433 fit
2981 2469 3030 2708 beneficio
2966 2744 3029 3004 prudentis

2902 1316 2965 1622 callidaeque
2898 1658 2961 2058 compositionis,
2895 2110 2941 2203 qua
2908 2252 2955 2313 ad
2902 2350 2954 2671 difficultates
2885 2707 2932 3005 erroresque

2837 1314 2884 1479 subito
2836 1526 2883 1772 tollendos
2832 1830 2879 1990 omnia
2815 2036 2878 2300 diligenter
2810 2345 2866 2637 praeparata
2819 2691 2863 2822 sunt.
2820 2891 2868 3003 Una

2756 1312 2800 1468 restat
2743 1503 2803 1768 dubitatio,
2737 1824 2798 1956 quod
2748 2002 2796 2255 oraculum
2730 2290 2794 2563 Apollinis,
2728 2615 2774 2711 quo
2740 2747 2788 2833 Ion
2740 2869 2787 3001 filius

2676 1311 2725 1470 Xuthi
2675 1506 2707 1619 esse
2671 1654 2722 1932 declaratus
2658 1970 2711 2079 est,
2668 2133 2699 2242 cum
2656 2280 2714 2369 iis,
2650 2420 2696 2624 quorum
2662 2678 2708 2769 sibi
2661 2804 2706 3002 conscia.

2595 1311 2644 1500 Creusa
2583 1545 2637 1649 est,
2591 1695 2623 1791 non
2587 1840 2635 2106 consentit.
2573 2176 2634 2316 Quae
2571 2368 2630 2590 quamvis
2582 2637 2630 2889 levissima
2581 2936 2628 3003 sit

2513 1311 2563 1581 difficultas
2513 1618 2556 1667 et
2510 1701 2559 1849 facile
2493 1882 2553 2103 potuerit
2505 2138 2551 2383 removeri
2487 2412 2551 2784 interpretando
2501 2830 2549 2999 Ionem

2433 1308 2465 1338 a
2422 1372 2482 1483 deo,
2432 1518 2463 1636 vero
2415 1672 2471 1832 patre,
2410 1873 2474 2167 emancipari
2411 2201 2472 2376 alieno,
2423 2415 2469 2550 cuius
2421 2575 2469 2815 bonorum
2405 2834 2468 3000 regni—

2336 1308 2384 1407 que
2350 1443 2398 1710 exsisteret
2337 1745 2396 1951 haeres,
2345 1999 2389 2164 tamen
2327 2201 2385 2347 poeta
2342 2402 2389 2508 sine
2341 2544 2387 2755 numinis
2340 2790 2388 2998 alicuius

2270 1306 2319 1590 interventu
2252 1627 2315 1914 scrupulum
2265 1944 2314 2046 Ioni
2264 2084 2310 2230 eximi
2260 2267 2309 2439 noluit.
2261 2509 2309 2621 Iloe
2259 2657 2302 2821 autem
2260 2858 2307 2997 insti-

2189 1304 2234 1466 tutum
2172 1502 2231 1747 perpetuo
2186 1784 2232 1994 servavit
2184 2041 2226 2092 et
2185 2127 2230 2176 in
2167 2212 2229 2462 plerisque
2180 2512 2228 2692 fabulis
2179 2729 2227 2999 declaravit

2097 1303 2151 1501 noster,
2109 1548 2150 1601 ut
2094 1648 2155 1831 aliquid
2090 1879 2153 2223 impedimenti
2087 2269 2149 2441 utique
2087 2487 2148 2821 relinqueret,
2086 2871 2131 2996 quae

2029 1301 2076 1556 numinum
2026 1592 2076 1982 adhibendorum
2025 2035 2067 2086 et
2006 2122 2071 2394 epilogum,
2007 2447 2065 2678 tanquam
2005 2724 2067 2993 fastigium,

1933 1302 1996 1444 operi
1948 1478 1996 1693 addendi
1946 1730 1979 1902 caussa
1944 1941 1986 2101 esset:
1941 2140 1987 2469 consummari
1941 2506 1987 2630 enim
1941 2666 1988 2857 fabulas
1939 2887 1987 2993 sine

1868 1299 1917 1580 futurarum
1868 1617 1910 1665 et
1866 1700 1913 2021 remotiorum
1864 2058 1895 2222 rerum
1847 2260 1907 2596 praedictione
1845 2632 1906 2857 negabat.
1859 2926 1907 2995 Et

1772 1301 1835 1410 quis
1771 1443 1835 1638 ignorat
1786 1673 1833 1860 animos
1786 1909 1833 1958 in
1768 1994 1829 2248 praesenti
1781 2293 1822 2471 eventu
1765 2519 1811 2766 nunquam
1765 2794 1827 2994 acquie-

1696 1301 1739 1469 scere,
1708 1506 1755 1593 sed
1691 1629 1753 1846 reliquos
1688 1883 1736 2079 quoque
1703 2114 1748 2239 ritae
1700 2275 1732 2416 casus
1686 2453 1747 2723 hominum,
1684 2760 1730 2882 quos
1697 2917 1745 2994 vel

1626 1299 1674 1571 adamarint
1626 1627 1673 1705 vel
1614 1767 1672 1995 oderint,
1622 2055 1668 2336 summatim
1605 2391 1651 2692 cognoscere
1617 2749 1666 2992 studere‘}

1545 1298 1594 1659 Praedicuntur
1545 1693 1592 1860 futura
1545 1895 1590 1943 in
1530 1983 1590 2148 Iliade,
1542 2184 1588 2231 in
1525 2261 1587 2502 Odyssea,
1538 2537 1585 2581 in
1537 2620 1584 2843 omnibus
1537 2879 1585 2990 fere

1465 1298 1511 1597 carminibus
1449 1636 1511 1823 epicis:
1448 1872 1510 2040 quidni
1446 2084 1506 2368 tragoediae
1459 2410 1506 2541 idem
1457 2590 1503 2851 convenire
1457 2887 1501 2988 sta-

1384 1301 1430 1531 tuamus‘?
1369 1598 1432 1854 Euripidis
1382 1903 1424 2040 certe
1380 2085 1428 2266 fabulis
1363 2303 1426 2484 epilogi
1377 2521 1426 2805 huiusmodi
1361 2841 1425 2987 plane

1303 1298 1351 1565 necessarii
1303 1614 1335 1726 esse
1288 1774 1349 2029 videntur,
1300 2091 1342 2143 ut
1299 2204 1345 2266 sit
1282 2316 1344 2444 quod
1281 2504 1343 2775 prooemiis
1282 2837 1339 2987 atque

1223 1296 1270 1563 narrationi
1222 1596 1253 1762 rerum
1206 1799 1268 2018 priorum
1205 2057 1265 2193 quasi
1218 2219 1249 2279 ex
1217 2305 1264 2510 adverso
1201 2534 1263 2747 positum
1200 2776 1247 2983 respou-

1141 1296 1190 1427 deat.

931 1430 985 1586 inquit,
944 1617 971 1737 num
943 1766 984 1929 nimis
940 1959 980 2137 multa
941 2160 967 2206 111
940 2223 980 2307 ihi
927 2328 981 2393 (iu
928 2416 983 2655 perniciem
927 2673 981 2845 meam)
940 2870 979 2922 ia
940 2933 965 2979 ιιι

872 1431 909 1609 antea
872 1640 912 1905 curabas.
870 1965 910 2092 Hace
869 2123 895 2176 co
859 2216 909 2490 reseruntur,
857 2538 909 2654 quod
868 2699 910 2856 cistam
868 2894 909 2978 sibi

801 1432 838 1581 notam
800 1611 827 1707 esse
787 1739 842 2014 significavit
787 2043 839 2231 Creusa,
799 2273 836 2317 ct
783 2357 839 2569 ambigue
795 2609 838 2727 dicta
796 2756 835 2857 sunt
789 2897 839 2977 sie,

730 1429 767 1478 ut
729 1506 756 1663 verum
729 1688 771 1849 inscius
726 1881 768 2079 enuntiet
726 2107 767 2381 adolescens.
