5010 3336
1122 2121 1178 2240 345

1289 2809 1340 2994 regum,
1273 2653 1332 2775 illos,
1287 2472 1334 2617 quum
1269 2284 1317 2437 multa
1268 2046 1331 2251 possint,
1266 1854 1313 2009 omnia
1279 1766 1311 1818 se
1277 1579 1326 1724 posse
1275 1357 1323 1535 cupere

1371 2833 1417 2991 neque
1354 2560 1415 2799 imperare
1349 2185 1412 2525 cupiditatibus
1345 2100 1406 2149 *)
1347 1995 1404 2062 (v.
1347 1863 1390 1957 120
1342 1654 1405 1829 seqq).

1433 2656 1481 2830 Totius
1431 2416 1477 2609 fabulae
1427 2052 1474 2373 inventionem
1430 1859 1485 2005 atque
1422 1415 1485 1811 compositionem
1435 1354 1466 1381 a

1512 2696 1575 2990 Neophrone
1509 2415 1571 2639 Sicyonio
1504 2071 1567 2357 Euripidem
1508 1752 1548 2018 mutuatum
1516 1576 1547 1684 esse
1500 1353 1545 1525 Dicae-

1592 2816 1638 2990 archus
1596 2637 1651 2780 atque
1586 2316 1635 2603 Aristoteles
1583 2158 1645 2281 apud
1580 1843 1645 2112 argumenti
1580 1631 1643 1809 prioris
1584 1352 1625 1596 auctorem

1675 2734 1725 2989 testantur,
1668 2563 1714 2698 cuius
1666 2386 1712 2527 verba
1665 2230 1709 2351 haec
1667 2056 1709 2195 sunt:
1656 1963 1708 2020 τὸ
1658 1757 1721 1925 δρᾶμα
1657 1579 1706 1721 δοκεῖ
1656 1350 1721 1550 ὑποβα-

1746 2805 1797 2987 λέσθαι
1743 2630 1806 2771 παρὰ
1743 2285 1804 2595 Νεόφρονος
1739 1890 1797 2249 διασκευάσας,
1736 1784 1796 1852 ὡς
1737 1434 1801 1750 Δικαίαρχός
1753 1349 1786 1401 τε

1824 2871 1890 2989 περὶ
1831 2756 1876 2850 τοῦ
1823 2501 1880 2733 Ελλάδος
1822 2365 1885 2483 βίου
1819 2254 1871 2340 καὶ
1817 1885 1883 2231 Ἀριστοτέλης
1814 1808 1866 1861 ἐν
1816 1457 1882 1789 ὑπομνήμασι
1817 1349 1879 1441 ⁶⁵2².)

1907 2837 1954 2989 Filios
1908 2733 1953 2790 ab
1907 2583 1968 2684 ipsa
1903 2371 1950 2545 Medea
1902 2119 1949 2327 interfici
1902 1983 1947 2074 iam
1899 1591 1960 1931 Neophronem
1898 1344 1944 1543 finxisse

1993 2854 2050 2989 patet
2002 2762 2033 2819 ex
1986 2439 2045 2727 fragmento,
1983 2276 2043 2402 quod
1987 2165 2028 2238 est
1979 2007 2043 2131 apud
1979 1834 2026 1970 Stob.
1977 1702 2024 1800 Tit.
1976 1561 2024 1666 XX.
1995 1477 2041 1525 p.
1978 1345 2023 1439 172

2066 2592 2112 2986 :lotz-323.
2062 2435 2109 2558 Hinc
2061 2115 2123 2416 intelligitur,
2075 1946 2122 2084 quam
2058 1777 2104 1928 inanis
2057 1596 2103 1751 sitilla
2057 1507 2103 1568 de
2056 1345 2118 1480 quiu-

2162 2888 2207 2984 que
2144 2673 2191 2866 talentis
2141 2406 2203 2644 divulgata
2141 2159 2199 2386 narratio,
2138 1958 2201 2130 quibus
2143 1653 2199 1930 corruptum
2135 1341 2198 1625 Euripidem

2224 2790 2271 2987 tradunt
2220 2445 2285 2755 parricidium
2220 2187 2267 2395 filiorum
2236 2122 2265 2149 a
2217 1826 2264 2085 Corinthiis
2216 1741 2262 1789 in
2215 1482 2262 1706 Medeam
2215 1341 2276 1445 pri-

2318 2854 2350 2986 mum
2301 2498 2349 2820 transtulisse.
2299 2199 2347 2429 Ceterum
2314 2072 2345 2164 non
2297 1922 2344 2023 sine
2295 1587 2342 1885 correctione
2294 1340 2341 1551 adhibita

2381 2675 2444 2985 Neophronis
2378 2422 2426 2629 fabulam
2380 2136 2425 2375 imitatum
2392 1977 2423 2085 esse
2374 1658 2437 1943 Euripidem
2378 1560 2420 1608 et
2389 1428 2436 1516 per
2388 1340 2419 1393 se

2461 2789 2523 2983 planum
2464 2685 2506 2760 est
2464 2601 2505 2650 et
2459 2307 2504 2566 scholiasta
2457 2044 2503 2273 vocabulo
2452 1665 2509 2007 διασκευάσας
2453 1421 2499 1632 declarat
2455 1338 2498 1386 et

2555 2920 2586 2980 ex
2540 2726 2585 2875 altero
2538 2551 2585 2679 illius
2537 2244 2598 2515 fragmento
2536 2138 2581 2195 ad
2551 2060 2580 2101 v.
2537 1880 2583 2021 1:377.
2535 1795 2580 1842 in
2532 1549 2579 1748 scholiis
2530 1340 2593 1501 posito

2619 2672 2681 2982 perspicitur.
2617 2443 2663 2602 Etiam
2620 2280 2677 2388 post
2613 1948 2675 2232 Euripidem
2612 1738 2675 1901 plures
2616 1511 2674 1684 poetae
2610 1338 2656 1467 idem

2704 2648 2759 2980 argumentum
2702 2321 2742 2610 exornarunt
2692 2165 2755 2285 ἲ“·“ῖ“’“>,
2692 2043 2739 2128 sed
2707 1868 2738 2006 nemo
2692 1701 2738 1833 illum
2691 1530 2737 1671 laude
2705 1338 2751 1510 aequa-

2777 2883 2833 2981 vit,
2777 2792 2822 2838 in
2792 2664 2836 2756 qua
2790 2559 2821 2613 re
2775 2354 2821 2511 omnia
2779 2103 2819 2317 veterum
2772 1891 2817 2067 iudicia
2786 1792 2816 1846 ac
2771 1487 2816 1757 testimonia
2784 1338 2814 1452 con-

2856 2780 2917 2979 spirant,
2854 2654 2899 2741 nisi
2854 2516 2913 2618 quis
2853 2350 2898 2480 forte
2852 1943 2913 2316 Aristophanem
2850 1664 2896 1907 adversari
2854 1496 2911 1634 putat
2849 1336 2905 1463 ideo,

2934 2852 2997 2980 quod
2933 2530 2994 2815 quibusdam
2932 2354 2978 2494 huius
2930 2040 2991 2318 tragoediae
2929 1789 2975 2004 versibus
2929 1644 2975 1753 data
2927 1333 2990 1617 opportuni-

3019 2877 3060 2979 tate
3014 2654 3059 2830 abusus
3011 2542 3058 2604 sit
3008 2338 3072 2492 (velut
3026 2248 3058 2287 v.
3011 2107 3055 2214 302.
3009 1945 3059 2057 281.
3011 1740 3065 1892 369.).
3006 1594 3053 1657 Et
3006 1456 3053 1549 fuit
3006 1332 3067 1412 qui

3092 2692 3154 2977 Euripidem
3090 2532 3137 2659 hunc
3106 2271 3136 2498 versuum
3105 2041 3135 2234 suorum
3089 1805 3135 2005 abusum
3093 1671 3133 1767 tam
3086 1330 3148 1645 impatienter

3172 2806 3218 2976 tulisse
3175 2542 3231 2759 putaret,
3174 2438 3215 2493 ut
3174 2230 3215 2382 totum
3170 2094 3214 2183 sibi
3184 1927 3229 2047 opus
3166 1526 3213 1880 retractandum
3171 1433 3211 1481 et
3164 1330 3211 1389 ad

3248 2638 3310 2975 Aristophanis
3253 2395 3293 2605 mentem
3247 1904 3293 2359 accommodandum
3261 1756 3291 1866 esse
3248 1510 3290 1733 censeret
3241 1331 3304 1485 ****).

3329 2803 3388 2973 Neque
3332 2610 3372 2769 tamen
3326 2454 3372 2584 solus
3326 2081 3386 2426 Aristophanes
3326 2002 3371 2047 in
3323 1709 3371 1965 ridICulum
3324 1439 3383 1673 quaedam
3322 1329 3368 1413 de-

3409 2798 3464 2972 torsit,
3405 2662 3451 2747 sed
3404 2426 3466 2625 Eupolis
3420 2187 3465 2377 quoque
3404 2087 3450 2145 ad
3404 1782 3451 2051 Miltiadem
3419 1605 3449 1745 suum
3400 1326 3448 1572 transtulit

3486 2763 3533 2971 Medeae
3484 2583 3530 2731 verba
3485 2482 3543 2545 (v.
3485 2310 3542 2444 394.)
3484 2181 3529 2272 hoc
3483 1974 3530 2145 modo:

3563 2776 3613 2839 οὐ
3562 2626 3626 2741 γάρ,
3560 2518 3625 2589 μὲι
3560 2390 3625 2483 τὴν
3562 2052 3624 2355 Μαραθῶνι
3558 1924 3625 2019 τὴν
3556 1760 3623 1888 ἐμὴν
3556 1538 3622 1725 μάχην,

3642 2644 3709 2841 χαίρων
3658 2535 3700 2611 τις
3642 2327 3690 2499 αὐτῶν
3641 2096 3704 2293 τούμὸν
3640 1849 3704 2061 άλγυνεῖ
3637 1677 3702 1818 κέαρ.

3725 2809 3785 2969 Quid,
3724 2643 3786 2771 quod
3723 2356 3770 2607 Philemon
3724 2249 3778 2319 is,
3723 2131 3785 2210 qui
3738 2014 3779 2096 se,
3726 1915 3768 1968 ut
3720 1592 3783 1881 Euripidem
3714 1325 3763 1557 intuendo

3804 2802 3852 2967 oculos
3808 2525 3867 2767 pasceret,
3802 2319 3864 2489 laqueo
3802 2160 3849 2285 vitae
3817 2015 3849 2130 suae
3802 1848 3848 1993 finem
3799 1482 3863 1821 impositurum
3810 1325 3851 1451 esse,

4015 2826 4067 2876 κ)
4014 2678 4056 2794 Satis
4013 2446 4067 2648 imperite
4014 2304 4054 2415 haec
4012 2219 4052 2273 ab
4010 1983 4052 2193 Elmsleio
4009 1654 4063 1954 vitul’ssfflntur
4006 1568 4049 1623 ad
4019 1497 4047 1540 ν’
4002 1319 4044 1466 118-

4083 2709 4123 2805 129.

4153 2821 4205 2896 μ)
4153 2723 4193 2789 Cf,
4152 2519 4207 2694 Pflugk.
4167 2444 4205 2485 p·
4151 2375 4192 2415 4·

4220 2824 4274 2934 *3²¹0
4222 2585 4262 2792 Carcinus
4223 2439 4275 2556 apud
4220 2236 4262 2412 Aristot.
4221 2072 4261 2205 Rhet.
4220 1987 4273 2044 ΙΙ,
4215 1891 4260 1959 44-

4292 2822 4343 2951 azaer-1³2)
4291 2725 4332 2792 cf.
4291 2531 4333 2694 Osanni
4292 2291 4333 2502 Analecta
4289 2168 4331 2261 crit.
4305 2094 4343 2135 p.
4290 1995 4331 2063 83.
