5010 3336
1150 2087 1207 2207 297

1294 2060 1312 2082 71
1295 1992 1315 2003 ,
1290 1925 1308 1951 ’ss

1299 2573 1370 2845 Σηπιάδος
1298 2407 1361 2540 ἵζου,
1295 2220 1363 2372 μίμνε
1296 2122 1358 2187 δ’,
1312 2007 1353 2085 εςτ
1309 1889 1342 1955 αν
1286 1806 1352 1856 ἐξ
1286 1650 1349 1771 ἁλὸς

1385 2605 1448 2842 λαβοῦσα
1379 2252 1445 2572 πεντήκοντα
1374 1946 1442 2217 Νηρῄδων
1372 1754 1438 1914 χορὸν

1462 2701 1516 2838 ἔλθω
1461 2417 1528 2668 κομιστήν
1469 2270 1509 2384 σου.

1769 2379 1823 2446 Β.
1766 1841 1838 2283 Aegeus.

1906 2623 1956 2839 Fabulae
1905 2303 1952 2589 lineamenta
1914 2007 1961 2269 agnoscere
1894 1850 1943 1973 mihi
1892 1650 1940 1815 videor
1892 1577 1939 1623 in
1890 1475 1949 1553 iis,
1905 1315 1953 1437 quae

1990 2920 2037 2970 in
1986 2703 2036 2886 Thesei
1986 2564 2032 2660 vita
2000 2490 2030 2529 c.
1986 2374 2030 2451 12.
1979 2046 2027 2337 Plutarchus
1976 1835 2025 2000 tradit.
1971 1547 2020 1766 Eandem
1986 1401 2017 1505 rem
1976 1313 2019 1364 et

2069 2798 2116 2969 Crates
2066 2635 2129 2762 apud
2063 2447 2111 2599 schol.
2062 2358 2108 2410 Il.
2060 2246 2119 2330 XI,
2060 2108 2107 2220 741.
2056 1913 2104 2070 refert
2060 1831 2102 1879 et
2052 1607 2101 1803 concise
2049 1314 2113 1580 Apollodo-

2163 2888 2195 2972 rus
2146 2827 2205 2860 l,
2149 2754 2204 2800 9,
2147 2649 2193 2727 28.
2144 2263 2191 2612 commemorat
2143 2166 2185 2216 et
2136 1987 2185 2131 Ovid.
2131 1623 2194 1953 Metamorph.
2130 1455 2177 1577 libro
2127 1314 2177 1417 Vll.

2227 2906 2288 2973 (v.
2228 2785 2272 2882 498
2222 2600 2287 2761 seqq.)
2221 2344 2270 2564 inseruit.
2215 2048 2266 2278 Frustula
2215 1871 2263 2015 huius
2211 1603 2260 1835 dramatis
2212 1312 2257 1567 servantur

2321 2818 2369 2974 pauca
2310 2638 2367 2783 atque
2303 2415 2367 2603 exigua.

2385 2790 2432 2842 In
2383 2551 2448 2754 prologo
2382 2433 2428 2515 illa
2380 2337 2427 2397 de
2377 2116 2427 2302 Thesei
2375 1845 2424 2082 natalibus
2371 1602 2434 1821 exposita
2368 1424 2416 1578 fuisse
2383 1313 2415 1398 ne-

2478 2832 2511 2973 cesse
2468 2694 2519 2797 est,
2477 2525 2525 2648 quae
2466 2440 2507 2490 et
2458 2111 2505 2405 Plutarchus
2462 2026 2503 2074 et
2452 1665 2517 1992 Apollodorus
2447 1310 2513 1627 congruentia

2542 2736 2592 2973 referunt.
2541 2398 2589 2669 Narrantur
2546 2202 2585 2363 autem
2536 2108 2583 2166 ab
2536 2026 2581 2085 iis
2535 1796 2581 2005 haecce:
2531 1534 2593 1760 „Aegeus
2543 1448 2575 1507 ex
2543 1311 2574 1420 ora-

2621 2861 2670 2974 culo
2620 2613 2679 2826 rediens,
2635 2465 2666 2574 cum
2617 2365 2664 2425 de
2618 2067 2663 2330 liberorum
2612 1796 2678 2032 progenie
2610 1615 2657 1760 deum
2605 1310 2655 1577 consuluis-

2706 2882 2759 2973 set,
2700 2559 2748 2845 Troezenen
2697 2375 2757 2523 venit,
2697 2258 2743 2339 ubi
2712 2196 2741 2221 a
2694 1967 2741 2161 Pittheo
2690 1719 2754 1929 hospitio
2696 1447 2750 1682 exceptus
2701 1310 2733 1419 cum

2781 2874 2828 2975 filia
2781 2734 2828 2838 eius
2778 2407 2832 2695 concubuit,
2775 2086 2837 2357 eademque
2776 1893 2820 2037 nocte
2769 1603 2818 1858 mulierem
2766 1310 2829 1566 Neptunus

2859 2667 2924 2974 compressit.
2858 2419 2905 2599 Abiens
2856 2191 2917 2382 Aegeus
2852 1939 2900 2153 Aethrae
2848 1626 2913 1906 praecepit,
2852 1505 2906 1591 ut,
2846 1429 2893 1469 si
2861 1309 2893 1395 na-

2945 2897 2988 2973 tus
2944 2727 2989 2860 esset
2936 2430 2995 2694 masculus,
2935 2159 2982 2393 educaret
2947 1975 2988 2124 neve,
2929 1781 2977 1918 cuius
2927 1616 2973 1746 filius
2933 1420 2985 1579 esset,
2926 1308 2972 1387 in-

3020 2756 3078 2974 dicaret3
3032 2523 3065 2689 ensem
3021 2434 3063 2485 et
3014 2205 3061 2397 calceos
3011 2080 3058 2168 sub
3025 1929 3056 2043 saxo
3008 1702 3055 1893 abditos
3006 1456 3068 1656 reliquit
3005 1307 3053 1409 ius-

3100 2781 3162 2972 sitque,
3111 2587 3159 2735 quum
3110 2465 3159 2553 per
3097 2218 3140 2430 aetatem
3107 2059 3154 2182 puer
3105 1854 3136 2023 saxum
3087 1528 3134 1818 submovere
3087 1307 3148 1495 posset,

3178 2835 3226 2974 illum
3176 2588 3224 2787 sublatis
3174 2464 3220 2541 his
3173 2262 3235 2410 signis
3171 2087 3218 2210 clam
3168 1983 3216 2043 ad
3184 1894 3215 1946 se
3167 1716 3214 1858 mitti.
3166 1487 3226 1646 Quum
3165 1306 3228 1451 igitur

3257 2776 3305 2970 adultus
3259 2606 3303 2739 esset
3252 2331 3311 2574 Theseus,
3252 2098 3299 2296 iubente
3254 1897 3296 2053 matre
3246 1676 3294 1849 sumsit
3245 1467 3308 1629 signa„
3258 1306 3306 1430 quae

3337 2778 3400 2972 Aegeus
3333 2408 3399 2743 praedixerat,
3336 2302 3378 2353 et
3330 2051 3394 2269 pedestri
3329 1841 3376 2017 itinere
3326 1593 3373 1807 Athenas
3322 1303 3371 1555 contendit

3417 2621 3474 2969 obsessamque
3428 2544 3457 2570 a
3409 2259 3456 2493 maleficis
3409 1934 3455 2211 hominibus
3407 1762 3453 1885 viam
3404 1491 3467 1715 purgavit
3401 1307 3448 1446 Peri-

3496 2742 3559 2970 phetem,
3490 2493 3546 2670 Sinim,
3489 2020 3550 2419 Pityocampten‚
3487 1674 3541 1955 Scironem,
3482 1307 3543 1611 Cercyonem

3574 2578 3632 2969 Procrustenque
3566 2181 3615 2530 interficiendo.
3567 1902 3615 2102 Interim
3566 1662 3625 1853 Aegeus
3560 1379 3607 1606 Medeam
3574 1305 3605 1333 e

3652 2732 3701 2967 Corintho
3649 2443 3712 2696 profugam
3648 2341 3694 2389 in
3646 1934 3693 2289 matrimonium
3645 1688 3690 1894 duxerat
3640 1393 3687 1655 veneficam
3642 1305 3685 1356 et

3733 2815 3780 2970 filium
3746 2716 3778 2776 ex
3745 2623 3776 2681 eo
3728 2388 3775 2587 Medum
3730 1995 3790 2351 procreaverat.
3724 1603 3784 1926 Quamobrem
3718 1306 3777 1553 Theseus,

3811 2769 3858 2969 insidias
3810 2554 3857 2735 timens
3823 2256 3865 2518 novercae,
3805 2046 3852 2205 celare
3819 1850 3866 2002 genus
3814 1532 3863 1803 nomenque
3797 1306 3845 1485 consti-

3890 2840 3938 2969 tuit''
3889 2731 3955 2796 '‘).
3888 2512 3935 2650 Haec
3886 2213 3949 2469 quominus
3902 2140 3931 2167 a
3883 1895 3931 2096 Theseo
3883 1737 3946 1844 ipso
3878 1466 3942 1687 exposita
3891 1305 3923 1416 esse

3974 2668 4025 2965 statuamus,
3968 2546 4015 2612 nil
3967 2254 4030 2510 prohibet,
3968 2150 4011 2199 et
3963 1791 4011 2103 confirmatur
3960 1454 4007 1734 coniectura
3954 1306 4002 1405 fra-

4052 2770 4110 2967 gmento
4048 2527 4105 2734 decimo,
4062 2395 4109 2489 quo
4060 2189 4093 2361 caussa
4044 1967 4092 2154 celandi
4041 1726 4091 1934 nominis
4039 1390 4087 1691 declaratur:

4176 2864 4231 2910 ³²²)
4177 2649 4221 2832 Ovidius
4178 2529 4228 2620 VII,
4174 2394 4216 2500 404:

4250 2552 4301 2719 Iamque
4246 2370 4287 2523 aderat
4246 2140 4294 2333 moscus,
4243 1922 4297 2109 proles
4242 1690 4297 1894 ignara
4235 1415 4294 1662 parenti,

4317 2605 4369 2713 Qui
4316 2351 4359 2570 virtute
4330 2222 4357 2321 sua
4314 1928 4355 2183 bimarem
4314 1588 4367 1902 pacaverat
4307 1307 4350 1558 Isthmon.
