5010 3336
3919 2074 3975 2194 150

3771 1422 3833 1697 „Protinus
3773 1734 3830 1966 exuvias,
3763 2002 3828 2188 rigidis
3777 2221 3829 2488 horrentia
3775 2520 3824 2644 setis

3687 1426 3752 1610 Terga,
3703 1648 3754 1740 dat
3702 1786 3745 1837 et
3684 1871 3746 2074 magnis
3682 2110 3746 2335 insignia
3695 2370 3746 2606 (lentibus
3693 2642 3729 2750 ora.

3624 1417 3673 1510 Illi
3621 1542 3671 1785 laetitiae
3620 1822 3662 1898 est
3619 1935 3651 2048 cum
3617 2082 3649 2293 manere
3615 2328 3662 2554 muneris
3614 2591 3656 2771 auctor
3616 2787 3646 2807 .-

3542 1418 3593 1662 Invidere
3529 1696 3589 1806 alii,
3522 1842 3582 2054 totoque
3538 2091 3579 2206 erat
3520 2243 3583 2450 agmine
3534 2485 3566 2727 murmur.

3463 1418 3512 1473 E
3444 1509 3511 1704 quibas,
3443 1741 3508 1948 ingenti
3458 1980 3507 2252 tendentes
3454 2288 3504 2497 brachia
3443 2532 3485 2671 voce,

3383 1416 3433 1557 Pone
3364 1594 3412 1707 age,
3380 1743 3411 1838 nec
3379 1868 3426 2047 titulos
3359 2082 3426 2354 intercipe,
3358 2377 3421 2603 femina,
3363 2640 3416 2853 nostros,

3300 1419 3353 1734 Thestiadae
3298 1771 3346 2030 clamant'’
3297 2069 3338 2164 ete.

3223 1286 3273 1470 Contra
3204 1519 3270 1775 Meleager
3218 1833 3250 1886 se
3217 1934 3263 2041 iure
3217 2077 3249 2165 suo
3200 2202 3264 2390 spolia,
3214 2440 3261 2534 sibi
3197 2571 3261 2813 mancipio
3204 2849 3263 2981 data,

3141 1285 3188 1592 concessisse
3124 1628 3187 1803 virgini
3124 1840 3185 2107 contendit,
3121 2164 3167 2322 neque
3136 2357 3183 2405 id
3133 2442 3182 2626 sactum
3132 2664 3174 2747 aut
3132 2775 3180 2867 sibi
3132 2898 3174 2982 aut

3060 1284 3112 1514 affinibus
3043 1552 3107 1871 cognatisque
3056 1907 3104 2009 suis
3056 2049 3103 2280 dedecori
3054 2317 3087 2458 esse:

2968 1414 3029 1776 „Remanet
2960 1800 3024 2035 gloria
2957 2061 3023 2237 apud
2965 2262 3005 2369 me,
2972 2398 3020 2679 arucias
2955 2703 3021 2986 dignavi

2893 2124 2942 2518 Atalantae
2889 2567 2943 2780 dare.’'

2807 1416 2869 1573 Quem
2816 1610 2860 1836 eventum
2816 1872 2863 1995 haec
2813 2044 2863 2272 habuerit
2798 2321 2861 2559 litigatio,
2809 2609 2859 2982 accuratissime

2742 1283 2773 1309 a
2738 1346 2791 1565 Diodoro
2736 1601 2786 1871 docemur:
2718 1928 2784 2129 Διόπερ
2718 2166 2783 2492 ἀκυροῦντες
2730 2528 2776 2625 τοῦ
2714 2661 2780 2980 ΑΜελεάγρου

2644 1282 2712 1379 τὴν
2644 1415 2710 1624 δωρεὰν
2640 1659 2709 2092 ἐνήδρευσαν
2635 2134 2707 2575 Ἀταλάντην,
2648 2612 2701 2858 καὶκατὰ
2630 2883 2700 2982 τὴν

2569 1282 2631 1355 εἰς
2562 1378 2634 1665 Ἀρκαδίαν
2557 1695 2625 1856 αὐτῆς
2570 1886 2624 2154 ἐπάνοδον
2555 2181 2622 2482 ἐπιθέμενοι
2553 2508 2620 2604 τὴν
2555 2635 2619 2803 δορὰν
2552 2833 2618 2981 άφεί-

2496 1280 2546 1455 λοντο.
2478 1526 2545 1838 ΔΜελέαγρος
2481 1873 2542 1944 δέ,
2490 1984 2540 2070 διά
2490 2096 2522 2149 τε
2488 2175 2537 2269 τὸν
2474 2298 2537 2431 πρὸς
2471 2460 2543 2779 Ἀταλάντην
2470 2814 2536 2984 ἔρωτα

2415 1281 2466 1369 καὶ
2414 1405 2465 1492 διὰ
2397 1524 2465 1622 τὴν
2398 1656 2462 1869 α’τιμίαν
2395 1896 2460 2267 παροξυνθείς,
2390 2305 2458 2568 ἐβοήθησε
2390 2595 2450 2659 τῇ
2386 2680 2459 2981 Ἀταλάντῃ.

2335 1284 2386 1390 Καὶ
2333 1425 2383 1482 τὸ
2317 1517 2384 1613 μὲν
2316 1647 2379 1861 πρῶτον
2314 1895 2377 2174 παρεκάλει
2316 2227 2382 2354 τοὺς
2308 2398 2375 2703 ἡρπακότας
2321 2748 2374 2982 άποδοῦ-

2253 1282 2286 1371 ναι
2236 1404 2297 1469 τῇ
2236 1503 2301 1721 γυναικὶ
2249 1749 2299 1807 τὸ
2247 1845 2299 2011 δοθὲν
2234 2046 2297 2338 άριστεῑον·
2235 2393 2294 2463 ὡς
2244 2499 2293 2545 δ’
2243 2584 2293 2649 οὐ
2225 2684 2288 2980 προςεῖχον,

2169 1282 2224 1581 ἀπέκτεινεν
2155 1605 2220 1818 αὐτούς,
2156 1858 2215 2015 ὄντας
2151 2044 2213 2136 τῆς
2154 2163 2221 2412 Ἀλθαίας
2148 2439 2214 2718 άδελφούς.
2143 2774 2208 2983 Conspi-

2091 1281 2134 1391 rant
2089 1414 2137 1562 verba
2073 1593 2137 1800 Hygini:
2076 1838 2135 1960 „llla
2086 1996 2116 2122 cum
2069 2161 2134 2482 Meleagri
2082 2519 2131 2725 fidem
2064 2760 2128 2981 implo-

1997 1280 2053 1528 rasset,
2007 1576 2057 1695 ille
1994 1741 2054 2136 intervenit,
2005 2191 2046 2239 et
2003 2275 2036 2490 amorem
1985 2529 2048 2806 cognationi
2000 2842 2043 2981 ante-

1915 1281 1977 1447 posuit
1912 1480 1975 1847 avunculosque
1925 1884 1957 1997 suos
1925 2036 1972 2270 occidit.''
1923 2328 1971 2450 Cum
1922 2483 1968 2664 mutuis
1920 2700 1969 2981 minationi-

1850 1283 1900 1374 bus
1837 1425 1881 1542 eos,
1832 1590 1896 1672 qui
1830 1711 1895 2041 litigaverant,
1845 2099 1875 2126 e
1828 2163 1885 2431 conspectu
1842 2467 1889 2651 theatri
1841 2686 1889 2849 abisse
1824 2886 1872 2983 pu-

1768 1280 1818 1478 tandum
1755 1517 1811 1620 est,
1767 1669 1809 1723 ut
1765 1760 1806 1962 eventus
1764 2002 1813 2147 facile
1748 2195 1805 2366 posset
1747 2416 1810 2708 praevideri.
1760 2791 1810 2982 Metum

1674 1280 1736 1426 igitur
1675 1460 1720 1648 eorum,
1670 1687 1717 1810 quae
1684 1844 1733 2009 sutura
1674 2048 1726 2201 erant,
1682 2239 1725 2291 et
1681 2327 1729 2623 anxietatem
1680 2661 1728 2841 chorus
1680 2871 1711 2980 car-

1596 1279 1655 1429 mine,
1592 1466 1655 1598 quod
1590 1634 1646 1862 quartum
1603 1910 1650 2201 cantandum
1591 2248 1651 2369 fuit,
1601 2425 1649 2711 declaravit.
1599 2782 1647 2981 lnterim

1527 1278 1575 1490 Althaea
1526 1539 1574 1666 intus
1525 1705 1573 1796 diis
1510 1832 1571 2011 gratias
1507 2048 1568 2223 agebat
1507 2259 1568 2485 donaque
1507 2521 1568 2812 obserebat,
1505 2849 1566 2982 quod

1432 1280 1493 1486 patriam
1430 1533 1494 1832 domumque
1429 1879 1490 2063 regiam
1442 2109 1490 2237 malo
1439 2288 1489 2596 liberassent.
1441 2668 1488 2843 Statim
1440 2893 1489 2981 de-

1368 1279 1416 1394 inde
1350 1431 1399 1638 corpora
1363 1673 1414 2045 interfectorum
1363 2083 1410 2131 in
1362 2167 1394 2365 scenam
1346 2402 1403 2651 reportata
1359 2697 1402 2837 sunt:
1359 2892 1391 2979 ex-

1287 1280 1336 1428 citata
1286 1465 1328 1542 est
1286 1578 1334 1793 clamore
1270 1827 1332 2065 Althaea,
1268 2115 1314 2320 resque,
1268 2371 1329 2615 quomodo
1279 2668 1322 2776 acta
1266 2829 1321 2981 esset,

1163 764 1273 805 ἐ,
1208 1279 1255 1346 nil
1207 1381 1255 1477 tale
1192 1514 1253 1728 opinanti
1188 1766 1251 2003 exposita.
1202 2074 1250 2151 Cf.
1202 2191 1250 2329 Ovid.
1204 2369 1234 2413 v.
1202 2450 1248 2549 444
1183 2586 1231 2755 seqq-2

1055 742 1164 805 {r
1113 1411 1175 1605 „Dona
1126 1641 1175 1792 deum
1107 1827 1170 2048 templis,
1121 2086 1162 2211 nato
1113 2245 1168 2459 victore,
1105 2482 1167 2717 serebat,

1033 1415 1095 1581 Quum
1046 1617 1094 1756 videt
1042 1795 1091 2074 exstinctos
1025 2095 1087 2301 fratres
1039 2336 1089 2571 Althaea
1022 2605 1085 2808 referri.

951 1408 1014 1569 Quae,
948 1600 1013 1856 plangore
948 1892 1012 2031 dato,
959 2068 1008 2272 moestis
958 2308 1007 2592 ululatibus
958 2627 1006 2803 urbem

863 761 951 802 ξ’]
866 1413 932 1617 Implet,
884 1658 926 1707 et
882 1745 924 1959 amatas
879 1995 926 2215 mutavit
880 2251 928 2474 vestibus
875 2512 924 2659 atriS.

781 762 852 802 ζμ
803 1412 852 1486 At
803 1521 851 1673 simul
803 1710 844 1784 est
800 1822 843 2004 auctor
798 2039 845 2179 necis
786 2213 847 2398 edit‘uS,
797 2438 846 2633 excidit
797 2672 845 2833 omnis

708 1413 773 1624 Laeta-9,
721 1664 764 1713 et
722 1751 753 1783 a
718 1818 769 2046 lacrimis
718 2081 765 2134 in
699 2157 749 2365 poenae
715 2390 749 2568 versus
714 2595 747 2819 amorem
712 2846 764 2977 est-'⁷
