5010 3336
3945 2180 4002 2259 74

3809 1390 3858 1577 Deinde
3809 1629 3856 1822 miseria
3794 1883 3859 1966 (τὰ
3790 2023 3857 2204 τρύχη)
3791 2264 3855 2722 repraesentabatur
3792 2777 3855 3053 Phoenicis,

3730 1391 3776 1584 effossis
3728 1619 3778 1879 luminibus
3726 1910 3774 2115 errantis
3712 2141 3774 2261 (τοῦ
3710 2285 3774 2493 τυφλοῦ
3717 2524 3777 2774 Φοίνικος
3708 2799 3773 3050 Aristoph.

3648 1390 3698 1599 Acharn.
3635 1660 3699 1798 421.)
3634 1826 3699 1890 *).
3644 1973 3695 2307 Tribuendum
3645 2363 3693 2409 ei
3646 2470 3678 2582 esse
3645 2644 3679 2821 censeo
3628 2877 3694 3051 fragm.

3568 1388 3618 1479 inc.
3566 1513 3615 1590 513.
3554 1625 3601 1674 p.
3569 1712 3614 1821 375.
3566 1859 3617 2064 Matth.:

3473 1519 3540 1662 δεινὴ
3475 1697 3539 1791 μὲν
3472 1825 3540 1955 ὀργὴ
3472 1990 3537 2239 κυμάτων
3475 2272 3538 2597 θαλασσίων,

3407 1518 3459 1681 δειναὶ
3408 1719 3458 1775 δὲ
3393 1807 3452 2050 ποταμοῦ
3406 2084 3456 2172 καὶ
3392 2205 3456 2374 πυρὸς
3391 2406 3453 2612 θερμοῦ
3394 2648 3457 2825 πνοαί,
3405 2986 3424 2995 .

3326 1518 3377 1692 δεινὸν
3326 1727 3378 1782 δὲ
3319 1815 3376 1982 πενία,
3324 2022 3375 2167 δεινὰ
3324 2203 3374 2248 δ’
3325 2285 3372 2415 ἄλλα
3310 2448 3375 2636 μυρία·

3247 1517 3297 1625 ἀλλ’
3246 1663 3298 1817 οὐδὲν
3245 1852 3297 1990 οὕτω
3234 2026 3295 2217 δεινόν,
3235 2255 3296 2325 ὡς
3228 2357 3294 2511 γυνή,
3234 2546 3295 2726 κακόν,

3165 1514 3215 1630 οὐδ’
3165 1665 3217 1731 ἂν
3151 1765 3217 1972 γένοιτο
3148 2008 3214 2222 γράμμα
3163 2256 3211 2450 τοιοῦτ’
3164 2488 3216 2545 ἐν
3148 2578 3210 2777 γραφῇ,

3084 1513 3135 1625 οὐδ’
3084 1662 3135 1728 ἂν
3070 1760 3135 1917 λόγος
3070 1951 3134 2180 δείξειεν·
3083 2218 3133 2261 εἰ
3082 2295 3133 2351 δέ
3082 2384 3115 2481 του
3084 2517 3133 2662 θεῶν

3004 1513 3054 1622 τόδ’
3003 1660 3056 1765 ἐστὶ
2988 1799 3053 2025 πλάσμα,
2986 2062 3051 2384 δημιουργὸς
3002 2420 3054 2495 ὢν
3002 2528 3053 2709 κακῶν

2908 1512 2974 1749 μέγιστος
2922 1782 2973 1908 ἴστω
2921 1943 2972 2031 καὶ
2905 2065 2969 2302 βροτοῖσι
2905 2338 2971 2609 δυςμενής.

2842 1514 2890 1589 Ab
2842 1624 2889 1822 ultionis
2823 1861 2888 2154 cogitatione
2837 2186 2886 2261 vel
2839 2296 2888 2520 violanda
2826 2553 2889 2737 pietate
2827 2776 2895 3060 longissime

2763 1386 2811 1551 abest:

2671 1513 2731 1700 „Plus
2682 1733 2730 1932 miser
2669 1966 2729 2110 sim,
2681 2156 2727 2217 si
2681 2256 2728 2612 scelestum
2669 2632 2732 2858 faxim
2666 2892 2735 3058 quod

2602 2222 2650 2439 dicam
2587 2460 2652 2664 fore.”

2430 1517 2491 1640 „Ut
2424 1688 2490 1856 quod
2425 1893 2488 2154 factum
2441 2215 2483 2311 est
2425 2355 2491 2605 futile,
2434 2669 2491 2895 amici,
2445 2955 2477 3062 vos

2345 2205 2409 2468 feratis
2347 2491 2414 2835 fortiter.''

2282 1383 2331 1636 Summum
2282 1671 2329 1800 enim
2280 1839 2327 2014 bonum
2281 2052 2329 2282 virtutem
2282 2317 2313 2427 esse
2271 2463 2329 2636 docet,
2269 2670 2315 2829 neque
2268 2864 2329 3064 praeter

2187 1383 2243 1583 peccata
2186 1619 2247 1877 quidquam
2200 1916 2246 1963 in
2201 1998 2247 2133 malis
2184 2168 2248 2478 ponendum:

2107 1512 2170 1681 „Sed
2120 1715 2167 1923 virum
2120 1958 2166 2213 virtute
2121 2248 2153 2401 vera
2123 2436 2169 2668 vivere
2124 2704 2170 3061 animatum

2029 2205 2090 2510 addecess

1942 1516 2010 1955 Fortiterque
1959 2003 2007 2348 innoxium
1962 2397 1995 2641 vacare
1963 2702 2013 2780 ad
1959 2839 2013 3083 adver-1

1881 2215 1913 2468 sarcos:

1799 1512 1848 1615 Ea
1799 1650 1848 1930 libertas
1788 1964 1843 2085 est,
1782 2136 1847 2510 quipectus
1787 2553 1836 2787 purum
1806 2837 1847 2899 et
1790 2937 1853 3062 fir-

1720 2217 1752 2377 mum
1706 2412 1770 2713 gestitat
1710 2739 1774 2852 **).·

1638 1516 1687 1725 Aliae
1640 1774 1672 1875 res
1639 1934 1689 2344 obnoxiosae
1642 2399 1685 2600 nocte
1643 2658 1691 2725 in
1644 2784 1692 3065 obscura

1559 2223 1611 2493 latenu”

1464 1511 1526 1680 ltaque
1479 1714 1510 1777 ne
1480 1814 1512 1930 suae
1464 1966 1528 2163 quidem
1479 2198 1526 2326 vitae
1481 2360 1527 2455 vim
1483 2491 1531 2670 afferre
1482 2706 1533 2988 constituit:

1397 1512 1448 1685 καίτοι
1398 1718 1448 1832 ποτ’
1399 1870 1449 1917 εἴ
1397 1946 1446 2044 τιν’
1384 2082 1450 2313 εἰςίδοιμ’
1400 2351 1453 2453 α’να
1401 2487 1452 2669 πτόλιν

1302 1509 1369 1717 τυφλὸν
1300 1750 1364 2120 προηγητῆρος
1303 2155 1371 2521 ἐξηρτημένον,

1221 1514 1287 1894 ἀδημονοῦντα
1220 1930 1283 2249 συμφοραῖς,
1225 2285 1289 2612 ἐλοιδόρουν,

1144 1512 1205 1584 ὡς
1143 1618 1208 1785 δειλὸς
1138 1818 1205 1897 εἴη
1153 1932 1205 2174 θάνατον
1153 2209 1209 2446 ἐκποδὼν
1143 2480 1209 2627 ἔχων.

948 1455 1001 1497 *)
960 1528 1004 1660 ovid.
962 1690 1005 1741 A.
962 1772 1004 1822 A.
950 1856 1003 1900 Ι,
961 1937 1005 2044 337:
949 2076 1004 2254 „Flevit
950 2281 1009 2590 Amyntorides
955 2619 997 2698 per
969 2726 1013 2875 inania
971 2898 1015 3065 lumina

890 1534 933 1779 Phoenix.⁷’
891 1834 932 1897 ld.
889 1927 933 2035 ibid.
890 2065 932 2174 261:
879 2206 932 2285 „Id
880 2314 935 2429 quod
881 2457 940 2765 Amyntorides
899 2794 943 2989 videas.⁷'

806 1442 861 1499 *‘)
818 1533 862 1603 Cf.
820 1623 860 1782 Horat.
807 1808 860 1891 Ep.
809 1913 861 1948 Ι,
809 1969 861 2011 1,
819 2038 861 2118 60:
807 2150 862 2266 „Hic
821 2290 851 2441 murus
822 2466 853 2629 aeneus
813 2650 865 2757 esto,
828 2779 871 2851 Nil
829 2871 873 3067 conscire

739 1539 791 1638 sibi,
746 1669 789 1791 nulla
736 1820 790 2068 pallescere
736 2097 793 2270 culpa.''
