5010 3336
3926 2111 3986 2235 520

3785 1322 3847 1574 (veterum
3795 1621 3844 1751 enim
3792 1802 3827 1948 nemo
3770 1981 3839 2307 vituperavit)
3767 2345 3824 2743 argumentorum
3754 2781 3821 3019 simplici-

3719 1318 3764 1472 tatem
3700 1508 3766 1873 desiderarunt,
3692 1910 3743 2213 magnopere
3699 2248 3752 2525 mirandum
3680 2562 3737 2728 esset,
3690 2764 3738 2859 nisi
3686 2894 3737 3019 suis-

3640 1319 3682 1430 sent
3637 1465 3680 1551 aut
3638 1585 3684 1621 ii
3624 1642 3646 1655 ,
3620 1692 3682 1775 qui
3616 1810 3674 2013 praeter
3622 2047 3673 2397 vocabulorum
3615 2431 3668 2619 formas
3591 2655 3659 3017 verborumque

3543 1319 3604 1736 compositionem
3553 1785 3600 1852 nil
3544 1899 3593 2175 accuratius
3538 2227 3589 2506 examinare
3517 2542 3583 2788 solerent,
3512 2844 3573 3014 antii,

3464 1317 3527 1404 qui
3477 1455 3524 1534 vix
3474 1582 3522 1705 satis
3457 1748 3504 1928 graece
3464 1978 3514 2164 scirent
3462 2210 3509 2273 ad
3443 2314 3509 2582 legendum
3432 2635 3497 2890 exemplar
3429 2938 3493 3015 ip-

3398 1312 3431 1422 sum
3397 1459 3439 1508 et
3380 1541 3439 1939 cognoscendum
3380 1968 3435 2273 familiarius.
3377 2344 3428 2445 Sed
3376 2477 3423 2538 ad
3356 2563 3418 2873 propositum
3363 2897 3411 3014 red-

3318 1311 3351 1387 eo.
3316 1471 3365 1549 Ex
3312 1600 3361 1757 tribus
3295 1815 3359 2014 liberis,
3289 2078 3350 2160 qui
3285 2210 3347 2351 quasi
3296 2414 3329 2476 ex
3273 2521 3340 2777 naufragio
3282 2828 3331 3012 servati

3235 1307 3288 1551 Hecubae
3216 1586 3279 1959 superfuerunt,
3223 1996 3275 2188 duobus
3205 2225 3266 2445 orbatur,
3212 2480 3260 2613 tertii
3193 2630 3256 2784 gratia
3201 2805 3254 3010 alterius

3155 1305 3206 1437 iusta
3138 1468 3203 1714 funebria,
3147 1752 3197 1956 alterius
3141 1984 3193 2222 ultionem
3120 2259 3182 2595 consequitur.
3111 2662 3178 2858 Duplex
3121 2894 3155 3008 cae-

3076 1306 3126 1397 des
3072 1435 3123 1682 eiusmodi
3057 1718 3113 1813 est,
3068 1851 3110 1906 ut
3049 1931 3115 2116 duplex
3048 2142 3093 2295 genus
3038 2330 3104 2637 iniuriarum,
3032 2677 3094 2851 quibus
3041 2885 3091 3007 victi

2995 1303 3043 1503 obnoxii
2991 1538 3025 1652 esse
2975 1687 3038 1868 solent,
2981 1906 3033 2189 violentiam
2974 2224 3027 2462 victorum
2970 2500 3014 2551 et
2954 2586 3015 2846 perfidiam
2961 2881 3010 3007 ami-

2905 1300 2948 1503 corum,
2895 1554 2951 1915 repraesentet.
2902 1986 2951 2146 Simul
2899 2181 2948 2277 hoc
2895 2311 2946 2442 inter
2872 2475 2934 2737 utramque
2864 2772 2933 3003 interest,

2821 1300 2882 1437 quod
2831 1473 2882 1628 altera
2830 1663 2861 1690 a
2813 1725 2871 2042 necessitate,
2819 2079 2868 2233 altera
2818 2270 2849 2297 a
2810 2332 2860 2615 temeritate
2792 2648 2853 3001 proficiscitur.

2751 1296 2805 1605 Necessitati
2731 1641 2795 1930 parendum,
2737 1967 2787 2303 temeritatem
2728 2339 2782 2679 vindicandam
2724 2726 2757 2838 esse
2719 2871 2768 3001 iudi-

2674 1294 2716 1407 cant
2669 1440 2721 1667 homines
2664 1703 2715 1880 forteS.
2659 1950 2710 2075 Nam
2657 2111 2689 2209 non
2653 2246 2702 2407 solum
2648 2443 2699 2633 obviam
2631 2670 2693 2857 eundo,
2638 2907 2686 2999 sed

2592 1293 2641 1446 etiam
2588 1484 2638 1709 cedendo
2582 1744 2633 1961 vincitur
2562 1986 2629 2201 fortuna,
2560 2239 2607 2334 qua
2569 2357 2620 2550 ratione
2567 2576 2601 2674 non
2548 2695 2615 2999 Polyxenam

2497 1288 2558 1511 tantum2
2509 1563 2556 1653 sed
2504 1702 2553 1851 etiam
2495 1897 2550 2157 Hecubam
2489 2218 2541 2501 calamitate
2470 2552 2532 2836 superiores
2478 2885 2512 2998 esse

2418 1287 2473 1513 apparet.
2421 1586 2477 1947 Temeritatem
2415 1983 2459 2147 autem
2413 2197 2456 2246 et
2410 2292 2458 2434 nefas
2393 2481 2455 2566 qui
2402 2617 2453 2824 inultum
2386 2862 2448 2996 sinit,

2337 1285 2404 1492 ignavus
2347 1540 2391 1620 est
2330 1654 2388 1802 atque
2341 1839 2372 1899 ex
2338 1936 2370 1996 eo
2319 2033 2366 2219 genere
2317 2254 2379 2541 hominum,
2311 2591 2372 2700 qui,
2322 2749 2365 2805 ut
2305 2840 2367 2993 aiunt,

2273 1285 2307 1379 nec
2269 1416 2317 1510 sibi
2267 1544 2299 1636 nec
2265 1672 2312 1833 alteri.
2245 1904 2309 2081 Neque
2255 2116 2300 2191 ira
2235 2226 2296 2584 tantummodo,
2230 2627 2276 2755 quae
2225 2792 2288 2992 quidem

2187 1280 2241 1626 vehementius
2180 1664 2232 1998 inflammatur
2172 2044 2223 2319 accedente
2167 2365 2217 2608 victorum
2148 2644 2211 2848 iniuria,
2157 2900 2206 2990 sed

2111 1280 2159 1429 etiam
2094 1466 2155 1653 pietate
2102 1688 2152 1897 Hecuba
2101 1933 2148 1994 ad
2093 2030 2145 2381 vindicandum
2085 2431 2134 2704 crudeliter
2079 2739 2127 2989 crudelis-

2032 1278 2080 1458 simum
2027 1496 2077 1691 facinus
2019 1720 2072 1969 incitatur.
2016 2041 2067 2223 Officio
2012 2259 2061 2390 enim
2010 2416 2053 2465 et
1992 2491 2057 2591 legi
2002 2617 2053 2811 divinae
1999 2839 2047 2986 satis-

1951 1274 2002 1398 facit
1934 1445 1999 1843 Polymestorem
1923 1890 1987 2132 puniens,
1935 2192 1983 2244 id
1918 2302 1978 2437 quod
1911 2486 1970 2659 aperte
1920 2705 1970 2988 declaratur

1872 1276 1922 1417 chori
1868 1451 1915 1615 verbis
1850 1656 1914 1720 (v.
1845 1758 1913 1925 830.):

1789 1406 1842 1497 καὶ
1777 1530 1838 1623 τὰς
1767 1658 1836 1897 ἀνάγκας
1778 1934 1828 1987 οἱ
1761 2017 1826 2177 νόμοι
1754 2213 1823 2486 διώρισαν.

1695 1272 1761 1458 Νόμοι
1706 1485 1748 1598 sunt
1703 1615 1752 1730 illae
1700 1754 1734 1851 non
1679 1877 1744 2098 scriptae
1675 2121 1742 2277 leges,
1690 2308 1737 2396 sed
1673 2423 1730 2585 natae,
1684 2613 1733 2717 sive
1665 2734 1731 2980 ἄγραπτα

1608 1270 1680 1517 κάσφαλῆ
1622 1553 1672 1699 θεῶν
1604 1732 1670 1937 νόμιμα
1598 1984 1665 2162 (Soph.
1594 2199 1658 2363 Antig.
1607 2398 1639 2441 v.
1588 2479 1653 2638 454),
1587 2676 1648 2856 quibus
1581 2892 1628 2979 pa-

1547 1266 1590 1382 rent
1544 1430 1593 1581 etiam
1542 1631 1589 1698 dii
1523 1748 1590 1815 (v.
1520 1854 1585 2011 782).
1531 2081 1581 2193 Hae
1526 2239 1575 2466 omnibus
1507 2514 1571 2748 vinculis,
1503 2798 1565 2978 quibus

1465 1266 1517 1494 homines
1461 1556 1510 1689 iuter
1458 1742 1491 1798 se
1438 1849 1504 2151 iunguntur,
1430 2212 1495 2542 omnibusque
1434 2588 1486 2974 necessitatibus

1372 1266 1432 1551 superiores
1379 1590 1421 1706 sunt
1362 1742 1427 1808 ²³²),
1375 1844 1417 1899 ut
1372 1934 1416 2075 recte
1366 2110 1418 2318 Hecuba
1366 2366 1412 2429 ad
1348 2465 1411 2727 perfidiam
1340 2760 1406 2973 hospitis

1301 1264 1356 1603 ulciscendam
1297 1651 1330 1763 cum
1279 1811 1344 1921 ipso
1289 1967 1339 2167 inimico
1271 2220 1329 2372 atque
1278 2415 1332 2745 infestissimo
1274 2794 1324 2970 domus

1226 1264 1260 1384 suae
1204 1420 1268 1711 patriaeque
1212 1745 1265 1894 hoste
1208 1929 1261 2109 foedus
1191 2145 1252 2292 atque
1202 2326 1252 2593 amicitiam
1196 2627 1247 2773 ineat.
1194 2828 1244 2971 Hanc

1015 1316 1069 1363 ³³²)
1021 1394 1067 1665 Rectissime
1013 1703 1059 1952 scholiasta
1012 1994 1053 2112 haec
995 2153 1052 2470 interpretatus
1003 2511 1042 2577 est
1002 2616 1044 2743 hisce
998 2784 1040 2961 verbis:

952 1399 995 1479 καὶ
939 1509 996 1539 ἦ
935 1570 997 1749 ἀνάγκη
929 1793 988 1881 γὰρ
928 1916 987 2063 αὐτή,
924 2102 988 2134 ᾗ
934 2175 980 2448 σννδέονται
920 2487 975 2615 φίλοι
918 2652 977 2683 ἢ
913 2723 966 2964 συγγενεῖς,

877 1398 925 1677 καταλύεται
875 1706 918 1785 καὶ
858 1815 915 2031 τρέπεται
860 2054 906 2152 τοῖς
853 2182 911 2357 νόμοις,
863 2387 906 2466 καὶ
847 2496 907 2740 ἡγούμεθα
856 2767 902 2850 τὸν
855 2868 883 2961 πα-

797 1400 850 1697 ρανομοῦντα
792 1728 846 1865 φίλον
785 1897 842 2143 πολέμιον,
795 2183 840 2265 τὸν
794 2304 838 2355 δὲ
780 2394 837 2456 μὴ
774 2488 830 2851 παρανομοῦντα
784 2880 827 2958 καὶ

724 1398 787 1708 ἀδικούμενον
719 1741 774 1893 φίλον,
727 1926 770 1970 εἰ
726 1996 769 2075 καὶ
712 2106 768 2324 πολέμιός
721 2354 767 2461 ἐστι.
