5010 3336
1058 2134 1115 2256 499

1216 2788 1282 3020 pentibus
1211 2699 1260 2764 nil
1210 2580 1259 2672 nisi
1207 2300 1256 2560 mediocria
1205 2043 1252 2270 accidere
1204 1808 1263 2016 possunt
1197 1715 1261 1782 *).
1199 1355 1261 1662 Audendum,

1295 2720 1351 3019 conandum,
1288 2378 1337 2673 moliendum
1288 2265 1332 2340 est
1282 1919 1330 2230 mortalibus:
1295 1775 1325 1884 nam
1278 1673 1326 1738 dii
1279 1546 1341 1641 ipsi
1295 1354 1341 1505 expu-

1374 2868 1440 3021 gnari,
1370 2691 1433 2831 eripi,
1366 2378 1428 2655 extorqueri
1363 2269 1410 2356 sibi
1362 2079 1407 2243 volunt
1374 1740 1421 2053 quaecunque
1372 1609 1405 1703 non
1373 1353 1406 1572 commu-

1454 2939 1502 3018 nia
1456 2864 1499 2914 et
1448 2624 1513 2840 vulgaria
1445 2308 1493 2596 concedunt.
1442 2064 1489 2241 Fortes
1438 1836 1484 2027 fortuna
1436 1590 1494 1809 adiuvat3
1436 1352 1485 1561 fortibus

1531 2778 1587 3019 Minerva,
1526 2562 1575 2740 summi
1525 2401 1571 2525 Iovis
1520 2238 1578 2365 filia„
1518 2062 1564 2200 cuius
1531 1850 1562 2025 nomen
1516 1656 1577 1814 ipsum
1516 1353 1562 1617 consili-

1626 2926 1657 3018 um
1624 2822 1655 2890 ac
1608 2481 1653 2788 virtutem
1599 2191 1660 2443 significat,
1596 2110 1641 2155 in
1594 1842 1640 2083 laboribus
1595 1495 1657 1823 periculisque
1595 1351 1641 1465 sub-

1688 2843 1736 3016 eundis
1688 2639 1744 2807 adcst3
1684 2447 1730 2601 fortes
1677 2203 1740 2418 Iuppiter
1690 2088 1737 2176 pro
1673 1947 1719 2060 filiis
1672 1824 1718 1917 sibi
1673 1580 1735 1795 adoptat.
1673 1348 1719 1540 Gaudet

1768 2777 1829 3017 Iuppiter,
1764 2613 1827 2741 quod
1759 2404 1823 2576 Apollo
1763 2316 1804 2367 et
1754 2020 1803 2291 Mercurius
1752 1886 1799 1983 nati
1752 1691 1798 1851 statim
1752 1351 1813 1654 ingeniorum

1846 2748 1893 3016 sollertiam
1840 2367 1899 2710 audaciamque
1834 2006 1882 2319 manifestant
1827 1767 1892 1970 (γέλασε
1828 1656 1890 1731 δ’,
1827 1526 1878 1603 ὅτι
1828 1347 1888 1492 τέκος

1926 2870 1987 3017 ἄφαρ
1922 2726 1986 2835 ἔβα,
1916 2385 1982 2691 πολύχρυσα
1913 2189 1963 2362 θέλων
1909 1829 1972 2156 λατρεύματα
1913 1641 1973 1795 σχεῖν,
1910 1453 1973 1606 Iphig.
1910 1352 1961 1411 Τ,

2003 2813 2065 3015 1274.>;
2002 2619 2060 2777 ridet,
1998 2440 2061 2568 quod
1996 2140 2043 2402 Diomedes
1993 1898 2039 2093 iubente
1989 1644 2037 1863 Minerva
1988 1350 2037 1596 Venerem

2081 2746 2130 3016 vulneravit
2078 2634 2141 2710 (ΙΙ.
2093 2557 2138 2596 ε,
2074 2355 2135 2521 426.);
2090 2226 2121 2319 non
2071 1910 2127 2191 ulciscitur,
2070 1786 2116 1873 sed
2069 1540 2131 1751 graviter
2069 1347 2116 1506 incre-

2167 2929 2225 3015 pat
2160 2681 2207 2893 Martem
2158 2589 2203 2647 ab
2156 2358 2203 2534 eodem
2154 2082 2217 2315 fugatum.
2149 1928 2195 2011 Sic
2148 1758 2195 1891 Mars
2148 1663 2194 1721 ab
2147 1531 2194 1625 Oto
2151 1347 2209 1495 atque

2239 2784 2304 3016 Ephialte
2236 2533 2284 2734 vinculis
2235 2279 2280 2472 clausus
2246 2078 2294 2231 paene
2229 1817 2286 2023 interiit3
2228 1701 2274 1768 sic
2226 1498 2274 1654 Orcus
2228 1346 2275 1446 sive

2321 2848 2368 3015 Hades
2319 2752 2366 2809 ab
2314 2499 2363 2717 Hercule
2314 2328 2359 2453 inter
2310 2048 2357 2281 cadavera
2311 1816 2354 1997 stratus
2312 1703 2354 1779 est
2304 1347 2355 1669 mortuorum.

2398 2826 2461 3015 Pegaso
2396 2588 2443 2774 domito
2395 2506 2439 2552 in
2392 2271 2439 2457 coelum
2388 2029 2436 2233 evolavit
2386 1637 2449 1995 Bellerophon,
2386 1345 2433 1589 Hercules

2478 2952 2525 3013 ad
2476 2731 2523 2917 inferos
2472 2440 2536 2695 profectus
2472 2355 2517 2403 in
2470 2162 2516 2318 lucem
2467 1887 2530 2125 protraxit
2465 1565 2524 1851 Cerberum,
2469 1345 2512 1529 morta-

2556 2897 2603 3015 lium
2561 2598 2611 2862 terrorem3
2554 2432 2599 2561 idem
2550 2127 2612 2404 Neptunum
2546 1837 2604 2090 domitum,
2561 1706 2608 1799 quo
2545 1524 2592 1681 minus
2544 1344 2592 1487 undis

2650 2868 2684 3015 naves
2632 2557 2681 2834 mortalium
2631 2280 2684 2527 obrueret,
2627 1982 2691 2241 prohibuit.
2624 1730 2673 1913 Verum
2640 1536 2686 1693 neque
2624 1459 2670 1509 hi
2640 1343 2670 1429 ne-

2730 2916 2777 3010 que
2712 2580 2774 2881 reliquorum
2711 2294 2772 2547 quisquam
2724 2144 2770 2266 quae
2706 1956 2753 2116 invitis
2704 1836 2751 1928 diis
2704 1703 2751 1807 ausi
2709 1564 2751 1674 sunt
2704 1341 2767 1540 impune

2793 2767 2842 3013 tulerunt:

2868 2680 2933 2881 νήπιος,
2865 2519 2916 2643 οὐδὲ
2861 2426 2915 2485 τὸ
2858 2280 2914 2390 οἶδε
2861 2116 2913 2248 κατὰ
2859 1912 2926 2081 φρένα
2858 1671 2918 1870 Τυδέος
2857 1506 2921 1636 υἱός,

2946 2777 2998 2884 ὅττι
2947 2626 3010 2741 μάλ’
2946 2522 2996 2588 ού
2944 2269 3009 2485 δηναιὸς
2939 2178 3002 2233 ὃς
2940 1829 2991 2143 ἀθανάτοισι
2939 1558 3005 1795 μάχηται,

3026 2758 3077 2881 οὐδὲ
3026 2678 3075 2727 τί
3044 2554 3090 2645 μιν
3025 2340 3082 2522 παῖδες
3021 2186 3073 2306 ποτὶ
3021 1928 3086 2154 γούνασι
3022 1522 3081 1895 παππάζουσιν

3104 2672 3155 2875 ἐλθόντ’
3103 2580 3154 2634 ἐκ
3104 2296 3169 2543 πολέμοιο
3100 2174 3151 2261 καὶ
3100 1986 3166 2137 αἰνῆς
3099 1661 3165 1948 δηϊοτῆτος.

3189 2842 3251 3008 Itaque
3186 2567 3233 2809 Hercules
3186 2348 3233 2519 surore
3183 2076 3231 2305 divinitus
3182 1820 3226 2039 immisso
3195 1585 3225 1783 uxorem
3194 1435 3225 1545 cum
3178 1341 3224 1399 li-

3268 2883 3316 3012 beris
3282 2761 3313 2846 sua
3280 2583 3312 2725 manu
3281 2487 3311 2546 ex
3264 2205 3310 2452 laboribus
3272 1946 3306 2171 reversus
3257 1706 3317 1917 occidit3
3256 1339 3319 1668 Bellerophon

3351 2849 3394 3009 autem
3344 2708 3391 2801 diis
3344 2474 3391 2660 cunctis
3343 2243 3390 2425 invisus
3336 1905 3403 2190 (ἀπήχθετο
3340 1721 3386 1847 πᾶσι
3334 1436 3397 1665 θεοῖσιν)
3336 1339 3382 1387 in

3439 2836 3487 3008 campo
3424 2680 3470 2799 Aleo
3423 2465 3470 2643 erravit

3502 2816 3551 2879 ὃν
3499 2602 3565 2782 θυμὸν
3498 2320 3560 2567 κατέδων,
3498 2117 3547 2283 πάτον
3495 1780 3559 2082 ἀνθρώπων
3492 1483 3544 1745 ἀλεείνων.

3582 2922 3629 3003 Sic
3598 2796 3629 2890 non
3583 2581 3629 2759 sudore
3587 2360 3629 2545 tantum
3595 2267 3625 2322 ac
3579 2048 3638 2230 labore,
3584 1958 3624 2011 ut
3578 1787 3623 1923 aiunt
3576 1517 3623 1763 Hesiodus
3579 1337 3635 1480 atque

3661 2682 3724 3007 Epicharmus
3658 2539 3722 2647 **),
3660 2404 3706 2491 sed
3658 2088 3705 2368 infortuniis
3672 1843 3720 2036 quoque
3661 1756 3702 1806 et
3655 1520 3702 1721 summis
3652 1336 3700 1483 animi

3741 2686 3804 3005 corporisque
3739 2395 3787 2639 doloribus
3743 2124 3784 2345 constant
3751 1762 3799 2077 quaecunque
3734 1649 3782 1718 dii
3732 1336 3780 1615 hominibus

3835 2805 3882 3006 magna7
3820 2458 3883 2756 praestantia
3823 2370 3865 2421 et
3817 2124 3880 2337 gloriosa
3816 1801 3864 2089 concedunt.
3814 1596 3862 1733 Haec
3818 1482 3860 1559 est
3826 1337 3858 1448 sen-

3943 2899 3997 2947 ³⁵)
3944 2719 3996 2868 „Aber
3944 2617 3985 2691 ich
3943 2478 3984 2587 bitte
3941 2330 3993 2446 dieb,
3941 2109 3992 2299 Freund,
3954 1983 3982 2076 was
3941 1838 3981 1954 kann
3939 1697 3980 1809 denn
3939 1523 3980 1666 dieser
3938 1336 3978 1501 Misere

4014 2571 4055 2754 Grosses
4010 2274 4068 2543 begegnen?
4024 2137 4053 2232 was
4012 1983 4053 2099 kann
4010 1770 4051 1951 Grosses
4010 1614 4050 1727 denn
4007 1431 4048 1573 durch
4005 1338 4047 1402 sie

4077 1751 4136 2043 geschehn2'’

4149 2894 4202 2973 *ἢ
4149 2764 4203 2856 Τῆς
4147 2697 4192 2735 δ’
4149 2502 4207 2665 ἀρετῆς
4150 2309 4209 2478 ἱδρῶτα
4150 2182 4193 2287 θεοὶ
4147 1839 4207 2155 προπάροιθεν
4146 1622 4202 1810 ἔθηκαν.

4219 2759 4262 2864 Τῶν
4218 2579 4263 2734 πόνων
4222 2322 4265 2551 πωλοῦσιν
4218 2182 4276 2293 ἡμῖν
4219 2002 4263 2154 πάντα
4216 1806 4275 1973 τάγάθ’
4217 1729 4261 1775 οὶ
4216 1582 4260 1700 θεοί.

4290 1710 4336 1774 32
4290 1668 4355 1691 2¹5
