5010 3336
2820 3264 2829 3329 ......

1037 2123 1093 2243 497

1192 2884 1242 3014 mani
1205 2719 1240 2850 mors
1192 2627 1236 2675 et
1186 2350 1234 2590 cruciatus
1185 2257 1231 2317 ob
1183 2051 1229 2218 oculos
1182 1763 1244 2024 ponuntur.
1176 1620 1224 1717 Sed
1175 1355 1223 1593 enimhoc

1272 2857 1336 3014 magis
1283 2659 1317 2827 omnes
1266 2558 1313 2634 his
1265 2274 1320 2539 dolon-ibim,
1267 2024 1322 2246 tanquam
1259 1773 1321 2000 propriis,
1271 1480 1314 1744 movemur,
1268 1353 1315 1449 quo

1353 2860 1399 3014 minus
1354 2640 1412 2843 propter
1346 2380 1409 2625 propriam
1342 2238 1388 2362 illius
1355 2051 1386 2222 noxam
1338 1741 1399 2029 supplicium
1336 1587 1393 1724 sumi,
1350 1469 1396 1561 quo
1349 1352 1379 1454 ma-

1430 2939 1492 3013 gis
1429 2866 1474 2923 ab
1426 2635 1473 2847 universi
1425 2422 1486 2611 generis
1420 2202 1469 2395 humani
1419 2051 1464 2176 vitiis
1418 1911 1463 2033 mala
1417 1838 1462 1885 in
1415 1679 1460 1811 illum
1414 1351 1460 1652 redundasse

1507 2682 1567 3013 intelligimus,
1504 2528 1550 2610 Sic
1503 2332 1562 2478 igitur
1514 2242 1544 2296 se
1512 2127 1543 2207 res
1496 1912 1542 2092 habet:
1510 1768 1541 1862 non
1493 1474 1539 1720 hominum
1505 1349 1537 1438 nos

1586 2796 1643 3012 miseret„
1584 2669 1631 2758 sed
1583 2488 1629 2633 sortis
1582 2202 1633 2453 humanae,
1590 2038 1637 2158 quae
1574 1781 1620 2001 omnibus
1570 1477 1618 1743 communis
1572 1349 1628 1440 est,

1664 2932 1711 3010 cui
1679 2730 1710 2896 omnes
1678 2609 1709 2695 nos
1659 2343 1708 2571 obnoxios
1670 2196 1701 2306 esse
1652 1832 1716 2160 intelligimus.
1650 1559 1712 1761 Propter
1648 1346 1711 1533 patriae

1743 2717 1798 3011 discrimen,
1745 2466 1804 2668 propter
1735 2261 1783 2432 civium
1748 1976 1787 2223 errorem,
1734 1739 1793 1941 propter
1729 1468 1775 1705 maiorum
1727 1346 1773 1431 de-

1821 2863 1880 3011 licta,
1826 2613 1884 2817 propter
1816 2192 1881 2573 propinquorum
1811 1958 1858 2143 scelera
1809 1743 1856 1924 multos
1808 1647 1853 1695 in
1805 1344 1868 1612 tragoediis

1900 2794 1947 3010 insontes
1897 2559 1944 2757 interire
1895 2277 1951 2525 videmus,
1906 2025 1953 2227 quorum
1904 1869 1936 1974 sors
1887 1684 1934 1822 valde
1884 1345 1933 1638 miserabilis

1984 2908 2026 3007 est:
1982 2680 2024 2872 manant
1974 2517 2021 2642 enim
1979 2430 2019 2479 et
1972 2060 2019 2394 diffunduntur
1968 1815 2031 2029 piacula3
1967 1526 2013 1779 universae
1978 1343 2025 1492 saepe

2059 2789 2105 3007 civitates
2054 2614 2102 2756 unius
2052 2368 2099 2578 hominis
2051 2143 2097 2330 scelere
2048 1786 2094 2106 labefactatae
2047 1507 2101 1751 corruunt,
2046 1423 2088 1471 et
2042 1341 2088 1390 in

2136 2671 2201 3007 proximorum
2147 2441 2195 2631 quoque
2130 2252 2192 2412 capita
2129 2070 2175 2233 ruinae
2126 1804 2173 2035 incidunt.
2122 1563 2184 1735 Neque
2121 1340 2184 1537 propria

2215 2863 2278 3006 culpa
2230 2772 2260 2829 an
2212 2581 2258 2736 aliena
2210 2375 2271 2547 aliquis
2209 2120 2265 2338 laboret,
2206 1880 2253 2082 multum
2204 1608 2261 1845 interest7
2202 1342 2263 1570 quoniam

2294 2940 2341 3000 ad
2292 2622 2357 2903 gravissima
2289 2400 2333 2586 scelera
2286 2016 2332 2362 committenda
2283 1759 2345 1982 plerIque
2281 1596 2329 1732 inviti
2281 1339 2342 1571 insciique

2371 2688 2432 3006 abripiuntur.

2448 2830 2495 2874 A
2445 2527 2493 2804 notionibus
2444 2202 2506 2489 quibusdam
2440 2008 2487 2165 animo
2438 1702 2502 1972 conceptis,
2453 1548 2500 1666 quas
2442 1339 2485 1513 vocant

2528 2838 2585 3006 ideas7
2526 2710 2572 2805 vim
2524 2352 2573 2674 miserationis
2521 2049 2569 2315 movendae
2520 1779 2582 2015 imprimis
2516 1516 2579 1732 pendere
2518 1336 2563 1468 aiunt

2606 2690 2655 3005 recentiores.
2603 2496 2650 2618 Nam
2604 2418 2649 2459 si
2618 2282 2658 2382 eos,
2603 2162 2663 2242 qui
2600 1980 2647 2127 talem
2614 1780 2646 1943 rerum
2596 1489 2644 1743 meliorum
2611 1338 2658 1451 spe-

2687 2877 2733 3002 ciem
2688 2560 2745 2839 sequantur,
2688 2322 2744 2525 propter
2682 2195 2727 2288 hoc
2680 1954 2726 2167 studium
2678 1628 2723 1926 intereuntes
2674 1337 2729 1601 videamus,

2770 2900 2813 3003 tum
2763 2655 2811 2865 maxime
2763 2575 2808 2622 in
2761 2373 2808 2547 animis
2759 1986 2806 2346 miserationem
2772 1845 2803 1953 cum
2754 1490 2802 1810 admiratione
2752 1334 2816 1465 gigni

2843 2758 2904 3000 simulque
2841 2504 2888 2724 dolorem
2839 2297 2897 2470 leniri,
2838 2128 2899 2258 quod
2838 1819 2883 2093 intereunte
2834 1590 2880 1785 homine
2848 1462 2879 1556 non
2848 1332 2879 1426 una

2922 2775 2970 3003 interisse
2937 2666 2979 2739 ea,
2935 2507 2981 2630 quae
2917 2237 2975 2473 voluerit,
2921 1958 2979 2201 putemus.
2914 1811 2960 1886 Ex
2914 1605 2975 1775 quibus
2926 1332 2973 1570 quaerere

3002 2837 3059 3002 lubet,
2999 2557 3061 2783 quidnam
3014 2346 3044 2508 rerum
2995 2017 3042 2297 sublimium
2994 1722 3055 1965 Astyanax
2998 1474 3038 1671 secutus
2991 1335 3049 1411 sit,

3084 2797 3144 3001 propter
3076 2636 3139 2762 quod
3078 2537 3123 2599 de
3075 2253 3121 2503 moenibus
3074 2093 3120 2216 arcis
3073 1870 3135 2058 patriae
3072 1672 3118 1829 infans
3069 1333 3132 1626 praecipita-

3164 2836 3217 3000 retur,
3156 2563 3219 2789 quidnam
3154 2301 3200 2516 volentes
3152 2056 3215 2254 plurimi
3166 1917 3213 2005 pro
3150 1660 3195 1870 victimis
3148 1334 3194 1622 avertendo-

3254 2889 3287 2999 rum
3235 2524 3283 2850 communium
3232 2162 3296 2490 periculorum
3245 1955 3277 2124 caussa
3228 1776 3275 1912 inviti
3227 1494 3273 1729 immolati
3226 1334 3275 1446 sint.

3318 2921 3367 2998 An
3317 2764 3363 2888 haec
3330 2637 3361 2729 non
3313 2412 3365 2603 misera,
3311 2288 3357 2373 sed
3310 2108 3357 2253 foeda
3325 1958 3356 2069 esse
3307 1674 3355 1923 defensuri
3306 1485 3352 1635 sunt?
3303 1332 3350 1439 Ma-

3411 2778 3461 2995 gnopere
3409 2629 3440 2743 vero
3393 2472 3439 2593 haec
3391 2257 3438 2437 misera
3393 2109 3436 2221 sunt
3393 1799 3451 2075 propterea,
3385 1633 3447 1761 quod
3384 1522 3431 1598 vel
3384 1330 3430 1486 aliena

3475 2856 3522 2996 ruina
3473 2750 3519 2823 illi
3471 2548 3519 2705 obruti
3470 2424 3517 2501 vel
3486 2286 3531 2374 pro
3468 2006 3515 2248 communi
3466 1811 3512 1968 salute
3468 1565 3512 1770 mortem
3463 1331 3525 1523 oppeti-

3557 2806 3602 2995 verunt.
3549 2491 3612 2717 Alioquin
3549 2270 3594 2445 socdae
3552 2054 3594 2221 essent
3546 1866 3592 2009 etiam
3543 1612 3601 1817 caedes,
3558 1427 3603 1549 quae
3542 1329 3589 1378 in

3632 2796 3697 2994 proeliis
3630 2614 3688 2761 fiunt,
3630 2516 3675 2564 in
3628 2294 3689 2469 quibus
3625 1890 3688 2243 persequendis
3623 1626 3670 1843 studiose
3620 1330 3667 1577 Homerus

3713 2694 3759 2992 immoratur.
3706 2518 3754 2626 Non
3711 2404 3752 2479 est
3704 2172 3752 2366 foedum
3739 2136 3759 2147 ,
3704 1973 3766 2100 quod
3703 1809 3749 1935 oculi
3700 1542 3747 1775 Phoenici
3700 1329 3747 1508 insonti

3794 2742 3847 2991 eruuntur,
3802 2611 3834 2706 non
3786 2361 3843 2577 foedum,
3784 2195 3845 2323 quod
3799 1967 3829 2166 uxorem
3781 1697 3828 1937 Otliellius
3779 1328 3842 1673 probissimam

3869 2756 3927 2990 suffocat3
3866 2617 3913 2704 sed
3866 2414 3912 2582 miseri
3871 2268 3910 2378 sunt
3863 2168 3922 2233 ii,
3863 2051 3923 2132 qui
3862 1956 3908 2015 ad
3861 1643 3908 1920 carissimos
3859 1329 3922 1607 perdendos

3948 2812 3995 2990 mentis
3961 2611 3994 2775 errore
3945 2234 4005 2564 abripiuntur,
3943 2019 3988 2184 miseri
3942 1926 4001 1985 ii„
3942 1807 4002 1888 qui
3939 1595 3987 1772 innoxii
3940 1329 3999 1552 pereunt.

4025 2769 4087 2989 Denique
4024 2588 4072 2733 foeda
4028 2441 4071 2553 sunt
4040 2350 4069 2405 ea
4022 2188 4079 2315 sola,
4037 2014 4083 2136 quae
4020 1719 4068 1980 temeraria
4017 1486 4064 1685 libidine
4030 1327 4077 1439 per—

4108 2729 4168 2987 petrantur
4108 2614 4152 2695 aut
4118 2456 4165 2580 quae
4101 2131 4149 2428 calamitates
4101 1970 4147 2103 nullo
4098 1708 4162 1947 probabili
4096 1481 4143 1681 deorum
4107 1329 4139 1445 con-

4182 2876 4231 2985 silio
4187 2654 4231 2842 temere
4198 2565 4231 2621 ac
4182 2328 4231 2532 fortuito
4178 2052 4228 2293 accidunt.
4178 1875 4227 1983 Non
4178 1716 4241 1839 fugit
4177 1593 4223 1687 hoc
4173 1327 4222 1569 Aristote-

4256 1648 4301 1710 32
