5010 3336
3936 2038 3993 2161 244

3791 1252 3847 1505 darentur,
3801 1541 3834 1603 ne
3785 1636 3845 1866 tauquam
3799 1902 3847 2033 servi
3781 2066 3846 2230 legum
3774 2264 3847 2700 institutorumque
3785 2725 3835 2930 vinculis

3719 1245 3767 1390 inviti
3704 1422 3768 1680 ignarique
3708 1725 3767 2089 cohiberentur,
3718 2128 3765 2216 sed
3699 2248 3748 2423 aequo,
3710 2455 3759 2612 libero
3690 2648 3756 2931 lubentique

3640 1250 3687 1411 animo
3625 1438 3671 1566 quae
3641 1586 3673 1699 vera
3624 1727 3683 1963 rectaque
3637 1990 3669 2103 esse
3631 2133 3684 2492 intellexissent
3612 2513 3674 2925 sequerentur*).

3560 1382 3608 1474 His
3560 1511 3606 1559 in
3559 1592 3608 1874 universum
3542 1911 3606 2191 disputatis,
3555 2227 3598 2283 ut
3537 2316 3597 2549 tanquam
3530 2585 3594 2825 exemplis
3546 2842 3594 2928 do—

3464 1249 3527 1591 cumentisque
3465 1640 3511 1766 quae
3476 1798 3525 2119 disseruimus
3459 2158 3522 2525 confirmentur,
3469 2562 3516 2624 de
3466 2659 3514 2930 didascalia

3383 1251 3445 1374 ipsa,
3398 1412 3446 1550 cuius
3383 1583 3443 1776 partem
3397 1809 3445 1953 Aeoli
3395 1985 3444 2202 fabulam
3392 2239 3442 2396 fuisse
3375 2424 3438 2672 fingimus,
3370 2710 3433 2926 explice-

3318 1249 3352 1373 mus
3319 1443 3367 1751 Revocamus
3316 1790 3360 1954 autem
3316 1991 3363 2052 ad
3315 2088 3346 2235 unum
3299 2263 3358 2398 quasi
3293 2430 3341 2608 corpus
3289 2635 3353 2926 tetralogiae

3223 1248 3287 1482 Oedipi
3228 1516 3287 1749 fabulam,
3222 1787 3284 1870 qui
3236 1906 3267 2017 cum
3222 2054 3277 2229 matre,
3218 2266 3280 2464 Aeoli,
3214 2500 3275 2581 qui
3227 2609 3259 2720 cum
3225 2755 3258 2926 sorore

3159 1246 3205 1490 incestum
3148 1514 3206 1794 committit,
3142 1831 3205 2239 Laodamiae,
3138 2277 3184 2400 quae
3139 2430 3197 2606 virum,
3131 2645 3177 2791 quem
3129 2810 3176 2924 per-

3078 1245 3125 1351 dite
3069 1385 3122 1542 amat,
3062 1598 3126 1824 neglecto
3061 1870 3123 2029 patris
3060 2075 3106 2274 amore,
3072 2340 3118 2401 ad
3067 2448 3117 2632 inferos
3049 2682 3111 2923 sequitur,

2988 1245 3046 1565 Achillis,
2985 1601 3046 1682 qui
2998 1720 3029 1830 cum
2996 1852 3045 1953 filia
2980 1977 3043 2290 Lycomedis,
2974 2327 3036 2560 tanquam
2972 2590 3018 2776 sorore,
2982 2807 3014 2922 con-

2919 1243 2967 1446 cumbit.
2904 1517 2968 1692 Neque
2917 1725 2965 1856 enim
2900 1891 2963 2157 quidquam
2899 2188 2960 2366 obstat,
2895 2404 2956 2518 quin
2906 2544 2954 2668 haec
2903 2702 2952 2923 dramata

2838 1243 2886 1373 circa
2838 1409 2889 1484 Ol.
2827 1509 2885 1653 86,1..
2836 1691 2869 1814 auno
2836 1851 2882 1964 435.
2834 2001 2866 2094 una
2833 2140 2880 2188 in
2830 2225 2875 2472 certamen
2824 2509 2872 2773 commissa
2822 2809 2855 2922 esse

2743 1244 2807 1498 fingamuS,
2761 1534 2802 1585 et
2755 1620 2806 1984 similitudinem
2738 2020 2800 2263 quandam
2750 2297 2782 2462 rerum
2733 2498 2788 2919 argumentorum-

2666 1242 2712 1339 que
2665 1385 2727 1724 intercedere,
2661 1777 2707 1873 qua
2674 1916 2718 2056 recte
2669 2105 2718 2503 consociarentur
2666 2554 2714 2700 etad
2662 2736 2707 2920 certam

2584 1238 2644 1417 poetae
2596 1449 2647 1748 voluntatem
2579 1794 2645 2166 significandam
2576 2215 2629 2595 revocarentur,
2583 2648 2634 2795 facile
2581 2844 2630 2919 in-

2503 1240 2567 1490 telligitur.

2236 1738 2289 1802 A.
2211 1891 2290 2415 OedipuS.

2095 1368 2159 1725 Argumentum
2092 1759 2154 2051 narrationi,
2088 2105 2134 2247 quam
2085 2290 2149 2517 Hyginus
2098 2553 2130 2595 c.
2095 2632 2142 2710 66.
2095 2748 2137 2798 et
2094 2831 2138 2912 67.

2016 1237 2081 1471 scriptam
2015 1505 2079 1720 reliquit,
2026 1774 2075 1938 inesse
2009 1972 2071 2164 pridem
2005 2201 2068 2448 cognitum
2018 2485 2062 2562 est
2018 2597 2065 2656 ab
2005 2692 2064 2780 iis,
2000 2830 2061 2911 qui

1953 1235 2001 1300 de
1952 1333 2001 1477 huius
1949 1513 2001 1745 dramatis
1941 1782 1996 2173 conformatione
1925 2208 1989 2561 inquisiverunt
1925 2590 1988 2688 **).
1937 2723 1985 2792 lbi
1921 2818 1990 2909 i'gi-

1873 1233 1917 1315 tur
1872 1365 1921 1428 de
1858 1476 1919 1626 priori
1851 1678 1918 1859 Oedipi
1865 1908 1913 2008 vita
1862 2057 1911 2181 haec
1861 2229 1903 2341 sunt
1858 2386 1905 2652 memoriae
1841 2686 1903 2910 prodita:

1782 1231 1843 1403 „Laio,
1790 1440 1841 1655 Labdaci
1774 1690 1836 1806 filio,
1787 1843 1835 1903 ab
1769 1938 1833 2166 Apolline
1780 2200 1824 2307 erat
1763 2341 1812 2662 responsum,
1776 2713 1824 2775 de
1776 2823 1823 2912 filii

1714 1231 1762 1311 sui
1713 1345 1744 1488 manu
1711 1523 1754 1579 ut
1707 1615 1750 1824 caveret.
1690 1892 1754 2061 Itaque
1688 2096 1751 2301 Iocasta,
1698 2336 1748 2600 Menoecei
1684 2639 1745 2752 filia,
1696 2787 1728 2911 uxor

1620 1230 1681 1354 eius,
1631 1390 1664 1503 cum
1614 1539 1675 1834 peperisset,
1625 1868 1673 2012 iussit
1605 2047 1668 2240 exponi.
1619 2306 1668 2453 Hunc
1604 2487 1666 2757 Periboea,
1615 2814 1664 2908 Po-

1538 1228 1601 1330 lybi
1536 1364 1600 1495 regis
1537 1531 1583 1682 uxor,
1546 1729 1580 1840 cum
1544 1876 1588 2065 vestem
1541 2100 1588 2161 ad
1539 2198 1572 2332 mare
1525 2367 1586 2577 lavaret,
1520 2627 1582 2907 expositum

1473 1227 1522 1442 sustulit.
1455 1510 1520 1699 Polybo
1452 1734 1515 1938 sciente,
1449 1976 1510 2106 quod
1461 2143 1508 2250 orbi
1459 2285 1502 2425 erant
1444 2457 1505 2645 liberis,
1440 2680 1488 2772 pro
1455 2817 1488 2908 suo

1391 1226 1442 1560 educaverunt
1372 1596 1422 1825 eumque,
1370 1862 1432 1992 quod
1368 2025 1432 2179 pedes
1378 2218 1427 2509 transiectos
1362 2548 1426 2772 baberet,
1375 2810 1424 2905 Oe-

1299 1224 1362 1395 dipum
1305 1428 1358 1851 nominaverunt.''
1291 1919 1352 2027 Qua
1301 2061 1349 2251 ratione
1301 2284 1348 2345 ad
1299 2368 1347 2504 littus
1295 2535 1346 2904 Corinthiorum

1234 1222 1284 1384 infans
1230 1431 1282 1623 delatus
1213 1673 1276 1772 sit,
1220 1820 1272 2083 scholiasta
1205 2125 1270 2380 Euripidis
1219 2424 1266 2485 ad
1216 2522 1266 2705 Phoen.
1217 2741 1248 2785 v.
1214 2823 1261 2903 26.

1155 1226 1206 1401 docet:
1153 1459 1204 1514 οἱ
1139 1545 1202 1619 δὲ,
1138 1656 1198 1750 εἰς
1140 1780 1194 2138 θάλασσαν
1122 2173 1193 2602 ἐκβληθῆναι
1126 2631 1187 2726 εἰς
1120 2758 1185 2903 λάρ-

1074 1221 1108 1390 νακα
1073 1421 1124 1509 καὶ
1055 1542 1117 1955 προςοκείλαντα
1043 1987 1105 2053 τῇ
1057 2088 1109 2327 Σικυῶνι
1057 2354 1110 2458 ὑπὸ
1055 2498 1102 2597 τοῦ
1038 2642 1104 2901 Πολύβου

951 1278 1036 1681 ὋΜ.
958 1710 1002 1825 Ran.
956 1857 1000 1966 971:

892 1468 935 1663 τοιαῦτα
873 1691 933 1927 μέντούγὼ
871 1960 923 2147 φρονεῖν

821 1462 869 1697 τούτοισιν
801 1727 861 2034 εἰςηγησάμην
812 2064 851 2156 κτλ.

749 1252 803 1330 *ἢ
757 1361 799 1409 C.
754 1441 798 1515 Fr.
746 1548 794 1831 Hermannus
731 1860 781 2025 quaest.
728 2058 785 2215 Oedip.
739 2247 783 2373 1837.
738 2435 781 2603 Welck·
726 2636 766 2678 p·
738 2709 781 2807 537-

3530 3181 3533 3183 —
3577 3182 3955 3192 —-,—,-——.o-0-m
