5010 3336
1827 3248 1868 3323 -μὶιαι

1906 3307 1935 3329 21.
1908 3242 1941 3288 sae-

1968 3244 2035 3334 lrfrjpi-

2068 3245 2099 3330 man

1042 2165 1096 2281 137

1186 2833 1250 3051 genuinis
1190 2513 1249 2800 praeponat,
1184 2356 1245 2467 quin
1183 2174 1230 2321 etiam
1184 2006 1245 2141 regni
1189 1787 1247 1974 partem
1183 1501 1232 1750 maximam
1198 1412 1231 1465 se

1264 2980 1312 3050 illi
1265 2661 1312 2948 traditurum
1278 2502 1322 2627 esse,
1262 2426 1310 2467 si
1266 2146 1325 2393 superstes
1262 2031 1317 2111 sit,
1262 1722 1324 1997 profitetur:

1342 2691 1403 2921 „Quim
1342 2601 1388 2659 si
1341 2422 1388 2568 hinc
1340 1985 1404 2389 superescit,
1339 1642 1403 1947 Spartam
1347 1409 1406 1606 atquc

1416 1936 1481 2244 Amyclas
1417 1585 1468 1902 tradebo.'’

1499 2941 1560 3046 Qua
1514 2844 1546 2898 re
1503 2683 1545 2811 mota
1510 2433 1544 2635 noverca
1496 2075 1559 2397 Chrysippum
1496 1969 1543 2032 de
1495 1777 1543 1936 medio
1498 1571 1546 1743 tollere
1513 1407 1546 1521 con-

1577 2874 1625 3047 stituit.

1655 2704 1704 2915 Chorum
1669 2611 1702 2670 ex
1652 2480 1700 2591 viris
1653 2180 1702 2455 constitisse
1653 1940 1717 2161 suspicor
1658 1719 1717 1917 propter
1653 1403 1715 1697 sublimiora,

1749 2920 1796 3044 quae
1750 2812 1782 2871 ex
1735 2458 1795 2766 Anaxagorae
1731 2188 1790 2407 doctrina
1732 1947 1780 2154 delibata
1732 1586 1794 1907 protulerunt.
1732 1401 1782 1519 Post

1813 2811 1875 3045 parodum
1812 2550 1859 2767 nuntium
1809 2284 1873 2507 prodisse
1826 2036 1859 2240 necesse
1816 1899 1859 1988 est.
1810 1728 1858 1834 Non
1812 1594 1858 1695 sine
1827 1400 1876 1561 pugna

1889 2741 1953 3043 Chrysippus
1893 2396 1952 2707 recuperatus
1893 2223 1937 2350 erat:
1890 1917 1937 2174 comitibus
1890 1746 1938 1870 enim
1893 1660 1938 1710 et
1889 1484 1938 1630 Laius
1895 1398 1939 1451 et

1968 2955 2014 3044 filii
1968 2730 2032 2923 Pelopis
1967 2530 2030 2694 stipati
1972 2335 2014 2497 erantt

2074 2850 2081 2914 —-
2062 2576 2111 2817 „neque
2046 2202 2110 2542 quisquam
2064 2136 2095 2167 a
2047 1945 2095 2103 telis
2061 1639 2095 1912 vacuus:

2124 2781 2174 2910 Sed
2125 2638 2173 2738 uti
2125 2362 2190 2595 cuique
2126 2065 2174 2311 obviam
2127 1721 2188 2019 faverat,
2128 1399 2189 1674 ferrum,

2204 2051 2252 2222 alius
2220 1761 2265 2019 saccum,
2204 1438 2257 1712 rodum.”

2287 2965 2335 3038 De
2283 2734 2350 2922 graecis
2281 2404 2347 2689 fragmentis
2282 2258 2330 2355 huc
2282 2043 2330 2206 resero
2284 1699 2346 1987 septimum:
2281 1393 2347 1645 εἰάζων,

2358 2958 2413 3039 εἶα
2360 2592 2413 2925 ἐπικελεύων·
2358 2266 2422 2555 Εὐριπίδης
2358 1933 2425 2241 Χρυσίππῳ.
2361 1757 2408 1866 Νοη
2362 1566 2423 1723 potuit
2363 1392 2412 1536 Laius

2459 2836 2508 3039 puerum
2445 2593 2489 2800 amatum
2457 2529 2487 2557 a
2456 2443 2488 2495 se
2439 2197 2487 2409 abstrahi
2440 1914 2488 2149 tolerare:
2440 1700 2501 1863 itaque
2442 1391 2504 1667 redeuntes,

2526 2832 2586 3036 cogente
2519 2563 2582 2797 cupidinis
2519 2462 2578 2529 vi,
2519 2286 2566 2411 ultro
2522 2045 2566 2236 secutus
2524 1896 2577 1997 est,
2522 1796 2565 1844 et
2518 1714 2565 1763 in
2523 1390 2581 1681 potestatem

2601 2915 2660 3036 eius,
2615 2736 2662 2877 quem
2597 2531 2646 2702 iniuria
2597 2256 2655 2507 affecerat,
2611 2166 2644 2219 se
2596 1916 2656 2134 tradidit,
2597 1596 2659 1882 suppliciter
2614 1390 2648 1562 orans:

2675 2820 2741 2906 μή,
2670 2655 2740 2786 πρὸς
2672 2403 2740 2624 γενείου,
2674 2320 2739 2370 μ’
2670 2115 2739 2285 ἐξέλῃς
2672 2021 2724 2083 τὰ
2672 1688 2738 1987 φίλτατα*).

2756 2918 2806 3035 Inde
2760 2682 2818 2886 sequuta
2759 2539 2804 2650 sunt
2755 2409 2814 2508 illa,
2769 2251 2816 2372 quae
2754 2053 2802 2225 Cicero
2753 1868 2802 2017 Tusc.
2753 1757 2813 1842 IV,
2756 1659 2815 1738 33,
2758 1557 2807 1634 71.
2757 1386 2821 1533 signi-

2837 2895 2884 3036 ficat:
2835 2654 2897 2866 „Atque,
2838 2576 2882 2628 ut
2833 2294 2881 2553 muliebres
2848 2085 2881 2274 amores
2832 1825 2893 2060 omittam,
2833 1628 2894 1801 quibus
2836 1385 2885 1618 maiorem

2914 2790 2963 3037 licentiam
2918 2599 2960 2765 natura
2912 2321 2971 2574 concessit,
2913 2187 2974 2292 quis
2916 2081 2959 2162 aut
2911 1995 2959 2056 de
2911 1702 2973 1970 Ganymedi
2918 1542 2975 1681 raptu
2916 1383 2962 1523 dubi—

3000 2945 3055 3033 tat,
2992 2797 3054 2910 quid
2996 2593 3055 2763 poetae
2990 2396 3050 2560 velint,
2994 2130 3038 2361 autnon
2990 1756 3052 2097 intelligit,
2992 1580 3053 1720 quid
2996 1381 3056 1543 apud

3070 2663 3135 3033 Euripidem
3075 2547 3118 2608 et
3069 2198 3131 2493 loquatur
3073 2080 3117 2140 et
3070 1811 3131 2026 cupiat
3069 1488 3118 1749 Laius‘3”
3070 1383 3137 1459 **)

3150 2873 3198 3031 Huius
3150 2616 3211 2839 colloquii
3148 2316 3211 2584 fragmenta
3148 2049 3211 2282 quaedam
3149 1888 3196 2002 satis
3148 1602 3196 1841 luculenta
3157 1379 3199 1567 servata

3232 2902 3277 3027 sunt.
3227 2710 3275 2839 Hinc
3227 2540 3274 2667 enim
3227 2239 3288 2490 depromta
3242 2078 3275 2188 esse
3226 1897 3275 2036 video
3227 1743 3283 1851 illa,
3242 1574 3289 1697 quae
3228 1379 3277 1527 habet

3306 2742 3357 3028 Plutarchus
3305 2553 3352 2709 Amat.
3322 2473 3368 2519 p.
3308 2329 3351 2439 769.
3305 2225 3351 2293 B:

3382 2575 3447 2898 οἰκειότητος,
3378 2265 3447 2543 ἐμβλέπων,
3377 1937 3432 2231 ὠλίσθανον

3489 2838 3500 2898 —-
3490 2643 3499 2703 ιι-
3488 2069 3497 2512 ———-

3540 2666 3607 2896 ἀγένειος
3538 2434 3599 2628 ἁπαλὸς
3539 2314 3590 2401 καὶ
3539 2075 3599 2282 νεανίας
3540 1888 3600 2042 καλός

3700 2678 3765 2894 ἐμφύντ’
3698 2353 3750 2642 ἀποθανεῖν
3697 1897 3763 2320 κάπιγράμματος
3701 1674 3763 1863 τυχεῖν.

3784 2930 3830 3019 His
3782 2713 3829 2886 auditis
3787 2525 3844 2667 pater
3785 2317 3845 2483 optat,
3784 2217 3826 2269 ut
3780 2008 3843 2173 potius
3780 1832 3842 1961 turpi
3780 1672 3828 1800 filius
3779 1482 3828 1638 forma
3782 1370 3840 1449 sit,

3877 2878 3924 3017 quam
3864 2653 3924 2855 propter
3860 2418 3924 2632 corporis
3863 2096 3906 2396 venustatem
3859 1892 3906 2076 animus
3859 1762 3906 1864 eius
3864 1371 3923 1730 corrumpatur:

3938 2711 4003 2891 γνώμῃ
3938 2515 4000 2678 σοφός
3956 2396 4001 2483 μοι
3936 2277 3988 2363 καὶ
3934 2144 4001 2244 χέρ’
3934 1863 4001 2109 ἀνδρείαν
3930 1694 4001 1829 ἔχοι·

4015 2171 4033 2198 'u

4017 2592 4082 2888 δύςμορφος
4016 2484 4083 2559 εἴη
4019 2238 4083 2449 μᾶλλον,
4035 2169 4081 2201 η
4016 1978 4075 2133 καλὸς
4015 1774 4075 1947 κακός.

4131 2909 4183 2951 *)
4132 2701 4187 2880 Fragm.
4132 2587 4172 2671 ine.
4129 2464 4171 2561 252.

4199 2905 4251 2965 Η’)
4199 2806 4241 2873 Cf.
4200 2610 4242 2774 Aelian.
4201 2532 4240 2578 V.
4202 2448 4242 2503 H.
4200 2297 4251 2415 XIII,
4199 2228 4240 2268 5.
4199 2019 4242 2183 Aelian.
4198 1876 4241 1988 Hist.
4199 1713 4241 1843 anim.
4198 1611 4250 1682 Vl,
4196 1513 4240 1579 14.
