5010 3336
995 679 1075 712 ἵζ’,Λ

1095 680 1107 685 ,
1124 680 1139 688 ,
1156 677 1215 686 ,4-
1229 679 1254 686 ι-
1275 678 1335 686 *ss
1348 676 1355 683 ⁴
1369 674 1507 685 “κ»“--·«”

741 686 745 687 ⁷
771 677 798 687 ,⁷5¹
804 682 850 689 —22
854 677 862 689 J

3961 2048 3993 2074 μ

3933 2045 3989 2168 034

3808 1257 3852 1311 ut
3807 1345 3855 1392 in
3806 1427 3855 1523 hoc
3800 1559 3851 1810 cardinem
3784 1857 3845 1975 poni
3792 2024 3827 2189 rerum
3772 2226 3829 2472 appareat.
3779 2542 3833 2748 Maioris
3772 2783 3819 2947 autem

3726 1255 3772 1495 momenti
3722 1541 3771 1634 fuit
3704 1678 3769 1910 Polydori
3703 1946 3748 2066 nex,
3693 2114 3757 2296 quippe
3691 2332 3738 2429 quo
3686 2467 3745 2733 superstite
3692 2770 3744 2948 Troia-

3648 1252 3680 1369 num
3629 1407 3677 1611 regnum
3637 1648 3683 1911 restaurari
3617 1956 3679 2231 potuisset3
3608 2280 3657 2450 regem
3620 2487 3653 2604 vcro
3602 2640 3663 2815 opibus
3611 2852 3659 2946 flo-

3566 1250 3609 1441 rentem
3563 1497 3606 1547 et
3559 1595 3608 1806 amicitia
3551 1856 3600 2101 exercitus
3546 2148 3596 2349 victoris
3538 2387 3588 2629 munitum
3536 2679 3584 2727 in
3518 2774 3579 2945 perni-

3487 1251 3536 1378 ciem
3466 1424 3529 1769 praecipitari,
3476 1824 3518 1875 et
3474 1912 3521 1971 ab
3468 2008 3519 2194 imbelli
3460 2230 3512 2494 mulierum
3455 2533 3500 2726 caterva
3438 2763 3499 2940 perfici

3394 1248 3453 1382 quod
3403 1417 3451 1497 vix
3385 1532 3445 1696 magni
3393 1728 3441 1973 exercitus
3374 2011 3435 2255 perficere
3367 2310 3428 2529 possint,
3359 2586 3408 2817 magnum
3368 2868 3411 2943 est

3328 1248 3370 1297 et
3323 1333 3369 1512 summi
3305 1557 3361 1738 poetae
3312 1785 3359 1949 studio
3293 1998 3357 2213 dignum.
3287 2298 3350 2468 ltaque
3282 2526 3342 2942 quemadmodum

3246 1242 3296 1292 in
3240 1329 3294 1518 Thesei
3226 1553 3287 1739 fabula,
3219 1776 3265 1919 quam
3228 1951 3262 2045 una
3226 2081 3258 2190 cum
3219 2221 3271 2460 Hecubae
3215 2494 3259 2653 actam
3212 2680 3245 2792 esse
3208 2822 3242 2941 con-

3151 1244 3214 1373 iicio,
3160 1400 3194 1496 non
3159 1522 3206 1569 in
3152 1598 3203 1839 Ariadnae
3149 1869 3183 2035 amore
3147 2059 3189 2141 aut
3128 2164 3192 2449 infortunio,
3137 2487 3184 2575 sed
3134 2606 3182 2656 in
3128 2686 3179 2938 sceleroso

3081 1240 3134 1442 homine
3063 1493 3124 1742 puniendo
3055 1795 3117 2079 populoque
3058 2133 3112 2511 Atheniensium
3056 2563 3086 2590 a
3046 2638 3095 2936 contumelia

3000 1240 3054 1496 liberando
2996 1533 3042 1682 cardo
2992 1719 3025 1884 rerum
2972 1920 3034 2158 vertitur,
2983 2204 3031 2273 ita
2980 2308 3013 2370 ne
2979 2404 3026 2451 in
2974 2488 3025 2697 Hecuba
2956 2732 3017 2934 quidem

2923 1239 2958 1372 mors
2903 1419 2966 1647 virginis,
2898 1699 2957 1919 quamvis
2891 1968 2954 2204 eximiae,
2901 2266 2948 2355 sed
2882 2404 2943 2584 perfidi
2875 2633 2938 2767 regis
2872 2815 2921 2934 sup-

2827 1237 2892 1468 plicium,
2820 1524 2881 1655 quod
2817 1712 2877 1850 quasi
2825 1897 2877 2106 inseriae
2818 2154 2870 2430 intersectis
2799 2483 2864 2737 obfertur,
2807 2793 2842 2934 sum-

2760 1235 2797 1364 mam
2755 1401 2791 1567 rerum
2736 1603 2801 1820 finisque
2746 1858 2791 1948 est.

2411 1394 2466 1463 Β.
2399 1550 2460 1947 Alcmene
2396 2013 2451 2191 sive
2370 2259 2447 2758 Licymnius,

2265 1358 2319 1625 Alcmenae
2261 1661 2312 1858 fabulae
2244 1894 2291 2104 nomen,
2255 2146 2286 2172 a
2238 2208 2303 2415 Plauto,
2232 2464 2298 2711 Stobaeo,
2226 2759 2292 2926 Hesy-

2179 1225 2241 1368 chio,
2185 1420 2236 1625 Polluce
2183 1663 2225 1712 et
2178 1749 2227 2016 scholiasta
2157 2049 2222 2400 Aristophanis
2153 2438 2214 2704 traditum,
2164 2755 2211 2803 in
2161 2841 2208 2926 Al-

2111 1220 2159 1348 bano
2093 1386 2149 1640 spectatae
2102 1676 2149 1795 fidei
2096 1832 2138 2151 monumento
2090 2188 2139 2426 omissum
2077 2465 2129 2565 est,
2085 2615 2133 2745 unde
2082 2797 2130 2923 alte-

2030 1220 2062 1330 rum
2027 1369 2075 1533 eidem
2022 1570 2055 1751 nomen
2019 1799 2069 1955 fuisse
2013 2003 2066 2297 WVelckerus
2010 2352 2051 2491 recte
1994 2540 2055 2780 coniecit,
2003 2832 2050 2922 sed

1950 1218 1998 1350 idem
1948 1390 1979 1500 cum
1923 1538 1993 1950 Rhadamanthyc
1936 1988 1968 2096 eam
1917 2135 1979 2436 coniungens
1926 2475 1960 2673 errasse
1923 2709 1972 2919 videtur.

1855 1217 1919 1449 Spuriam
1865 1499 1912 1627 enim
1861 1675 1910 1809 illam
1844 1857 1902 2166 tragoediam
1852 2204 1895 2255 et
1837 2293 1883 2386 per
1848 2422 1881 2641 errorem
1829 2688 1895 2918 Euripidi

1771 1215 1836 1516 adscriptam
1783 1554 1833 1713 fuisse
1779 1760 1822 1934 auctor
1761 1968 1823 2125 vitae,
1758 2178 1804 2305 quae
1770 2344 1813 2420 est
1769 2455 1817 2502 in
1765 2539 1815 2650 cod.
1750 2684 1815 2915 MedioL,

1694 1213 1753 1458 testatur3
1700 1497 1752 1786 Alcmenam
1697 1818 1740 1992 contra
1679 2027 1726 2117 pro
1675 2154 1738 2363 genuina
1688 2389 1737 2608 habitam
1685 2635 1718 2747 esse
1683 2776 1730 2917 testi-

1616 1212 1676 1327 bus,
1611 1380 1657 1502 quos
1607 1555 1670 1798 diximus,
1613 1850 1662 2152 credendum
1609 2204 1654 2293 est.
1592 2374 1658 2666 Coniugium
1589 2715 1650 2914 quidem

1545 1211 1597 1477 Alcmenae
1528 1505 1585 1653 atque
1517 1669 1588 2097 Rhadamanthyis
1528 2125 1572 2565 commemoratum
1526 2591 1573 2649 ab
1506 2674 1573 2914 Euripide

1467 1210 1517 1368 fuisse
1450 1396 1496 1486 pro
1460 1524 1503 1661 certo
1454 1698 1506 1951 affirmare
1450 1985 1500 2102 licet
1434 2138 1491 2420 propterea,
1433 2458 1495 2589 quod
1444 2624 1492 2671 in
1425 2710 1490 2909 anagly-

1374 1208 1435 1322 phis
1368 1349 1434 1626 Cyzicenis,
1364 1662 1410 1870 quorum
1370 1907 1413 2080 auctor
1353 2113 1401 2272 paene
1351 2296 1415 2478 ubique
1348 2507 1414 2799 Euripidem
1361 2833 1393 2910 se-

1307 1207 1351 1352 cutus
1293 1386 1346 1488 est,
1296 1537 1349 1783 Hercules
1291 1832 1335 2043 matrem
1288 2091 1337 2141 in
1272 2179 1319 2378 campos
1270 2427 1333 2658 Elysios,
1280 2707 1330 2908 Rhada-

1210 1204 1272 1427 manthyi
1203 1486 1262 1779 nupturam,
1209 1830 1259 2081 abducens
1204 2131 1254 2476 exhibebatur.
1202 2557 1253 2746 Verum
1200 2798 1232 2907 eam

1143 1204 1191 1463 materiam
1140 1499 1173 1595 non
1136 1633 1182 1727 toti
1118 1763 1177 2045 tragoediae
1112 2082 1177 2397 formandae,
1124 2443 1173 2532 sed
1121 2570 1170 2725 exitui
1120 2761 1169 2906 dum-

1065 1202 1110 1340 taxat
1047 1375 1106 1700 temperando
1037 1736 1095 1899 aptam
1048 1938 1099 2094 fuisse
1031 2129 1094 2329 planum
1044 2367 1087 2457 est.

980 1336 1032 1571 Profecto
974 1619 1008 1713 non
957 1776 1013 2044 potuerunt
966 2088 1014 2216 vitae
964 2266 996 2408 casus
952 2455 1011 2751 Alcmenae,
959 2803 1007 2899 nisi

904 1200 948 1285 aut
901 1331 934 1443 cum
895 1491 946 1722 Herculis
892 1770 934 1856 aut
888 1906 921 2017 cum
883 2064 934 2443 Heraclidarum
882 2477 932 2597 satis
863 2634 928 2900 coniunge-

811 1198 867 1394 rentur,
819 1442 866 1503 ad
811 1550 865 1867 efficiendam
807 1913 856 2061 ullam
790 2097 851 2398 tragoediam
799 2436 851 2691 sufficere.
798 2762 847 2898 Idem

744 1196 793 1244 in
725 1289 791 1597 Licymnium
716 1649 780 1804 cadit,
727 1853 776 1993 cuius
723 2039 759 2218 nomen
722 2267 771 2350 uni
706 2395 770 2652 Euripidis
701 2700 762 2897 tragoe-
