5010 3336
1035 2128 1090 2236 481

1190 2871 1239 3014 victis
1204 2809 1235 2836 a
1184 2482 1234 2775 Phormione
1178 2017 1235 2445 Lacedaemoniis,
1175 1639 1223 1965 Athenienses
1172 1350 1219 1602 dedicare-2

1274 2879 1326 3012 rant,
1282 2754 1330 2842 per
1263 2470 1327 2719 prolepsin
1279 2408 1308 2434 a
1260 2223 1306 2373 choro
1256 1977 1319 2185 spectari
1260 1883 1300 1931 01
1253 1572 1313 1835 imagines,
1252 1349 1314 1520 quibus

1348 2784 1397 3014 distincta
1346 2626 1398 2747 erat,
1338 2262 1388 2587 demonstrari
1335 2039 1381 2225 faceret
1332 1940 1395 2004 *>.
1334 1734 1392 1869 Quae
1348 1620 1377 1697 res
1347 1486 1392 1582 quo
1346 1350 1376 1450 ma-

1429 2940 1490 3012 gis
1424 2734 1487 2878 plana
1422 2611 1467 2675 sit
1420 2306 1475 2553 omnibus,
1414 2011 1460 2239 mulieres
1412 1756 1458 1951 easdem
1411 1457 1470 1687 imagines
1409 1348 1456 1397 in

1504 2867 1570 3014 peplo
1501 2465 1548 2825 Panathenaico
1515 2398 1544 2423 a
1512 2308 1541 2361 se
1494 2077 1554 2272 depingi
1492 1872 1537 2027 solere
1491 1562 1550 1835 significant
1483 1346 1549 1538 (ἐμαῖσι,

1580 2726 1647 3013 μυθεύεται
1578 2552 1641 2693 παρὰ
1575 2307 1641 2516 πήναις)
1572 2183 1633 2283 **).
1571 1905 1632 2114 Figuras
1570 1604 1631 1866 scalpendo
1569 1532 1614 1577 in
1568 1341 1630 1503 lapide

1678 2751 1726 3011 expressas
1677 2648 1707 2703 ae
1659 2424 1706 2597 deinde
1653 2137 1700 2378 coloribus
1650 1836 1695 2085 distinctas
1648 1636 1693 1791 fuisse
1664 1460 1693 1567 011111
1646 1342 1694 1404 G.

1742 2727 1790 3011 Hermanno
1744 2532 1785 2690 statuo
1731 2418 1795 2496 (ἐν
1727 1896 1789 2385 τύκεζισικλαῖῖνοισι).
1726 1595 1772 1824 Ceterum
1727 1470 1773 1569 noli
1727 1341 1773 1436 1100

1837 2815 1869 3010 carmen
1820 2731 1866 2779 in
1815 2443 1865 2697 duodecim
1814 2332 1859 2406 vel
1811 2017 1873 2293 quindecim
1807 1732 1853 1980 hominum
1820 1561 1851 1701 voces
1805 1344 1852 1522 discin-

1902 2860 1949 3007 dere:
1897 2536 1944 2807 diverbium
1894 2371 1940 2500 enim
1894 2133 1939 2334 duarum
1888 1959 1935 2094 chori
1886 1719 1948 1925 partium
1900 1572 1930 1681 esse
1884 1338 1949 1535 planum

1986 2916 2029 3006 est.
1979 2739 2026 2846 Non
1990 2615 2039 2704 pro
1973 2447 2020 2578 inani
1975 2122 2019 2403 ornamento
1969 1960 2014 2084 hanc
1964 1756 2027 1924 templi
1963 1340 2025 1721 descriptionem

2064 2923 2106 3004 aut
2058 2765 2103 2889 hanc
2055 2472 2102 2729 mulierum
2052 2132 2113 2434 voluptatem
2046 1899 2094 2104 dramati
2044 1474 2090 1875 intexuitnoster.
2043 1336 2105 1437 Ap-

2142 2867 2201 3007 paret
2136 2694 2181 2822 enim
2134 2552 2179 2648 hoc
2133 2408 2178 2518 ideo
2131 2093 2177 2369 institutum
2143 1913 2183 2054 esse,
2139 1764 2185 1857 quo
2123 1512 2168 1725 Creusae
2122 1336 2168 1476 dolor

2223 2860 2278 3005 atque
2213 2544 2275 2813 indignatio
2212 2341 2274 2493 magis
2210 1962 2268 2293 insigniretur:
2204 1700 2251 1925 lacrimas
2202 1536 2247 1662 enim
2200 1332 2247 1497 fundit

2296 2831 2342 3003 aedem
2292 2714 2338 2793 dei
2290 2149 2352 2679 magnilicentissimanl
2285 1679 2349 2118 pulcerrimamque
2280 1334 2341 1655 conspiciens,

2375 2865 2422 3001 cuius
2373 2591 2432 2829 adspectu
2371 2465 2416 2544 alii
2369 2256 2431 2428 gaudio
2367 2074 2412 2204 al'liei
2365 1850 2411 2024 solent.
2362 1477 2407 1777 Generosam
2376 1334 2406 1441 mu-

2453 2872 2500 3004 lieris
2450 2601 2513 2817 Speciem
2450 2288 2495 2553 admiratus
2445 2051 2492 2237 iuvenis
2442 1755 2503 1997 simulque
2441 1576 2486 1720 animi
2439 1332 2499 1539 quadam

2531 2674 2596 3004 propensione
2528 2447 2585 2637 ductus,
2544 2307 2590 2399 qua
2525 2030 2587 2270 sanguinis
2521 1579 2585 1992 propinquitatem
2519 1327 2564 1544 divinare

2610 2792 2667 3005 videtur,
2609 2692 2655 2754 de
2609 2481 2669 2654 patria,
2607 2383 2651 2441 de
2621 2152 2666 2346 genere,
2603 2052 2648 2112 de
2602 1746 2657 2025 maioribus,
2600 1648 2645 1709 de
2598 1428 2653 1621 marito,
2598 1328 2643 1389 (10

2703 2828 2737 3001 caussa
2687 2571 2733 2793 veniendi
2686 2335 2747 2535 quaerit.
2684 2060 2729 2262 Gratam
2680 1645 2728 2023 Atheniensibus
2676 1441 2722 1595 fuisse
2690 1329 2721 1405 ar—

2768 2845 2816 3001 bitror
2766 2507 2826 2797 religionum
2764 2091 2821 2461 sabularumque
2760 1771 2821 2041 patriarum
2755 1326 2818 1720 explicationem.

2846 2763 2892 2999 Ceterum
2844 2510 2888 2726 Creusae
2842 2290 2887 2475 animus
2840 2091 2886 2256 multis
2838 1898 2884 2054 modis
2837 1658 2882 1865 laeditur
2835 1508 2881 1623 lone
2834 1323 2880 1477 inscio

2923 2809 2985 2997 singula
2922 2465 2983 2761 attingente,
2935 2294 2981 2415 quae
2919 2044 2963 2247 iniuriae
2917 1658 2976 1993 malorumque
2913 1323 2959 1609 memoriam

3007 2752 3058 3001 revocent,
3005 2666 3046 2715 et
2998 2366 3060 2631 praecipue
2998 2270 3043 2331 de
2997 2079 3059 2235 longis
2997 1844 3057 2043 rupibus
2993 1490 3052 1795 sciscitante,
3007 1323 3053 1441 qua—

3096 2888 3128 2999 rum
3080 2807 3125 2854 in
3070 2635 3125 2771 anti-0
3076 2408 3137 2600 fulgura
3076 2133 3138 2373 Apollinis
3073 1809 3136 2087 pythaistae
3074 1503 3118 1762 observare
3070 1322 3117 1453 sole-

3160 2880 3208 2998 bant
3158 2722 3218 2844 )
3155 2522 3202 2651 Miro
3161 2324 3201 2484 autem
3155 2126 3201 2269 modo
3154 1942 3199 2089 etiam
3151 1718 3196 1903 Creusa
3150 1478 3194 1683 invicem
3150 1322 3194 1441 ado-

3238 2765 3286 2999 lescentis
3236 2493 3298 2729 adspectu
3235 2210 3292 2454 aflicitur,
3234 2022 3279 2158 cuins
3232 1873 3277 1985 dum
3229 1656 3276 1836 natalia
3233 1475 3287 1620 atque
3226 1320 3273 1439 edu-

3318 2754 3365 2994 cationem
3316 2420 3371 2716 sciscitatur,
3314 2248 3373 2381 qnasi
3329 2127 3358 2211 51111
3316 1946 3373 2090 atque
3309 1832 3355 1917 lilii
3308 1729 3354 1803 sui
3308 1607 3353 1703 sata
3306 1318 3369 1575 percipere

3389 2899 3446 3008 'sibi
3395 2657 3442 2865 videtur.
3394 2258 3453 2586 Quamobrem
3408 2074 3453 2221 quum
3391 1902 3435 2025 1111110
3390 1698 3449 1854 ipsam
3388 1592 3433 1651 ob
3400 1318 3431 1541 caussam

3475 2775 3534 2994 venerIt,
3479 2681 3521 2737 ut
3473 2447 3519 2647 absente
3472 2244 3517 2417 marito
3469 1908 3531 2205 (Trophonii
3469 1746 3514 1872 enim
3466 1459 3512 1707 oraculum
3463 1319 3510 1421 Xu-

3555 2849 3614 2993 thus,
3554 2520 3616 2801 priusquam
3550 2270 3613 2483 Delphos
3550 1806 3611 2233 proficisceretur,
3545 1577 3590 1757 adiisse
3540 1319 3603 1542 fingitur)

3634 2900 3681 2991 filii
3632 2653 3694 2864 expositi
3631 2373 3677 2620 fortunam
3644 2264 3675 2322 ex
3628 2026 3674 2227 Phoebo
3627 1627 3681 1989 sciscitaretur,
3621 1316 3668 1576 consilium

3729 2879 3760 2989 cum
3712 2728 3758 2844 Ione
3710 2339 3764 2691 communicat,
3724 2143 3769 2301 neque
3712 1948 3753 2108 tamen
3721 1857 3751 1910 se
3706 1642 3766 1822 ipsam,
3701 1504 3748 1591 sed
3699 1316 3746 1467 soda-

3791 2868 3839 2990 lium
3790 2606 3853 2832 aliquam,
3790 2518 3835 2576 ab
3788 2254 3851 2480 Apolline
3791 1958 3849 2228 stupratam
3800 1812 3831 1921 esse
3783 1654 3841 1786 dicit,
3781 1482 3827 1619 cuius
3793 1316 3825 1451 caus-

3886 2886 3918 2990 sam
3887 2824 3917 2851 a
3886 2732 3917 2786 se
3874 2418 3932 2697 susceptam
3884 2272 3915 2382 esse
3867 2084 3929 2234 lingit.
3865 1921 3913 2013 Cui
3864 1802 3912 1886 lon
3864 1709 3910 1767 ab
3862 1563 3908 1659 hoc
3856 1315 3906 1518 consilio

4050 2882 4102 2931 >³)
4050 2746 4091 2853 Vide
4050 2464 4104 2717 Musgravii
4052 2283 4089 2433 notam
4049 2196 4088 2252 ad
4049 2122 4088 2166 11,
4050 2061 4087 2089 l.

4119 2879 4172 2955 W)
4120 2783 4159 2850 De
4120 2664 4159 2753 hoc
4121 2501 4173 2633 peplo
4119 2366 4160 2468 vide
4119 2135 4159 2334 Boeckh.
4117 2023 4157 2101 Gr.
4120 1876 4171 1990 trag.
4114 1708 4170 1844 princ.
4127 1633 4165 1674 p-
4108 1518 4149 1600 191
4120 1371 4158 1489 8ΟΨ1·

4188 2883 4242 2985 Mi)
4188 2783 4231 2850 cf.
4188 2579 4245 2751 Musgr.
4190 2492 4231 2549 ad
4204 2420 4231 2462 v.
4187 2290 4230 2387 285,

4257 1648 4299 1702 31
