5010 3336
3298 3289 3303 3296 ·
3288 3200 3318 3246 lill-

3464 3267 3473 3273 ι
3450 3205 3477 3241 dil-

3548 3293 3554 3298 ·
3529 3203 3559 3263 *llll*

1228 1988 1281 2268 Ion.

1231 2394 1285 2457 O.

1383 2735 1434 2924 Fabula
1395 2646 1428 2704 ex
1392 2435 1441 2615 genere
1388 2243 1422 2407 earum
1375 2126 1428 2218 est,
1381 1981 1430 2100 quas
1362 1706 1411 1954 intricatas
1348 1388 1416 1687 (πεπλεγμέ-

1467 2935 1530 3054 νας)
1460 2636 1526 2898 appellavit
1455 2291 1507 2602 Aristotcles.
1448 2028 1497 2223 Etenim
1459 1884 1492 1978 non
1440 1604 1503 1841 gravitate
1447 1385 1490 1569 rerum,

1563 2955 1596 3053 non
1542 2662 1591 2919 atrocitate
1537 2363 1591 2629 malornm,
1546 2222 1577 2315 non
1524 1783 1588 2175 magnanimitate
1518 1671 1564 1747 vel
1512 1381 1562 1639 insolentia

1624 2768 1679 3052 hominum,
1634 2621 1666 2717 non
1615 2373 1663 2586 novitate
1607 2037 1663 2337 facinorum,
1618 1893 1650 1986 non
1615 1672 1646 1857 morum
1592 1380 1654 1633 exemplis,

1705 2958 1753 3047 sed
1700 2674 1750 2922 erroribus
1693 2345 1743 2638 turbulentis
1693 2258 1735 2309 et
1685 1980 1748 2223 agnitione
1680 1696 1742 1945 inopinata
1679 1534 1721 1669 tenet
1687 1379 1734 1494 spe-

1789 2817 1832 3046 ctatores.
1779 2696 1825 2748 ln
1791 2566 1837 2661 quo
1786 2338 1837 2519 genere
1782 2145 1830 2292 quum
1762 1954 1810 2108 nostri
1764 1726 1823 1903 poetae
1754 1585 1801 1693 sere
1764 1378 1797 1548 omnes

1879 2900 1926 3045 quam
1856 2488 1922 2861 diligentissime
1865 2280 1899 2452 cavere
1847 2052 1902 2253 soleant,
1858 1955 1889 2016 ne
1838 1804 1902 1920 quid
1836 1716 1882 1778 de
1838 1514 1880 1689 eventu
1833 1374 1875 1486 ante

1945 2888 2006 3044 ipsam
1937 2510 1987 2853 difficultatum
1931 2184 1979 2473 solutionem
1923 1875 1975 2147 indicetur,
1928 1546 1975 1837 omnemque
1908 1371 1956 1507 dele-

2023 2787 2070 3043 ctationem
2019 2714 2065 2761 in
2031 2629 2063 2687 eo
2013 2397 2077 2607 positam
2023 2249 2055 2359 esse
2004 1998 2058 2230 iudicent,
2003 1909 2047 1963 ut
2014 1786 2061 1874 par
1996 1699 2042 1759 sit
2006 1491 2049 1675 eorum,
1987 1370 2051 1453 qni

2105 2782 2166 3040 spectant,
2100 2585 2157 2733 atque
2106 2337 2148 2537 eorum,
2100 2086 2149 2287 quorum
2096 1942 2127 2048 sors
2082 1710 2139 1905 agatur,
2068 1371 2135 1662 ignorantia,

2178 2773 2242 3040 Euripides
2182 2570 2223 2738 contra
2172 2430 2218 2523 deo
2167 2157 2215 2393 arcessito
2160 1872 2208 2120 erroribus
2154 1602 2203 1825 omnibus
2154 1368 2212 1565 specta-

2267 2877 2309 3039 torum
2269 2580 2305 2840 occurrere
2256 2494 2297 2545 et
2250 2382 2296 2444 de
2250 2160 2295 2335 eventu
2255 1948 2289 2114 rerum
2236 1698 2284 1899 eosdem
2229 1364 2294 1651 planissime

2342 2858 2388 3038 docere
2333 2633 2382 2817 maluit.
2329 2326 2377 2565 Nimirum
2340 2183 2372 2277 non
2314 1715 2384 2136 praestigiatoris,
2310 1576 2358 1663 sed
2312 1362 2372 1539 poetae

2432 2774 2484 3035 personam
2413 2645 2461 2737 sibi
2408 2374 2474 2610 agendam
2421 2226 2453 2337 esse
2402 2025 2457 2189 duxit,
2403 1928 2444 1976 et
2396 1587 2442 1880 consecutus
2394 1460 2436 1535 est
2386 1360 2445 1426 id,

2504 2978 2547 3034 ut
2496 2885 2544 2943 ad
2494 2604 2541 2846 actionum
2486 2191 2535 2552 contentionem
2486 2092 2529 2143 et
2490 1766 2526 2045 sermonum
2470 1360 2533 1730 ambiguitatem

2578 2821 2626 3031 animum
2571 2505 2619 2785 liberiorem
2566 2088 2618 2467 attenderemus,
2572 1893 2619 2052 neque
2550 1547 2615 1872 cognoscendi
2562 1358 2595 1524 rerum

2659 2765 2705 3031 decursum
2650 2514 2697 2729 studium
2645 2272 2699 2476 minuit,
2641 2133 2688 2221 sed
2638 1938 2695 2098 auxit,
2639 1831 2679 1887 ut
2631 1650 2678 1798 falsas
2627 1358 2692 1613 opiniones

2752 2914 2785 3026 cum
2732 2672 2781 2878 veritate
2729 2302 2790 2639 comparantes
2717 1940 2769 2277 vehementius
2724 1479 2760 1914 commoveremur.
2708 1356 2755 1443 At-

2816 2940 2879 3025 qui
2827 2747 2875 2905 neque
2807 2421 2871 2712 imperitiam
2818 2232 2866 2391 neque
2798 1973 2864 2211 ignaviam
2799 1776 2859 1953 poetae
2804 1531 2838 1750 caussam
2786 1354 2832 1508 fuisse

2892 2786 2960 3028 prooemii
2884 2404 2952 2748 praemittendi
2883 2320 2928 2369 in
2882 2194 2927 2285 hac
2878 1966 2940 2163 quidem
2873 1766 2921 1930 fabula
2869 1520 2932 1729 quilibet
2864 1353 2912 1497 intel-

2975 2903 3038 3024 ligit.
2970 2710 3019 2835 Nam
2968 2529 3015 2673 etiam
2966 2326 3012 2493 demto
2961 2209 3008 2292 illo
2958 2053 3005 2173 nihil
2952 1797 3003 2005 dramati
2950 1575 2995 1750 deesse
2944 1352 2993 1541 videbi-

3058 2917 3102 3023 tur:
3064 2708 3111 2869 neqne
3047 2546 3094 2673 enim
3059 2388 3106 2499 pars
3041 2096 3088 2338 actionum
3040 1946 3093 2047 est,
3032 1806 3081 1896 sed
3029 1608 3077 1760 oratio
3027 1512 3073 1562 in
3040 1349 3072 1465 con-

3134 2882 3181 3019 cione
3126 2669 3176 2846 theatri
3124 2472 3171 2634 habita
3127 2323 3169 2434 ante
3120 2109 3166 2292 initium
3117 1822 3162 2081 actionum.
3109 1686 3155 1753 Et
3110 1461 3170 1653 poterat
3121 1347 3151 1427 ea-

3212 2905 3259 3018 dem
3208 2722 3256 2870 verba
3204 2505 3261 2696 histrio,
3217 2373 3248 2467 non
3200 2140 3246 2345 alienam
3209 1833 3259 2111 personam,
3190 1709 3236 1797 sed
3203 1532 3234 1669 suam
3199 1347 3248 1494 agens

3292 2835 3348 3019 facere,
3288 2758 3333 2797 si
3283 2510 3348 2721 dignitas
3279 2190 3344 2473 tragoediae
3278 2060 3323 2155 hoc
3277 1757 3337 2023 pateretur.

3365 2680 3429 2884 Delphis
3364 2604 3411 2652 in
3363 2412 3408 2576 limine
3358 2217 3421 2388 templi
3354 1959 3419 2196 Apollinis
3367 1853 3399 1931 res
3351 1609 3413 1832 aguntur,
3349 1532 3392 1580 et
3342 1342 3408 1511 prodit

3447 2714 3503 3015 MercuriuS,
3444 2604 3505 2683 qui
3440 2343 3505 2582 quondam
3439 2119 3486 2319 Athenis
3436 1927 3482 2091 ionem
3446 1852 3478 1910 ex
3429 1632 3486 1832 Creusa,
3421 1340 3474 1615 Erechthei

3530 2880 3587 3010 filia,
3531 2667 3574 2832 natum
3529 2571 3570 2619 et
3522 2489 3568 2537 in
3525 2313 3567 2453 antro
3519 2058 3580 2276 rupium,
3527 1888 3575 2011 quae
3509 1603 3568 1854 Longae
3502 1342 3566 1558 appella-

3611 2832 3658 3010 bantur
3604 2714 3667 2785 (in
3599 2309 3665 2678 septentrionali
3595 1983 3659 2272 Acropolios
3591 1738 3654 1938 regione
3601 1544 3648 1691 supra
3585 1340 3646 1502 ipsum

3691 2763 3738 3011 theatrum
3683 2602 3739 2725 situ,
3698 2468 3745 2563 quo
3680 2256 3727 2429 eodem
3677 2095 3722 2202 loco
3674 1871 3721 2056 Creusa
3670 1778 3716 1837 ab
3666 1515 3729 1742 Apolline
3678 1337 3709 1479 com-

3782 2834 3834 3007 pressa
3762 2676 3824 2799 erat)
3762 2363 3826 2638 expositum
3755 2132 3804 2327 sustulit
3751 1870 3817 2109 Apollinis
3752 1659 3810 1835 rogatu
3761 1572 3791 1628 ac
3741 1335 3804 1553 Delphos

3845 2781 3911 3004 pertulIt‚
3843 2660 3891 2746 ubi
3843 2575 3890 2626 in
3840 2310 3906 2541 gradibus
3834 2118 3898 2286 templi
3849 1980 3880 2088 cum
3828 1790 3878 1953 arcula
3832 1711 3875 1762 et
3825 1526 3873 1691 fasciis
3822 1334 3868 1501 iacens

3929 2783 3975 3005 inventus
3941 2719 3971 2746 a
3921 2428 3970 2684 sacerdote
3918 2025 3977 2382 susceptusque
3916 1885 3958 1975 est.
3907 1725 3955 1817 His
3902 1454 3968 1687 expositis
3901 1332 3947 1419 ad-

4005 2931 4053 3002 dit
4020 2649 4067 2883 puerum,
4002 2455 4049 2592 cuius
4000 2192 4062 2420 parentes
3994 1790 4055 2158 ignorarentur,
3984 1613 4049 1742 apud
3997 1458 4030 1565 aras
3979 1331 4026 1411 dei

4085 2820 4132 3002 victum
4082 2527 4139 2787 invenisse,
4079 2261 4133 2489 eundem,
4090 2114 4122 2224 cum
4071 1886 4119 2080 adultus
4072 1705 4124 1853 esset,
4064 1331 4111 1671 thesaurorum

4162 2745 4213 3001 custodem
4178 2664 4209 2692 a
4160 2425 4225 2630 Delphis
4154 2056 4206 2370 constitutum
4166 1898 4200 2009 esse
4153 1802 4198 1852 et
4148 1711 4194 1759 in
4141 1458 4191 1663 delubro
4137 1330 4185 1412 dei
