5010 3336
3875 2092 3932 2214 392

3749 1316 3801 1643 confirmatur
3748 1678 3796 1801 haec
3739 1836 3791 2113 coniectura
3720 2148 3784 2424 fragmento
3714 2461 3776 2670 septimo
3736 2708 3744 2768 -

3653 1442 3719 1563 τιμή
3669 1599 3718 1641 σ’
3651 1677 3721 1875 ἐπαίρει
3660 1909 3710 2015 τῶν
3646 2049 3708 2205 πέλας
3640 2239 3701 2441 μᾶλλον
3634 2476 3692 2702 φρονεῖν
3655 2736 3662 2797 —-

3578 1312 3640 1445 quod
3590 1480 3638 1577 huc
3574 1612 3633 1860 pertinere
3565 1897 3619 2098 apparet
3576 2135 3607 2193 ex
3572 2231 3620 2382 schol.
3570 2420 3617 2475 Il.
3554 2514 3616 2595 Vl,
3564 2632 3611 2756 155:
3545 2793 3613 2994 λέγεται

3513 1311 3564 1368 δὲ
3501 1404 3561 1582 αὐτὸν,
3491 1619 3562 2012 ἐπαρθέντα
3482 2047 3549 2137 ἐφ’
3484 2175 3550 2272 οἷς
3475 2308 3545 2575 ἔπραξε,
3466 2611 3531 2832 θελῆσαι
3465 2866 3528 2994 μετὰ

3432 1306 3479 1405 τοῦ
3414 1452 3478 1709 Πηγάσου
3423 1756 3473 1874 τὸν
3404 1908 3469 2209 οὐρανὸν
3402 2253 3458 2740 κατοπτεῦσαι.
3396 2803 3449 2993 Deinde

3352 1304 3400 1482 maiori
3331 1529 3395 1715 impetu
3326 1754 3393 1971 Pegasus
3337 2018 3383 2061 in
3332 2116 3381 2265 altum
3325 2317 3376 2593 enitebatur
3323 2642 3370 2718 vel
3321 2754 3370 2875 llaec
3319 2912 3368 2989 vel

3271 1307 3320 1482 similia
3267 1518 3315 1711 dicente
3243 1746 3313 2156 Bellerophonte:

3174 1434 3241 1506 μή
3175 1541 3220 1631 μοι
3169 1665 3233 1907 σοβαρῶς
3164 1939 3227 2093 χώρει
3173 2126 3224 2243 λίαν

3098 1434 3165 1601 εὐθὺς
3106 1635 3157 1724 ἀπ’
3084 1760 3153 1947 ἀρχῆς,
3079 1986 3149 2134 ῥώμῃ
3078 2170 3143 2404 πίσυνος,

3015 1432 3079 1557 πρὶν
3027 1594 3077 1660 etv
3007 1697 3075 1866 ἰδίσῃς
3019 1900 3070 1988 καὶ
2995 2026 3067 2276 διαλύσῃς

2934 1431 2999 1656 ἄρθρων
2934 1695 2999 1809 ἶνας
2921 1846 2987 2119 πτερύγων
2914 2154 2984 2310 ῥύμῃ,

2853 1425 2925 1558 κᾷτα
2850 1595 2916 1858 δρομαίαν
2840 1892 2907 2106 πτέρυγ’
2847 2143 2905 2387 ἐκτείνων

2773 1427 2840 1604 ὀρθῶς
2768 1638 2833 1791 χώρει
2767 1826 2828 1959 Διὸς
2764 1995 2825 2066 εἰς
2760 2100 2821 2279 αὐλάς.

2706 1428 2757 1580 Chori
2688 1601 2748 1842 carminis,
2682 1882 2742 2010 quod
2693 2030 2741 2158 hunc
2690 2180 2733 2342 actum
2671 2366 2735 2651 excipiebat,
2666 2687 2713 2799 pars
2677 2825 2729 2978 fuisse

2617 1292 2673 1500 possunt
2625 1548 2674 1628 illa
2603 1667 2670 2007 Aristophanis
2614 2046 2646 2086 v.
2596 2125 2656 2263 735,
2593 2314 2639 2436 quae
2590 2472 2651 2710 tragicum
2597 2762 2647 2976 colorem

2549 1289 2602 1476 habere
2544 1512 2591 1665 sensit
2537 1701 2589 1937 Botllius:

2453 1423 2519 1492 ἣν
2447 1524 2515 1708 ἔχομεν
2458 1743 2512 1873 ὁδὸν
2440 1907 2505 2097 λόγων,

2368 1419 2438 1673 εἴπωμεν,
2379 1712 2431 1810 ὅσα
2377 1844 2409 1897 τε
2364 1933 2418 2064 νοῦς
2356 2099 2425 2211 ἔχει.

2303 1287 2358 1525 Prodibat
2300 1574 2349 1750 deinde
2285 1787 2342 2014 nuntius,
2277 2067 2322 2209 quem
2289 2259 2320 2352 non
2271 2403 2334 2571 utique
2282 2620 2332 2766 deum
2278 2814 2327 2972 fuisse

2226 1284 2262 1492 necesse
2222 1547 2263 1635 est.
2218 1708 2267 1833 Nam
2217 1880 2262 1920 si
2215 1969 2261 2029 ad
2209 2066 2261 2389 Phaethontis
2205 2436 2237 2629 cursum
2197 2682 2249 2968 intuendum

2144 1283 2194 1565 mortalium
2141 1603 2187 1730 oculi
2128 1767 2184 2099 suffecerunt,
2132 2154 2178 2306 multo
2114 2355 2174 2508 magis
2110 2545 2172 2717 Pegasi
2118 2753 2167 2966 volatum

2068 1280 2118 1430 iidem
2047 1467 2108 1699 persequi
2046 1734 2101 2015 potuerunt.
2054 2088 2103 2160 De
2051 2212 2098 2349 cuins
2047 2400 2095 2588 volatus
2043 2627 2083 2806 eventu
2039 2842 2087 2965 haec

1986 1280 2037 1578 conferenda
1982 1615 2025 1728 sunt
1963 1772 2026 2062 scriptorum
1970 2111 2020 2422 testimonia:
1950 2491 2014 2799 Asclepiadis
1945 2836 2006 2964 apud

1934 2595 1941 2615 a»

1911 1280 1959 1436 schol.
1904 1475 1956 1528 ll,
1896 1567 1953 1639 V,
1901 1690 1948 1809 155:
1897 1845 1947 1939 τὸν
1895 1972 1946 2042 ,δὲ
1895 2077 1943 2184 Δία
1876 2219 1940 2512 μηνίσαντα
1870 2548 1932 2830 οἰστρον
1864 2865 1933 2962 έμ-

1808 1235 1819 1246 ,
1817 1277 1882 1518 βαλεῖν
1803 1569 1872 1897 Πηγάσῳ,
1806 1960 1868 2083 ὥςτε
1810 2131 1866 2364 ἐκπεσεῖν
1794 2420 1858 2516 μὲν
1804 2565 1855 2658 τὸν
1785 2707 1850 2962 Βελλερο-

1732 1276 1800 1481 φόντην
1745 1527 1795 1615 καὶ
1720 1661 1783 2040 κατενεχθῆναι
1723 2086 1783 2157 εἰς
1729 2202 1783 2260 τὸ
1716 2310 1777 2514 Λυκίας
1721 2557 1772 2740 πεδίον
1719 2774 1770 2833 τὸ
1716 2868 1768 2958 ἀπ’

1668 1276 1721 1446 αὐτοῦ
1646 1480 1712 1814 καλούμενον
1639 1840 1711 2049 Ἀλήϊον
1638 2066 1701 2265 πεδίον,
1644 2302 1698 2532 άλᾶσθαι
1642 2567 1694 2624 δὲ
1639 2646 1691 2777 κατὰ
1635 2796 1683 2957 τοῦτο

1569 1271 1636 1606 πηρωθέντα,
1579 1644 1629 1738 τὸν
1577 1772 1630 1828 δὲ
1572 1870 1626 2032 ἵππον
1554 2065 1619 2248 λαβεῖν
1551 2275 1618 2371 τὴν
1553 2399 1621 2523 Ἠῶ,
1546 2560 1612 2842 δεηθεῖσαν
1553 2858 1600 2957 τοῦ

1498 1271 1559 1406 Διὸς
1488 1450 1556 1627 δῶρον
1484 1674 1546 1807 πρὸς
1493 1841 1548 1900 τὸ
1480 1950 1543 2160 άκόπως
1473 2206 1538 2461 περιιέναι
1471 2496 1533 2588 τὰς
1477 2619 1524 2716 τοῦ
1460 2750 1526 2954 κόσμου

1411 1268 1476 1566 περιόδους.
1414 1606 1468 1927 Schol.Pind.
1413 1960 1461 2038 Ol.
1396 2065 1459 2195 XIII,
1407 2215 1454 2335 130:
1390 2373 1453 2505 φασὶ
1386 2528 1451 2646 γὰρ,
1387 2674 1447 2744 ὡς
1378 2758 1445 2954 βουλη·

1336 1267 1398 1381 θεὶς
1329 1396 1392 1529 πρὸς
1324 1546 1389 1781 οὐρανὸν
1315 1800 1386 2096 άναπτῆναι
1327 2119 1384 2218 σὺν
1311 2235 1371 2305 τῷ
1304 2327 1374 2564 Πηγάσῳ
1306 2600 1369 2702 έξο
1314 2719 1355 2819 ιστ
1298 2835 1344 2865 ρ
1312 2881 1345 2947 ω-

1252 1264 1317 1512 θέντος
1256 1571 1303 1691 τοῦ
1252 1739 1306 1955 ἵππου
1235 2013 1298 2195 παρὰ
1243 2241 1291 2363 τοῦ
1229 2414 1289 2581 Διὸς
1234 2632 1287 2804 πίπτει
1231 2858 1282 2948 καὶ

1172 1260 1233 1538 χωλοῦται.
1179 1588 1226 1653 cs.
1173 1695 1225 1908 Tzetzes
1172 1944 1218 2004 ad
1151 2030 1218 2275 Lycophr.
1163 2311 1197 2354 v.
1160 2395 1209 2471 1⁷.
1143 2509 1208 2689 Ilygin.
1152 2725 1203 2823 sab.
1151 2851 1197 2945 57:

1095 1261 1155 1362 „Et
1099 1397 1150 1644 decidisse
1095 1679 1145 1858 dicitur
1093 1884 1141 1932 in
1075 1964 1125 2165 campos
1076 2183 1135 2367 Aleios‚
1082 2405 1130 2537 unde
1078 2564 1125 2709 etiam
1072 2750 1107 2941 coxas

1027 1262 1075 1362 eie
1024 1379 1072 1463 cis
1024 1484 1055 1503 s
1020 1520 1067 1593 e.”
1017 1662 1066 1798 Idem
1016 1826 1063 1918 levi
1010 1953 1058 2221 mutatione
1005 2241 1055 2458 adhibita
1004 2479 1049 2523 in
996 2546 1043 2727 astron.
984 2767 1044 2827 ll,
994 2849 1039 2939 18:

936 1258 995 1417 „Cum
945 1468 990 1525 ad
939 1581 987 1770 coelum
931 1824 979 2143 contenderet
927 2199 975 2393 evolare
907 2439 955 2599 neque
900 2650 966 2794 longe
914 2839 961 2936 iam

854 1257 916 1486 abesset,
845 1536 910 1813 despiciens
857 1859 903 1918 ad
837 1966 896 2179 terram,
847 2227 895 2401 timore
829 2449 883 2704 permotus
834 2754 883 2938 decidit

773 1254 837 1419 ibique
770 1467 830 1658 perisse
764 1708 827 1915 dicitur;
759 1965 806 2119 equus
768 2166 813 2328 autem
762 2379 811 2662 subvolasse
758 2711 800 2760 et
755 2805 804 2935 inter

707 1256 757 1416 sidera
704 1452 752 1511 ab
702 1547 752 1656 love
693 1692 745 1989 constitutus
685 2027 738 2383 existimatur.''
683 2450 733 2593 Adde
674 2630 728 2799 Horat.
675 2839 724 2931 Od.
