5010 3336
2123 3222 2134 3326 ,,,,,,,

1076 2080 1130 2195 163

1221 2480 1243 2608 ω,7ν

1221 2720 1286 2853 πρὸς
1240 2557 1272 2687 ταυτ
1238 2413 1270 2501 ιτω
1219 2284 1284 2380 μὲν
1221 2126 1282 2251 πῦρ,
1218 1997 1267 2090 ἰ’τω
1218 1903 1268 1959 δὲ
1218 1600 1283 1865 φάσγανα,

1302 2628 1366 2851 πίμπρη,
1301 2378 1352 2595 κάταιθε
1299 2129 1361 2342 σάρκας,
1296 1771 1363 2093 ἐμπλήσθητί
1318 1630 1363 1735 μου

1382 2679 1432 2850 πίνων
1380 2403 1431 2645 κελαινὸν
1373 2213 1443 2367 αἷμα·
1378 1974 1442 2177 πρόσθε
1376 1840 1442 1941 γὰρ
1378 1665 1427 1805 κάτω

1465 2754 1528 2851 γῆς
1457 2588 1511 2721 εἶσιν
1463 2374 1522 2555 ἄστρα,
1462 2267 1525 2334 γῆ
1458 2184 1508 2230 δ’
1460 1984 1508 2147 άνεισ’
1456 1877 1516 1948 εἰς
1456 1633 1521 1840 αἰθέρα,

1540 2728 1606 2851 πρὶν
1540 2643 1603 2693 ἐξ
1540 2478 1605 2608 ἐμοῦ
1550 2358 1589 2441 σοι
1540 2185 1587 2325 θῶπ’
1538 1852 1603 2149 άπαντῆσαι
1539 1645 1603 1820 λόγον.

1622 2774 1671 2981 Frustra
1624 2590 1686 2743 igitur
1623 2401 1669 2556 saevit
1636 2312 1667 2367 ac
1620 1957 1667 2277 tumultuatur
1619 1717 1682 1921 Syleos,
1620 1478 1667 1666 frustra
1619 1301 1668 1445 fami-

1703 2868 1749 2980 liam
1704 2602 1761 2829 concitat,
1700 2441 1747 2565 nihil
1701 2055 1747 2405 extimescente
1699 1775 1746 2021 Hercule:
1700 1625 1759 1738 quin
1699 1446 1747 1589 ctiam
1699 1300 1763 1408 ipse

1784 2855 1829 2979 servi
1787 2650 1845 2811 partes
1780 2434 1827 2597 subire
1780 2166 1837 2387 iubetur,
1778 1914 1825 2118 verbera
1778 1597 1825 1864 intentante
1778 1436 1836 1552 illo,
1780 1297 1827 1390 nisi

1863 2837 1909 2980 dictis
1862 2737 1908 2800 sit
1859 2464 1918 2695 audiens3
1858 2355 1906 2417 cf.
1856 2174 1903 2304 Phil.
1873 2090 1920 2137 p.
1859 1931 1904 2054 681:
1859 1689 1905 1883 τοῦτον
1849 1554 1905 1653 οὖν
1856 1297 1919 1523 πότερον

1940 2779 1990 2979 δοῦλον
1937 2714 2004 2747 ἢ
1937 2488 2002 2679 κύριον
1940 2346 1987 2445 τοῦ
1934 2038 1985 2297 δεσπότου
1934 1622 2000 1991 άποφαντέον,
1932 1500 2001 1571 μὴ
1936 1296 2001 1463 μόνον

2018 2510 2082 2981 άπελευθεριάζειν,
2016 2346 2067 2475 άλλα
2015 2237 2067 2326 καὶ
2014 1885 2081 2204 ἐπιτάγματα
2015 1557 2067 1848 ἐπιτάσσειν
2022 1452 2081 1523 τῷ
2036 1299 2083 1417 κτη-

2100 2774 2167 2980 σαμένῳ
2099 2626 2159 2740 καί,
2098 2546 2148 2589 εἰ
2097 2205 2163 2511 άφηνιάζοι,
2096 1958 2147 2170 τύπτειν
2096 1837 2147 1925 καὶ
2096 1376 2162 1803 προπηλακίζειν,
2098 1295 2149 1338 εἰ

2180 2922 2231 2980 δὲ
2180 2799 2231 2887 καὶ
2172 2523 2245 2765 βοηθοὺς
2176 2223 2243 2489 ἐπάγοιτο,
2177 1988 2236 2187 πάντας
2177 1783 2243 1953 ἄρδην
2177 1446 2228 1749 άπολλύναι.
2180 1297 2229 1409 Pla-

2268 2808 2311 2977 centas
2263 2645 2310 2771 enim
2297 2610 2318 2623 ‚
2266 2506 2309 2556 et
2261 2234 2324 2471 quidquid
2264 1926 2323 2198 tempestas
2258 1718 2306 1889 tulerit
2259 1404 2319 1686 fructuum,
2260 1296 2307 1367 as-

2342 2844 2390 2980 ferre
2358 2706 2389 2817 eum
2342 2526 2398 2684 iubet3
2345 2240 2403 2490 postremo
2340 2057 2385 2203 fluvio
2339 1959 2385 2020 ad
2338 1766 2384 1925 villam
2338 1587 2385 1737 (lucto
2340 1396 2385 1554 omnia
2340 1297 2386 1371 in-

2422 2792 2469 2978 undat:
2419 2592 2469 2756 Cram.
2419 2370 2466 2555 Anecd.
2420 2308 2465 2338 l.
2420 2222 2464 2277 l.:
2414 2096 2466 2184 καὶ
2420 2000 2480 2070 τῷ
2416 1688 2479 1973 προεστῶτι
2414 1612 2464 1667 δὲ
2420 1485 2465 1583 τοῦ
2416 1294 2481 1464 άγροῦ

2492 2816 2563 2975 δριμὺ
2496 2578 2561 2779 ἐνορῶν
2495 2360 2560 2541 φέρειν
2494 2090 2545 2326 ἐκέλευεν
2494 1888 2559 2056 ὠραῖά
2512 1802 2543 1854 τε
2493 1680 2544 1769 καὶ
2497 1296 2556 1646 πλακοῦντας,

2577 2889 2630 2979 καὶ
2577 2699 2636 2843 τέλος
2576 2523 2626 2650 ὅλον
2574 2239 2640 2476 ποταμὸν
2576 2052 2637 2185 πρὸς
2574 1914 2640 2010 τὴν
2571 1646 2625 1865 ἔπαυλιν
2575 1397 2638 1593 τρέψας
2576 1292 2626 1355 τὰ

2659 2806 2709 2978 πάντα
2654 2442 2707 2772 κατέκλυσεν.
2657 2240 2704 2372 Inter
2658 2069 2703 2191 haec
2672 1792 2719 2022 pavorem
2655 1446 2704 1739 clamoribus
2675 1294 2720 1409 pro-

2740 2858 2788 2978 dere
2743 2547 2804 2811 potuerunt
2736 2315 2798 2494 satyri,
2735 2136 2797 2263 quod
2741 1950 2782 2083 esset
2736 1718 2782 1915 tertium
2736 1543 2782 1681 chori
2753 1293 2787 1507 carmen.

2820 2598 2867 2977 Perseveranter
2816 2314 2879 2571 imperium
2816 1983 2861 2287 detrectante
2814 1796 2876 1960 Syleo,
2815 1517 2863 1762 Hercules
2822 1291 2880 1490 arrepto

2906 2800 2959 2976 rastro,
2914 2669 2960 2762 quo
2897 2444 2943 2634 vineam
2894 2233 2942 2409 fodere
2894 2036 2940 2197 iussus
2898 1894 2941 1999 erat
2891 1688 2957 1858 (armis
2894 1520 2941 1650 enim
2901 1433 2942 1484 ut
2912 1293 2943 1396 scr-

2995 2889 3027 2974 vus
2975 2636 3040 2851 carebat)
2974 2553 3039 2619 *)‚

3047 2414 3102 2494 εἷα
3052 2296 3117 2378 δή,
3053 2091 3116 2259 inquit,
3050 1895 3115 2053 φίλον
3049 1686 3112 1861 ξύλον,

3132 2677 3198 2837 ἐγειρέ
3152 2556 3197 2643 μοι
3133 2332 3183 2519 σεαυτὸ
3131 2210 3182 2296 καὶ
3131 1988 3196 2177 γίγνου
3130 1761 3194 1952 θρασύ.

3217 2784 3277 2968 Quibus
3215 2596 3261 2736 dictis
3214 2308 3261 2547 latronem
3213 2026 3260 2271 interficit.
3212 1827 3259 1954 Tum
3213 1728 3259 1790 de
3211 1560 3259 1693 facto
3212 1429 3259 1521 sibi
3213 1289 3276 1394 ipse

3294 2698 3357 2970 gratulatur
3311 2670 3339 2684 :

3374 2730 3430 2838 τοῖς
3369 2601 3434 2695 μὲν
3370 2346 3428 2565 δικαίοις
3366 2092 3428 2310 ἔνδικοςἾ
3372 1946 3425 2056 τοῖς
3369 1867 3416 1911 δ’
3362 1761 3416 1829 αὖ
3371 1543 3426 1725 κακοῖς

3452 2623 3501 2838 πάντων
3451 2351 3515 2587 μέγιστος
3448 2075 3510 2317 πολέμιος
3446 1911 3497 2041 κατὰ
3447 1689 3511 1875 χθόνα.

3533 2531 3581 2838 Messoribus
3533 2339 3578 2493 locum
3530 2120 3577 2300 nullum
3530 2036 3575 2083 in
3530 1907 3574 2000 hoc
3529 1651 3574 1869 dramate
3527 1450 3574 1605 fuisse
3528 1288 3573 1415 salli-

3631 2871 3677 2966 que
3613 2507 3671 2839 Welckerum„
3613 2386 3673 2467 qui
3610 2154 3673 2349 Sjlcum
3625 2061 3654 2115 ac
3607 1772 3654 2024 Messores
3608 1530 3654 1735 eandem
3607 1287 3653 1501 fabulam

3694 2810 3741 2967 fuisse
3696 2619 3756 2776 putet,
3698 2364 3755 2580 apparet.
3690 2092 3736 2294 Praeter
3687 1792 3733 2047 Philonem
3693 1709 3733 1758 et
3687 1287 3748 1674 grammaticum„

3789 2819 3835 2963 quem
3772 2552 3826 2782 diximus,
3772 2454 3817 2514 ad
3787 2310 3817 2416 eam
3773 1954 3830 2274 respexerunt
3767 1663 3823 1927 Eusebius,
3766 1286 3812 1625 Artemidorus

3852 2768 3915 2963 (fragm.
3849 2648 3913 2736 1.),
3850 2307 3904 2611 Eustathiusq
3848 2012 3896 2269 Stobaeus.
3847 1620 3908 1943 Antiquorum
3861 1470 3891 1586 vero
3844 1285 3906 1442 philo-

3931 2697 3995 2961 sophorum
3931 2442 3977 2648 maxime
3928 2132 3975 2395 admiratus
3941 1974 3973 2083 esse
3925 1750 3971 1939 videtur
3926 1471 3988 1714 Diogenes
3924 1284 3970 1422 Εὲῐιιο-1

4026 2822 4074 2961 peusS
4010 2666 4056 2786 adeo
4016 2577 4057 2629 ut
4011 2396 4057 2542 etiam
4008 2215 4055 2359 sactis
4021 1920 4069 2179 personam
4004 1654 4053 1885 Herculis
4003 1438 4051 1619 imitari
4018 1287 4050 1400 cou-

4090 2728 4138 2959 stituerit.

4201 2852 4253 2895 *)
4201 2584 4242 2822 Diodorus:
4202 2494 4256 2556 τῷ
4201 2272 4254 2471 σκαφείῳ
4195 2043 4249 2247 πατάξας
4193 1743 4239 2018 ἀπέκτεινέν.
