5010 3336
2088 3263 2133 3329 :fior

1057 2109 1115 2228 517

1234 2893 1268 3007 nem
1219 2625 1280 2859 reputans
1209 2278 1270 2595 iniiciturque
1206 2197 1251 2242 ei
1202 1921 1260 2173 dubitatio,
1198 1735 1248 1885 ulline
1195 1637 1244 1706 dii
1192 1334 1241 1609 mortalium

1298 2701 1347 3005 calamitates
1290 2368 1353 2664 respiciant,
1300 2260 1331 2319 an
1283 1998 1330 2223 fortunae
1279 1751 1326 1952 arbitrio
1276 1554 1323 1714 omnia
1278 1330 1320 1521 temere

1377 2763 1425 3004 accidant.
1371 2491 1418 2695 Hecuba
1373 2286 1414 2446 autem
1367 1985 1424 2249 conspecto
1373 1674 1422 1952 praecone,
1370 1571 1401 1625 se
1366 1328 1415 1525 quoque

1458 2943 1504 3005 ad
1458 2687 1501 2899 mortem
1449 2582 1496 2640 ab
1464 2472 1494 2531 eo
1445 2165 1493 2425 abductum
1441 2056 1486 2113 iri
1454 1783 1502 2019 sperans,
1434 1557 1481 1730 alacris
1430 1330 1492 1505 surgit,

1535 2864 1599 3003 quasi
1534 2688 1579 2817 laeto
1528 2472 1576 2643 nuntio
1526 2201 1572 2437 recreata.
1518 1895 1579 2131 Sequitur
1514 1682 1562 1861 deinde
1509 1328 1575 1648 praestantis-

1615 2879 1662 3005 sima
1609 2592 1666 2831 narratio,
1606 2406 1652 2541 cuius
1599 2116 1663 2351 quasdam
1603 1904 1658 2071 partes
1596 1821 1641 1868 in
1593 1522 1641 1785 Lucretiae
1590 1326 1636 1487 morte

1689 2676 1741 3003 describenda
1686 2437 1736 2639 Ovidius
1682 2190 1728 2404 imitatus
1680 2061 1725 2152 est.
1674 1623 1735 1991 Vixquisquam
1675 1327 1733 1585 poetarum

1786 2717 1837 3003 graecorum
1764 2392 1831 2670 virginalem
1759 2042 1807 2335 modestiam
1759 1832 1816 1980 atque
1750 1492 1816 1779 pudicitiam
1761 1326 1794 1442 con-

1855 2791 1901 3003 iunctam
1862 2622 1896 2731 cum
1855 2290 1906 2560 generosae
1838 2054 1885 2232 indolis
1839 1948 1882 1997 et
1834 1662 1897 1901 ingenuae
1826 1323 1888 1617 discipliuae

1928 2703 1996 3002 praestantia
1922 2508 1971 2670 verius
1919 2184 1982 2472 digniusque
1918 1860 1978 2151 persecutus
1916 1732 1969 1824 est,
1925 1551 1971 1696 quam
1904 1323 1967 1523 Euripi-

2012 2884 2068 2999 des,
2007 2755 2070 2835 qui
2007 2510 2067 2707 putatur
1999 2308 2045 2464 fuisse
1996 2002 2043 2261 mulierum
1992 1656 2039 1953 criminator.
1986 1443 2035 1586 Solus
1983 1321 2030 1407 ille

2087 2742 2139 3001 mollitiem
2098 2584 2129 2693 cum
2076 2265 2126 2537 constantia
2080 2167 2121 2217 et
2074 1807 2121 2120 teneritatem
2084 1651 2116 1760 cum
2062 1320 2113 1615 fortitudine

2164 2698 2216 2998 consociavit
2164 2613 2209 2663 et
2157 2364 2223 2576 propriis
2155 2146 2215 2328 ubique
2154 1960 2199 2110 animi
2150 1648 2205 1925 affectibus,
2161 1514 2193 1611 non
2148 1321 2190 1480 trans-

2247 2888 2296 3000 latis
2263 2831 2293 2859 a
2244 2592 2291 2806 virorum
2244 2380 2294 2567 natura,
2237 2064 2281 2333 commotas
2232 1819 2279 2027 feminas
2226 1556 2276 1795 exhibuit.
2223 1317 2269 1489 Insunt

2332 2831 2376 2997 autem
2322 2685 2370 2799 huic
2317 2392 2366 2650 narrationi
2330 2205 2376 2357 quae,
2313 1961 2360 2154 etiamsi
2326 1830 2357 1926 non
2308 1697 2355 1796 sint
2305 1505 2353 1665 verbis
2316 1318 2364 1469 expo-

2407 2884 2463 2997 sita,
2408 2688 2450 2850 tamen
2398 2365 2445 2653 sentiantur.
2392 2084 2441 2297 Videtur
2392 1910 2438 2037 enim
2387 1658 2438 1874 Achilles
2385 1503 2447 1613 ipse
2396 1316 2445 1461 prae-

2500 2882 2533 2996 sens
2495 2618 2544 2845 sponsam
2476 2400 2524 2582 virtute
2489 2278 2519 2363 sua
2473 1994 2533 2244 gloriaque
2470 1751 2533 1943 diguam
2466 1654 2512 1715 ad
2463 1435 2511 1619 inferos
2476 1316 2507 1397 se—

2579 2884 2612 2997 cum
2560 2559 2608 2822 abducere.
2554 2231 2615 2464 Cogitare
2551 2044 2598 2169 haec
2554 1935 2598 1986 et
2547 1691 2595 1876 sentire
2545 1468 2606 1637 virgo,
2540 1315 2587 1404 sed

2640 2716 2691 2998 verecunde
2638 2530 2685 2693 celare
2634 2294 2683 2505 videtur.
2630 2050 2693 2225 Neque
2629 1863 2677 2024 subito
2627 1675 2673 1837 innata
2628 1575 2671 1653 est
2623 1501 2668 1550 iu
2620 1313 2667 1474 animo

2721 2799 2784 2996 virginis
2718 2681 2765 2764 illa
2717 2503 2764 2647 animi
2712 2262 2761 2467 altitudo
2716 2174 2758 2225 et
2726 1976 2758 2141 rerum
2708 1626 2755 1949 humanarum
2700 1313 2764 1590 despicien-

2802 2894 2859 2993 tia,
2797 2757 2846 2846 sed
2811 2574 2859 2721 quum
2794 2347 2857 2539 pridem
2791 2199 2837 2303 viro
2790 1984 2836 2163 eximio
2788 1703 2849 1948 desponsa
2784 1459 2839 1669 suisset,
2794 1310 2826 1408 non

2878 2835 2944 2994 potuit
2892 2705 2923 2802 non
2874 2524 2921 2670 animi
2870 2166 2935 2489 cogitationes
2868 2068 2915 2129 ad
2866 1751 2913 2034 imitandam
2864 1595 2909 1725 illius
2861 1309 2917 1560 virtutem,

2962 2755 3022 2992 quatenus
2956 2669 3002 2719 in
2952 2343 3001 2634 muliebrem
2949 2171 2996 2305 cadit
2951 1896 3005 2138 naturam,
2944 1628 3005 1858 dirigere.
2939 1437 2986 1559 Inde
2952 1308 2984 1404 non

3043 2916 3084 2993 est
3035 2575 3091 2882 mirandum,
3031 2397 3093 2527 quod
3027 2096 3076 2349 servitudo
3027 1891 3074 2048 multo
3024 1743 3083 1844 illi,
3035 1545 3083 1690 quam
3017 1308 3079 1510 reliquis

3114 2767 3172 2992 feminis,
3111 2510 3158 2731 acerbior
3124 2351 3157 2463 esse
3108 2214 3154 2317 visa
3110 2088 3156 2181 est.
3104 1880 3153 2021 Haec
3102 1510 3164 1846 significantur
3096 1307 3145 1464 versi-

3195 2898 3243 2991 bus
3195 2764 3240 2862 349
3206 2593 3253 2728 seq.:

3270 2588 3337 2858 βασιλεῦσι
3266 2352 3331 2555 νύμφη,
3266 2159 3330 2315 ζῆλον
3263 2058 3313 2125 οὐ
3259 1801 3326 2023 σμικρὸν
3257 1580 3323 1767 γάμων

3349 2666 3416 2858 ἓ’χουσ’,
3347 2502 3399 2631 ὅτου
3348 2336 3411 2465 δῶμ’
3344 2122 3396 2298 ἑστίαν
3347 2046 3395 2089 τ’
3341 1734 3408 2005 ἀφίξομαι,

3439 2935 3482 2989 et
3435 2807 3481 2903 362
3448 2638 3494 2771 seq.:

3508 2740 3575 2859 λέχη
3506 2648 3557 2703 δὲ
3506 2476 3571 2614 τάμὰ
3507 2246 3565 2439 δοῦλος
3504 2012 3570 2212 ὠνητός
3505 1809 3553 1979 ποθεν

3591 2656 3654 2851 χρανεῖ,
3588 2341 3651 2621 τυράννων
3587 2068 3650 2307 πρόσθεν
3581 1756 3650 2032 ἠξιωμένα.

3672 2771 3736 2988 Egregie
3674 2578 3733 2723 poeta
3670 2150 3717 2523 admirationem
3672 1936 3715 2103 tautae
3661 1698 3711 1892 xirtutis
3656 1497 3718 1651 magis
3652 1302 3701 1450 sactis

3767 2840 3815 2984 quam
3749 2643 3798 2806 verbis
3749 2483 3796 2607 secit
3748 2156 3811 2436 significari.
3746 1870 3792 2088 Primum
3741 1693 3789 1822 cuim
3752 1582 3783 1643 ex
3734 1302 3783 1538 militibus

3847 2842 3880 2985 nemo
3836 2707 3878 2806 tam
3828 2533 3878 2671 ferus
3835 2404 3886 2496 est,
3829 2252 3891 2364 quin
3826 2157 3873 2216 ad
3824 1789 3873 2122 honorandam
3818 1517 3880 1753 virginem
3813 1298 3875 1481 aliquid

3911 2684 3969 2982 contribuat,
3914 2596 3957 2647 et
3909 2336 3957 2561 certatim
3924 2192 3954 2299 eam
3911 1929 3967 2157 tanquam
3898 1618 3964 1894 gravissimi
3892 1300 3944 1583 certaminis

3990 2725 4037 2982 victricem
3990 2432 4036 2689 frondibus
3991 2144 4051 2393 spargunt.
3984 1946 4031 2074 Tum
3979 1589 4043 1908 Talthybius,
3974 1458 4037 1540 qui
3973 1297 4019 1423 haec

4083 2818 4129 2979 neque
4068 2616 4116 2784 videre
4084 2419 4131 2581 neque
4082 2137 4130 2384 exponere
4064 1996 4111 2102 sine
4062 1758 4109 1970 lacrimis
4056 1544 4120 1722 potuit,
4055 1298 4101 1508 matrem

4146 2586 4196 2979 infelicissimam
4147 2334 4195 2541 eandem
4144 1838 4205 2274 felicissimamque
4137 1542 4202 1795 praedicat
4136 1295 4196 1498 propter

4226 2827 4276 2977 talem
4225 2649 4276 2783 filiae
4227 2249 4277 2595 conditionem.
4223 1959 4275 2164 Hecuba
4224 1745 4270 1906 autem
4218 1562 4281 1698 ipsa,
4208 1296 4277 1515 quamvis
