<?xml version="1.0" encoding="UTF-8"?>
<!DOCTYPE html PUBLIC "-//W3C//DTD XHTML 1.0 Transitional//EN"
    "http://www.w3.org/TR/xhtml1/DTD/xhtml1-transitional.dtd">
<html xmlns="http://www.w3.org/1999/xhtml" xml:lang="en" lang="en">
 <head>
  <title>
</title>
<meta http-equiv="Content-Type" content="text/html;charset=utf-8" />
  <meta name='ocr-system' content='tesseract 3.04.00' />
  <meta name='ocr-capabilities' content='ocr_page ocr_carea ocr_par ocr_line ocrx_word'/>
</head>
<body>
  <div class='ocr_page' id='page_1' title='image "./euripidesrestitu00hartuoft_raw_0563.png"; bbox 0 0 5010 3336; ppageno 0'>
   <div class='ocr_carea' id='block_1_1' title="bbox 1044 3304 4781 3336">
    <p class='ocr_par' dir='ltr' id='par_1_1' title="bbox 1044 3304 4781 3336">
     <span class='ocr_line' id='line_1_1' title="bbox 1044 3304 4781 3336; textangle 90"><span class='ocrx_word' id='word_1_1' title='bbox 1044 3304 4781 3336; x_wconf 95' lang='lat' dir='ltr'><strong> </strong></span> 
     </span>
    </p>
   </div>
   <div class='ocr_carea' id='block_1_2' title="bbox 1190 1445 1264 2982">
    <p class='ocr_par' dir='ltr' id='par_1_2' title="bbox 1190 1445 1264 2982">
     <span class='ocr_line' id='line_1_2' title="bbox 1190 1445 1264 2982; textangle 90"><span class='ocrx_word' id='word_1_2' title='bbox 1211 2662 1264 2982; x_wconf 80' lang='lat' dir='ltr'><strong>oraculorum</strong></span> <span class='ocrx_word' id='word_1_3' title='bbox 1203 2336 1253 2624; x_wconf 82' lang='lat' dir='ltr'><strong>auctoritate</strong></span> <span class='ocrx_word' id='word_1_4' title='bbox 1200 2144 1246 2290; x_wconf 85' lang='lat' dir='ltr'><strong>fidem</strong></span> <span class='ocrx_word' id='word_1_5' title='bbox 1195 1851 1242 2093; x_wconf 80' lang='lat' dir='ltr'><strong>firmatam</strong></span> <span class='ocrx_word' id='word_1_6' title='bbox 1207 1691 1240 1803; x_wconf 89' lang='lat' dir='ltr'><strong>esse</strong></span> <span class='ocrx_word' id='word_1_7' title='bbox 1207 1587 1239 1646; x_wconf 86' lang='lat' dir='ltr'><strong>ex</strong></span> <span class='ocrx_word' id='word_1_8' title='bbox 1190 1445 1239 1546; x_wconf 85' lang='lat' dir='ltr'><strong>fra-</strong></span> 
     </span>
    </p>
   </div>
   <div class='ocr_carea' id='block_1_3' title="bbox 1272 1443 1363 3115">
    <p class='ocr_par' dir='ltr' id='par_1_3' title="bbox 1272 1443 1363 3115">
     <span class='ocr_line' id='line_1_3' title="bbox 1272 1443 1363 3115; textangle 90"><span class='ocrx_word' id='word_1_9' title='bbox 1299 2917 1363 3115; x_wconf 80' lang='lat' dir='ltr'><strong>gmento</strong></span> <span class='ocrx_word' id='word_1_10' title='bbox 1306 2793 1345 2879; x_wconf 81' lang='lat' dir='ltr'><strong>en,</strong></span> <span class='ocrx_word' id='word_1_11' title='bbox 1286 2614 1349 2743; x_wconf 86' lang='lat' dir='ltr'><strong>quod</strong></span> <span class='ocrx_word' id='word_1_12' title='bbox 1282 2274 1331 2578; x_wconf 84' lang='lat' dir='ltr'><strong>Schneidew.</strong></span> <span class='ocrx_word' id='word_1_13' title='bbox 1276 2096 1324 2233; x_wconf 84' lang='lat' dir='ltr'><strong>Coni.</strong></span> <span class='ocrx_word' id='word_1_14' title='bbox 1276 1931 1322 2057; x_wconf 86' lang='lat' dir='ltr'><strong>critt.</strong></span> <span class='ocrx_word' id='word_1_15' title='bbox 1292 1846 1338 1896; x_wconf 89' lang='lat' dir='ltr'><strong>p.</strong></span> <span class='ocrx_word' id='word_1_16' title='bbox 1274 1698 1319 1808; x_wconf 78' lang='lat'>108.</span> <span class='ocrx_word' id='word_1_17' title='bbox 1272 1443 1336 1660; x_wconf 82' lang='lat' dir='ltr'><strong>protulit,</strong></span> 
     </span>
    </p>
   </div>
   <div class='ocr_carea' id='block_1_4' title="bbox 1373 1436 1895 3113">
    <p class='ocr_par' dir='ltr' id='par_1_4' title="bbox 1373 1436 1895 3113">
     <span class='ocr_line' id='line_1_4' title="bbox 1373 2720 1435 3113; textangle 90"><span class='ocrx_word' id='word_1_18' title='bbox 1374 2950 1435 3113; x_wconf 81' lang='lat' dir='ltr'>colligi</span> <span class='ocrx_word' id='word_1_19' title='bbox 1373 2720 1434 2918; x_wconf 84' lang='lat' dir='ltr'><strong>potest:</strong></span> 
     </span>
     <span class='ocr_line' id='line_1_5' title="bbox 1433 1843 1511 2977; textangle 90"><span class='ocrx_word' id='word_1_20' title='bbox 1447 2846 1499 2977; x_wconf 81' lang='grc' dir='ltr'><em>εἰσὶν</em></span> <span class='ocrx_word' id='word_1_21' title='bbox 1444 2682 1511 2811; x_wconf 64' lang='grc' dir='ltr'><strong>γάρ,</strong></span> <span class='ocrx_word' id='word_1_22' title='bbox 1440 2551 1491 2646; x_wconf 75' lang='grc' dir='ltr'><strong>εἶσὶ</strong></span> <span class='ocrx_word' id='word_1_23' title='bbox 1435 2261 1503 2514; x_wconf 78' lang='grc' dir='ltr'><em>διφθέραι</em></span> <span class='ocrx_word' id='word_1_24' title='bbox 1433 1843 1496 2227; x_wconf 75' lang='grc' dir='ltr'><em>μελαγγραφεῖς</em></span> 
     </span>
     <span class='ocr_line' id='line_1_6' title="bbox 1510 1821 1589 2981; textangle 90"><span class='ocrx_word' id='word_1_25' title='bbox 1529 2772 1580 2981; x_wconf 80' lang='grc' dir='ltr'><em>πολλῶν</em></span> <span class='ocrx_word' id='word_1_26' title='bbox 1522 2483 1589 2739; x_wconf 74' lang='grc' dir='ltr'><em>γέμουσαι</em></span> <span class='ocrx_word' id='word_1_27' title='bbox 1516 2252 1577 2445; x_wconf 78' lang='grc' dir='ltr'><em>Λοξίου</em></span> <span class='ocrx_word' id='word_1_28' title='bbox 1510 1821 1575 2215; x_wconf 76' lang='grc' dir='ltr'><em>μαντευμάτων.</em></span> 
     </span>
     <span class='ocr_line' id='line_1_7' title="bbox 1588 1439 1671 3109; textangle 90"><span class='ocrx_word' id='word_1_29' title='bbox 1611 2898 1661 3109; x_wconf 87' lang='lat' dir='ltr'><strong>Videtur</strong></span> <span class='ocrx_word' id='word_1_30' title='bbox 1610 2718 1671 2864; x_wconf 78' lang='lat' dir='ltr'><strong>igitur</strong></span> <span class='ocrx_word' id='word_1_31' title='bbox 1604 2516 1667 2681; x_wconf 87' lang='lat' dir='ltr'><strong>specie</strong></span> <span class='ocrx_word' id='word_1_32' title='bbox 1593 2119 1665 2483; x_wconf 76' lang='grc' dir='ltr'><em>χρησμολόγον</em></span> <span class='ocrx_word' id='word_1_33' title='bbox 1608 2026 1637 2080; x_wconf 87' lang='lat' dir='ltr'><strong>se</strong></span> <span class='ocrx_word' id='word_1_34' title='bbox 1590 1741 1651 1991; x_wconf 81' lang='lat' dir='ltr'><strong>Thyestes</strong></span> <span class='ocrx_word' id='word_1_35' title='bbox 1589 1557 1636 1709; x_wconf 89' lang='lat' dir='ltr'><strong>Atreo</strong></span> <span class='ocrx_word' id='word_1_36' title='bbox 1588 1439 1634 1525; x_wconf 81' lang='lat' dir='ltr'><strong>ob-</strong></span> 
     </span>
     <span class='ocr_line' id='line_1_8' title="bbox 1675 2017 1739 3109; textangle 90"><span class='ocrx_word' id='word_1_37' title='bbox 1691 2919 1739 3109; x_wconf 83' lang='lat' dir='ltr'><strong>tulisse.</strong></span> <span class='ocrx_word' id='word_1_38' title='bbox 1689 2728 1735 2850; x_wconf 86' lang='lat' dir='ltr'><strong>Eius</strong></span> <span class='ocrx_word' id='word_1_39' title='bbox 1685 2549 1731 2695; x_wconf 81' lang='lat' dir='ltr'><strong>verba</strong></span> <span class='ocrx_word' id='word_1_40' title='bbox 1683 2260 1727 2512; x_wconf 75' lang='lat' dir='ltr'><strong>servantur</strong></span> <span class='ocrx_word' id='word_1_41' title='bbox 1675 2017 1720 2225; x_wconf 81' lang='lat' dir='ltr'>haecce:</span> 
     </span>
     <span class='ocr_line' id='line_1_9' title="bbox 1754 1436 1830 2977; textangle 90"><span class='ocrx_word' id='word_1_42' title='bbox 1766 2773 1830 2977; x_wconf 80' lang='lat' dir='ltr'><strong>„Nam</strong></span> <span class='ocrx_word' id='word_1_43' title='bbox 1781 2603 1812 2739; x_wconf 77' lang='lat' dir='ltr'><strong>eum</strong></span> <span class='ocrx_word' id='word_1_44' title='bbox 1759 2466 1808 2569; x_wconf 77' lang='lat' dir='ltr'><strong>uti</strong></span> <span class='ocrx_word' id='word_1_45' title='bbox 1754 2159 1804 2424; x_wconf 78' lang='lat' dir='ltr'><strong>credam</strong></span> <span class='ocrx_word' id='word_1_46' title='bbox 1764 2045 1797 2120; x_wconf 66' lang='lat' dir='ltr'><strong>ex</strong></span> <span class='ocrx_word' id='word_1_47' title='bbox 1754 1900 1794 2011; x_wconf 76' lang='lat' dir='ltr'><strong>tuo</strong></span> <span class='ocrx_word' id='word_1_48' title='bbox 1762 1719 1793 1861; x_wconf 77' lang='lat' dir='ltr'><strong>esse</strong></span> <span class='ocrx_word' id='word_1_49' title='bbox 1762 1436 1794 1682; x_wconf 80' lang='lat' dir='ltr'><strong>conce-</strong></span> 
     </span>
     <span class='ocr_line' id='line_1_10' title="bbox 1832 1798 1895 2192; textangle 90"><span class='ocrx_word' id='word_1_50' title='bbox 1837 2012 1895 2192; x_wconf 77' lang='lat' dir='ltr'><strong>ptum</strong></span> <span class='ocrx_word' id='word_1_51' title='bbox 1832 1798 1881 1978; x_wconf 81' lang='lat' dir='ltr'><strong>satu,</strong></span> 
     </span>
    </p>
   </div>
   <div class='ocr_carea' id='block_1_5' title="bbox 1907 1401 4334 3105">
    <p class='ocr_par' dir='ltr' id='par_1_5' title="bbox 1907 1431 2149 3105">
     <span class='ocr_line' id='line_1_11' title="bbox 1907 1433 1986 2974; textangle 90"><span class='ocrx_word' id='word_1_52' title='bbox 1927 2852 1975 2974; x_wconf 81' lang='lat' dir='ltr'><strong>Sat</strong></span> <span class='ocrx_word' id='word_1_53' title='bbox 1920 2405 1986 2813; x_wconf 77' lang='lat' dir='ltr'><strong>argumenta</strong></span> <span class='ocrx_word' id='word_1_54' title='bbox 1912 2048 1975 2370; x_wconf 76' lang='lat' dir='ltr'><strong>redigunt</strong></span> <span class='ocrx_word' id='word_1_55' title='bbox 1907 1724 1953 2006; x_wconf 77' lang='lat' dir='ltr'><strong>animum</strong></span> <span class='ocrx_word' id='word_1_56' title='bbox 1910 1626 1951 1686; x_wconf 78' lang='lat' dir='ltr'><strong>et</strong></span> <span class='ocrx_word' id='word_1_57' title='bbox 1920 1433 1952 1587; x_wconf 78' lang='lat' dir='ltr'><strong>com-</strong></span> 
     </span>
     <span class='ocr_line' id='line_1_12' title="bbox 1983 1873 2037 2181; textangle 90"><span class='ocrx_word' id='word_1_58' title='bbox 2008 2132 2037 2181; x_wconf 83' lang='lat' dir='ltr'><strong>m</strong></span> <span class='ocrx_word' id='word_1_59' title='bbox 1983 1873 2035 2114; x_wconf 77' lang='lat' dir='ltr'><strong>ovent.&#39;&#39;</strong></span> 
     </span>
     <span class='ocr_line' id='line_1_13' title="bbox 2062 1431 2149 3105; textangle 90"><span class='ocrx_word' id='word_1_60' title='bbox 2087 3034 2135 3105; x_wconf 80' lang='lat' dir='ltr'><strong>Ea</strong></span> <span class='ocrx_word' id='word_1_61' title='bbox 2086 2713 2149 2998; x_wconf 84' lang='lat' dir='ltr'><strong>argumenta</strong></span> <span class='ocrx_word' id='word_1_62' title='bbox 2079 2629 2126 2679; x_wconf 91' lang='lat' dir='ltr'><strong>in</strong></span> <span class='ocrx_word' id='word_1_63' title='bbox 2074 2380 2123 2594; x_wconf 81' lang='lat' dir='ltr'><strong>vestibus</strong></span> <span class='ocrx_word' id='word_1_64' title='bbox 2070 2080 2116 2345; x_wconf 79' lang='lat' dir='ltr'><strong>Plisthenis</strong></span> <span class='ocrx_word' id='word_1_65' title='bbox 2070 1850 2129 2046; x_wconf 88' lang='lat' dir='ltr'><strong>reperta</strong></span> <span class='ocrx_word' id='word_1_66' title='bbox 2080 1710 2111 1822; x_wconf 84' lang='lat' dir='ltr'><strong>esse</strong></span> <span class='ocrx_word' id='word_1_67' title='bbox 2062 1431 2110 1681; x_wconf 80' lang='lat' dir='ltr'><strong>videntur:</strong></span> 
     </span>
    </p>

    <p class='ocr_par' dir='ltr' id='par_1_6' title="bbox 2142 1428 2225 2974">
     <span class='ocr_line' id='line_1_14' title="bbox 2142 1428 2225 2974; textangle 90"><span class='ocrx_word' id='word_1_68' title='bbox 2163 2772 2225 2974; x_wconf 79' lang='lat' dir='ltr'><strong>„Eius</strong></span> <span class='ocrx_word' id='word_1_69' title='bbox 2154 2385 2221 2725; x_wconf 79' lang='lat' dir='ltr'><strong>serpentis</strong></span> <span class='ocrx_word' id='word_1_70' title='bbox 2164 2027 2215 2339; x_wconf 75' lang='lat' dir='ltr'><em>squamae</em></span> <span class='ocrx_word' id='word_1_71' title='bbox 2142 1652 2210 1972; x_wconf 79' lang='lat' dir='ltr'><strong>squalido</strong></span> <span class='ocrx_word' id='word_1_72' title='bbox 2158 1428 2189 1589; x_wconf 79' lang='lat' dir='ltr'><strong>auro</strong></span> 
     </span>
    </p>

    <p class='ocr_par' dir='ltr' id='par_1_7' title="bbox 2222 1426 2468 3104">
     <span class='ocr_line' id='line_1_15' title="bbox 2222 1428 2287 2178; textangle 90"><span class='ocrx_word' id='word_1_73' title='bbox 2232 1942 2275 2178; x_wconf 66' lang='lat' dir='ltr'><strong>textae</strong></span> <span class='ocrx_word' id='word_1_74' title='bbox 2230 1834 2271 1895; x_wconf 80' lang='lat' dir='ltr'><strong>et</strong></span> <span class='ocrx_word' id='word_1_75' title='bbox 2222 1428 2287 1789; x_wconf 79' lang='lat' dir='ltr'><strong>purpura.&#39;&#39;</strong></span> 
     </span>
     <span class='ocr_line' id='line_1_16' title="bbox 2303 1426 2377 3104; textangle 90"><span class='ocrx_word' id='word_1_76' title='bbox 2326 2920 2374 3104; x_wconf 84' lang='lat' dir='ltr'><strong>Atreus</strong></span> <span class='ocrx_word' id='word_1_77' title='bbox 2323 2725 2366 2886; x_wconf 85' lang='lat' dir='ltr'><strong>autem</strong></span> <span class='ocrx_word' id='word_1_78' title='bbox 2314 2524 2377 2688; x_wconf 82' lang='lat' dir='ltr'><strong>agnito</strong></span> <span class='ocrx_word' id='word_1_79' title='bbox 2315 2190 2372 2490; x_wconf 79' lang='lat' dir='ltr'><strong>receptoque</strong></span> <span class='ocrx_word' id='word_1_80' title='bbox 2306 2024 2365 2153; x_wconf 79' lang='lat' dir='ltr'><strong>filio,</strong></span> <span class='ocrx_word' id='word_1_81' title='bbox 2309 1921 2352 1976; x_wconf 92' lang='lat' dir='ltr'><strong>ut</strong></span> <span class='ocrx_word' id='word_1_82' title='bbox 2303 1546 2367 1878; x_wconf 82' lang='lat' dir='ltr'><strong>grandaevus,</strong></span> <span class='ocrx_word' id='word_1_83' title='bbox 2318 1426 2349 1501; x_wconf 88' lang='lat' dir='ltr'><strong>re-</strong></span> 
     </span>
     <span class='ocr_line' id='line_1_17' title="bbox 2388 2112 2468 3104; textangle 90"><span class='ocrx_word' id='word_1_84' title='bbox 2419 2959 2468 3104; x_wconf 83' lang='lat' dir='ltr'><strong>gnum</strong></span> <span class='ocrx_word' id='word_1_85' title='bbox 2399 2772 2447 2924; x_wconf 85' lang='lat' dir='ltr'><strong>tradit</strong></span> <span class='ocrx_word' id='word_1_86' title='bbox 2411 2628 2442 2737; x_wconf 91' lang='lat' dir='ltr'><strong>cnm</strong></span> <span class='ocrx_word' id='word_1_87' title='bbox 2392 2454 2439 2593; x_wconf 90' lang='lat' dir='ltr'><strong>hisce</strong></span> <span class='ocrx_word' id='word_1_88' title='bbox 2388 2112 2452 2419; x_wconf 79' lang='lat' dir='ltr'><strong>praeceptis:</strong></span> 
     </span>
    </p>

    <p class='ocr_par' dir='ltr' id='par_1_8' title="bbox 2461 1866 2543 2969">
     <span class='ocr_line' id='line_1_18' title="bbox 2461 1866 2543 2969; textangle 90"><span class='ocrx_word' id='word_1_89' title='bbox 2477 2818 2543 2969; x_wconf 82' lang='grc' dir='ltr'><em>δήμῳ</em></span> <span class='ocrx_word' id='word_1_90' title='bbox 2472 2725 2524 2781; x_wconf 76' lang='grc' dir='ltr'><strong>δὲ</strong></span> <span class='ocrx_word' id='word_1_91' title='bbox 2471 2564 2537 2689; x_wconf 77' lang='grc' dir='ltr'><em>μήτε</em></span> <span class='ocrx_word' id='word_1_92' title='bbox 2474 2424 2519 2529; x_wconf 73' lang='grc' dir='ltr'><strong>πᾶν</strong></span> <span class='ocrx_word' id='word_1_93' title='bbox 2465 2091 2530 2388; x_wconf 70' lang='grc' dir='ltr'><em>ἀναρτήσῃς</em></span> <span class='ocrx_word' id='word_1_94' title='bbox 2461 1866 2525 2057; x_wconf 78' lang='grc' dir='ltr'><em>κράτος</em></span> 
     </span>
    </p>

    <p class='ocr_par' dir='ltr' id='par_1_9' title="bbox 2538 1712 2623 2968">
     <span class='ocr_line' id='line_1_19' title="bbox 2538 1712 2623 2968; textangle 90"><span class='ocrx_word' id='word_1_95' title='bbox 2549 2858 2623 2968; x_wconf 84' lang='grc' dir='ltr'><em>μήτ’</em></span> <span class='ocrx_word' id='word_1_96' title='bbox 2548 2750 2605 2817; x_wconf 78' lang='grc' dir='ltr'><strong>αὖ</strong></span> <span class='ocrx_word' id='word_1_97' title='bbox 2551 2441 2615 2714; x_wconf 77' lang='grc' dir='ltr'><em>κακώσῃς,</em></span> <span class='ocrx_word' id='word_1_98' title='bbox 2550 2172 2596 2404; x_wconf 79' lang='grc' dir='ltr'><em>πλοῦτον</em></span> <span class='ocrx_word' id='word_1_99' title='bbox 2540 1926 2606 2137; x_wconf 78' lang='grc' dir='ltr'><em>ἔντιμον</em></span> <span class='ocrx_word' id='word_1_100' title='bbox 2538 1712 2601 1893; x_wconf 64' lang='grc' dir='ltr'><em>τιθείς,</em></span> 
     </span>
    </p>

    <p class='ocr_par' dir='ltr' id='par_1_10' title="bbox 2618 1803 2703 2967">
     <span class='ocr_line' id='line_1_20' title="bbox 2618 1803 2703 2967; textangle 90"><span class='ocrx_word' id='word_1_101' title='bbox 2629 2844 2703 2967; x_wconf 81' lang='grc' dir='ltr'><em>μηδ’</em></span> <span class='ocrx_word' id='word_1_102' title='bbox 2633 2636 2697 2810; x_wconf 79' lang='grc' dir='ltr'><em>ἄνδρα</em></span> <span class='ocrx_word' id='word_1_103' title='bbox 2631 2453 2695 2600; x_wconf 84' lang='grc' dir='ltr'><em>δήμῳ</em></span> <span class='ocrx_word' id='word_1_104' title='bbox 2627 2234 2677 2419; x_wconf 83' lang='grc' dir='ltr'><em>πιστὸν</em></span> <span class='ocrx_word' id='word_1_105' title='bbox 2621 1978 2689 2199; x_wconf 67' lang='grc' dir='ltr'><em>ἐκβάλῃς</em></span> <span class='ocrx_word' id='word_1_106' title='bbox 2618 1803 2680 1944; x_wconf 80' lang='grc' dir='ltr'><em>ποτέ,</em></span> 
     </span>
    </p>

    <p class='ocr_par' dir='ltr' id='par_1_11' title="bbox 2697 1692 2783 2967">
     <span class='ocr_line' id='line_1_21' title="bbox 2697 1692 2783 2967; textangle 90"><span class='ocrx_word' id='word_1_107' title='bbox 2713 2845 2783 2967; x_wconf 78' lang='grc' dir='ltr'><em>μηδ’</em></span> <span class='ocrx_word' id='word_1_108' title='bbox 2709 2683 2775 2804; x_wconf 78' lang='grc' dir='ltr'><em>αὗξε</em></span> <span class='ocrx_word' id='word_1_109' title='bbox 2714 2455 2773 2649; x_wconf 79' lang='grc' dir='ltr'><em>καιροῦ</em></span> <span class='ocrx_word' id='word_1_110' title='bbox 2708 2217 2772 2419; x_wconf 77' lang='grc' dir='ltr'><em>μεῖζον·</em></span> <span class='ocrx_word' id='word_1_111' title='bbox 2704 2112 2753 2177; x_wconf 84' lang='grc' dir='ltr'><strong>οὐ</strong></span> <span class='ocrx_word' id='word_1_112' title='bbox 2702 1977 2767 2077; x_wconf 72' lang='grc' dir='ltr'><strong>γὰρ</strong></span> <span class='ocrx_word' id='word_1_113' title='bbox 2697 1692 2764 1939; x_wconf 71' lang='grc' dir='ltr'><em>ἀσφαλές,</em></span> 
     </span>
    </p>

    <p class='ocr_par' dir='ltr' id='par_1_12' title="bbox 2783 1710 2862 2966">
     <span class='ocr_line' id='line_1_22' title="bbox 2783 1710 2862 2966; textangle 90"><span class='ocrx_word' id='word_1_114' title='bbox 2797 2894 2862 2966; x_wconf 83' lang='grc' dir='ltr'><strong>μή</strong></span> <span class='ocrx_word' id='word_1_115' title='bbox 2806 2774 2845 2858; x_wconf 91' lang='grc' dir='ltr'><strong>σοι</strong></span> <span class='ocrx_word' id='word_1_116' title='bbox 2793 2477 2854 2741; x_wconf 88' lang='grc' dir='ltr'><em>τύραννος</em></span> <span class='ocrx_word' id='word_1_117' title='bbox 2786 2208 2850 2442; x_wconf 83' lang='grc' dir='ltr'><em>λαμπρὸς</em></span> <span class='ocrx_word' id='word_1_118' title='bbox 2783 2121 2845 2170; x_wconf 79' lang='grc' dir='ltr'><strong>ἐξ</strong></span> <span class='ocrx_word' id='word_1_119' title='bbox 2783 1916 2832 2084; x_wconf 81' lang='grc' dir='ltr'><em>αὐτοῦ</em></span> <span class='ocrx_word' id='word_1_120' title='bbox 2784 1710 2844 1878; x_wconf 77' lang='grc' dir='ltr'><em>φανῇ·</em></span> 
     </span>
    </p>

    <p class='ocr_par' dir='ltr' id='par_1_13' title="bbox 2861 1776 2932 2967">
     <span class='ocr_line' id='line_1_23' title="bbox 2861 1776 2932 2967; textangle 90"><span class='ocrx_word' id='word_1_121' title='bbox 2875 2796 2925 2967; x_wconf 78' lang='grc' dir='ltr'><em>κώλυε</em></span> <span class='ocrx_word' id='word_1_122' title='bbox 2868 2713 2923 2760; x_wconf 89' lang='grc' dir='ltr'><strong>δ’</strong></span> <span class='ocrx_word' id='word_1_123' title='bbox 2871 2504 2932 2675; x_wconf 74' lang='grc' dir='ltr'><em>ἄνδρα</em></span> <span class='ocrx_word' id='word_1_124' title='bbox 2866 2324 2929 2469; x_wconf 81' lang='grc' dir='ltr'><em>παρὰ</em></span> <span class='ocrx_word' id='word_1_125' title='bbox 2865 2135 2927 2286; x_wconf 81' lang='grc' dir='ltr'><em>δίκην</em></span> <span class='ocrx_word' id='word_1_126' title='bbox 2861 1776 2924 2100; x_wconf 80' lang='grc' dir='ltr'><em>τιμώμενον·</em></span> 
     </span>
    </p>

    <p class='ocr_par' dir='ltr' id='par_1_14' title="bbox 2939 1821 3017 2963">
     <span class='ocr_line' id='line_1_24' title="bbox 2939 1821 3017 2963; textangle 90"><span class='ocrx_word' id='word_1_127' title='bbox 2955 2818 3005 2963; x_wconf 82' lang='grc' dir='ltr'><em>πόλει</em></span> <span class='ocrx_word' id='word_1_128' title='bbox 2952 2683 3017 2784; x_wconf 76' lang='grc' dir='ltr'><strong>γὰρ</strong></span> <span class='ocrx_word' id='word_1_129' title='bbox 2950 2305 3013 2647; x_wconf 77' lang='grc' dir='ltr'><em>εὐτυχοῦντες</em></span> <span class='ocrx_word' id='word_1_130' title='bbox 2944 2216 2994 2268; x_wconf 83' lang='grc' dir='ltr'><strong>οῖ</strong></span> <span class='ocrx_word' id='word_1_131' title='bbox 2939 2028 2993 2184; x_wconf 77' lang='grc' dir='ltr'><em>κακοὶ</em></span> <span class='ocrx_word' id='word_1_132' title='bbox 2940 1821 2997 1996; x_wconf 83' lang='grc' dir='ltr'><em>νόσος.</em></span> 
     </span>
    </p>

    <p class='ocr_par' dir='ltr' id='par_1_15' title="bbox 3014 1412 3243 3091">
     <span class='ocr_line' id='line_1_25' title="bbox 3014 1415 3089 2965; textangle 90"><span class='ocrx_word' id='word_1_133' title='bbox 3034 2667 3089 2965; x_wconf 68' lang='lat' dir='ltr'><strong>Festorum,</strong></span> <span class='ocrx_word' id='word_1_134' title='bbox 3029 2275 3077 2630; x_wconf 84' lang='lat' dir='ltr'><strong>sacrificiorum</strong></span> <span class='ocrx_word' id='word_1_135' title='bbox 3025 1884 3087 2238; x_wconf 83' lang='lat' dir='ltr'><strong>epularumque</strong></span> <span class='ocrx_word' id='word_1_136' title='bbox 3026 1562 3082 1849; x_wconf 79' lang='lat' dir='ltr'><strong>apparatuS,</strong></span> <span class='ocrx_word' id='word_1_137' title='bbox 3014 1415 3076 1523; x_wconf 85' lang='lat' dir='ltr'><strong>qui—</strong></span> 
     </span>
     <span class='ocr_line' id='line_1_26' title="bbox 3094 1412 3163 3091; textangle 90"><span class='ocrx_word' id='word_1_138' title='bbox 3115 2998 3163 3091; x_wconf 92' lang='lat' dir='ltr'><strong>bus</strong></span> <span class='ocrx_word' id='word_1_139' title='bbox 3114 2769 3160 2949; x_wconf 85' lang='lat' dir='ltr'><strong>Atreus</strong></span> <span class='ocrx_word' id='word_1_140' title='bbox 3111 2582 3157 2714; x_wconf 88' lang='lat' dir='ltr'><strong>diem</strong></span> <span class='ocrx_word' id='word_1_141' title='bbox 3106 2207 3154 2532; x_wconf 83' lang='lat' dir='ltr'><strong>laetissimum</strong></span> <span class='ocrx_word' id='word_1_142' title='bbox 3101 1812 3148 2159; x_wconf 87' lang='lat' dir='ltr'><strong>celebrandum</strong></span> <span class='ocrx_word' id='word_1_143' title='bbox 3098 1560 3156 1776; x_wconf 64' lang='lat' dir='ltr'><strong>curavit,</strong></span> <span class='ocrx_word' id='word_1_144' title='bbox 3094 1412 3141 1507; x_wconf 89' lang='lat' dir='ltr'><strong>hoc</strong></span> 
     </span>
     <span class='ocr_line' id='line_1_27' title="bbox 3192 2716 3243 3089; textangle 90"><span class='ocrx_word' id='word_1_145' title='bbox 3200 3010 3243 3089; x_wconf 86' lang='lat' dir='ltr'><strong>est</strong></span> <span class='ocrx_word' id='word_1_146' title='bbox 3192 2716 3240 2979; x_wconf 89' lang='lat' dir='ltr'><strong>indicium:</strong></span> 
     </span>
    </p>

    <p class='ocr_par' dir='ltr' id='par_1_16' title="bbox 3250 1864 3335 2957">
     <span class='ocr_line' id='line_1_28' title="bbox 3250 1864 3335 2957; textangle 90"><span class='ocrx_word' id='word_1_147' title='bbox 3268 2574 3335 2957; x_wconf 75' lang='grc' dir='ltr'><em>μηλοσφαγεῖτε</em></span> <span class='ocrx_word' id='word_1_148' title='bbox 3260 2270 3325 2539; x_wconf 85' lang='grc' dir='ltr'><em>δαιμόνων</em></span> <span class='ocrx_word' id='word_1_149' title='bbox 3250 2162 3308 2233; x_wconf 77' lang='grc' dir='ltr'><strong>ἐπ’</strong></span> <span class='ocrx_word' id='word_1_150' title='bbox 3255 1864 3323 2118; x_wconf 73' lang='grc' dir='ltr'><em>ἐσχάραις.</em></span> 
     </span>
    </p>

    <p class='ocr_par' dir='ltr' id='par_1_17' title="bbox 3334 1709 3402 3089">
     <span class='ocr_line' id='line_1_29' title="bbox 3334 1709 3402 3089; textangle 90"><span class='ocrx_word' id='word_1_151' title='bbox 3354 2868 3402 3089; x_wconf 85' lang='lat' dir='ltr'><strong>Eandem</strong></span> <span class='ocrx_word' id='word_1_152' title='bbox 3350 2599 3397 2830; x_wconf 79' lang='lat' dir='ltr'><strong>laetitiam</strong></span> <span class='ocrx_word' id='word_1_153' title='bbox 3346 2382 3392 2559; x_wconf 84' lang='lat' dir='ltr'><strong>chorus</strong></span> <span class='ocrx_word' id='word_1_154' title='bbox 3340 2108 3388 2345; x_wconf 87' lang='lat' dir='ltr'><strong>describit</strong></span> <span class='ocrx_word' id='word_1_155' title='bbox 3339 1934 3386 2073; x_wconf 84' lang='lat' dir='ltr'><strong>hisce</strong></span> <span class='ocrx_word' id='word_1_156' title='bbox 3334 1709 3384 1900; x_wconf 83' lang='lat' dir='ltr'><strong>verbis:</strong></span> 
     </span>
    </p>

    <p class='ocr_par' dir='ltr' id='par_1_18' title="bbox 3417 2098 3488 2957">
     <span class='ocr_line' id='line_1_30' title="bbox 3417 2098 3488 2957; textangle 90"><span class='ocrx_word' id='word_1_157' title='bbox 3423 2789 3488 2957; x_wconf 81' lang='grc' dir='ltr'><em>πολὺς</em></span> <span class='ocrx_word' id='word_1_158' title='bbox 3426 2698 3478 2754; x_wconf 80' lang='grc' dir='ltr'><strong>δὲ</strong></span> <span class='ocrx_word' id='word_1_159' title='bbox 3423 2384 3485 2666; x_wconf 76' lang='grc' dir='ltr'><em>κοσσάβων</em></span> <span class='ocrx_word' id='word_1_160' title='bbox 3417 2098 3483 2348; x_wconf 72' lang='grc' dir='ltr'><em>ἀραγμός,</em></span> 
     </span>
    </p>

    <p class='ocr_par' dir='ltr' id='par_1_19' title="bbox 3500 2362 3573 2951">
     <span class='ocr_line' id='line_1_31' title="bbox 3500 2362 3573 2951; textangle 90"><span class='ocrx_word' id='word_1_161' title='bbox 3508 2675 3573 2951; x_wconf 84' lang='grc' dir='ltr'><em>Κύπριδος</em></span> <span class='ocrx_word' id='word_1_162' title='bbox 3500 2362 3570 2640; x_wconf 85' lang='grc' dir='ltr'><em>προςῳδὸν</em></span> 
     </span>
    </p>

    <p class='ocr_par' dir='ltr' id='par_1_20' title="bbox 3583 2264 3654 2953">
     <span class='ocr_line' id='line_1_32' title="bbox 3583 2264 3654 2953; textangle 90"><span class='ocrx_word' id='word_1_163' title='bbox 3589 2836 3654 2953; x_wconf 85' lang='grc' dir='ltr'><em>α’χεῖ</em></span> <span class='ocrx_word' id='word_1_164' title='bbox 3587 2652 3653 2805; x_wconf 80' lang='grc' dir='ltr'><em>μέλος</em></span> <span class='ocrx_word' id='word_1_165' title='bbox 3583 2561 3635 2616; x_wconf 77' lang='grc' dir='ltr'><strong>ἐν</strong></span> <span class='ocrx_word' id='word_1_166' title='bbox 3584 2264 3645 2524; x_wconf 89' lang='grc' dir='ltr'><em>δόμοισιν.</em></span> 
     </span>
    </p>

    <p class='ocr_par' dir='ltr' id='par_1_21' title="bbox 3645 1405 3892 3083">
     <span class='ocr_line' id='line_1_33' title="bbox 3645 1407 3732 2952; textangle 90"><span class='ocrx_word' id='word_1_167' title='bbox 3670 2899 3718 2952; x_wconf 89' lang='lat' dir='ltr'><strong>ln</strong></span> <span class='ocrx_word' id='word_1_168' title='bbox 3671 2774 3716 2866; x_wconf 86' lang='lat' dir='ltr'><strong>hac</strong></span> <span class='ocrx_word' id='word_1_169' title='bbox 3670 2631 3732 2738; x_wconf 87' lang='lat' dir='ltr'><strong>ipsa</strong></span> <span class='ocrx_word' id='word_1_170' title='bbox 3667 2353 3714 2595; x_wconf 88' lang='lat' dir='ltr'><strong>festorum</strong></span> <span class='ocrx_word' id='word_1_171' title='bbox 3658 2117 3707 2301; x_wconf 83' lang='lat' dir='ltr'><strong>laetitia</strong></span> <span class='ocrx_word' id='word_1_172' title='bbox 3658 1838 3718 2076; x_wconf 89' lang='lat' dir='ltr'><strong>impetum</strong></span> <span class='ocrx_word' id='word_1_173' title='bbox 3668 1774 3698 1801; x_wconf 89' lang='lat' dir='ltr'><strong>a</strong></span> <span class='ocrx_word' id='word_1_174' title='bbox 3648 1490 3696 1738; x_wconf 87' lang='lat' dir='ltr'><strong>Plisthene</strong></span> <span class='ocrx_word' id='word_1_175' title='bbox 3645 1407 3691 1453; x_wconf 90' lang='lat' dir='ltr'><strong>in</strong></span> 
     </span>
     <span class='ocr_line' id='line_1_34' title="bbox 3724 1405 3806 3083; textangle 90"><span class='ocrx_word' id='word_1_176' title='bbox 3751 2877 3800 3083; x_wconf 86' lang='lat' dir='ltr'><strong>Atreum</strong></span> <span class='ocrx_word' id='word_1_177' title='bbox 3748 2652 3795 2842; x_wconf 88' lang='lat' dir='ltr'><strong>sactum</strong></span> <span class='ocrx_word' id='word_1_178' title='bbox 3762 2504 3793 2615; x_wconf 88' lang='lat' dir='ltr'><strong>esse</strong></span> <span class='ocrx_word' id='word_1_179' title='bbox 3740 2205 3806 2470; x_wconf 81' lang='lat' dir='ltr'><strong>putandum</strong></span> <span class='ocrx_word' id='word_1_180' title='bbox 3743 2075 3786 2167; x_wconf 87' lang='lat' dir='ltr'><strong>est.</strong></span> <span class='ocrx_word' id='word_1_181' title='bbox 3735 1928 3781 2005; x_wconf 84' lang='lat' dir='ltr'><strong>Ex</strong></span> <span class='ocrx_word' id='word_1_182' title='bbox 3730 1577 3779 1885; x_wconf 85' lang='lat' dir='ltr'><strong>consessione</strong></span> <span class='ocrx_word' id='word_1_183' title='bbox 3724 1405 3772 1537; x_wconf 90' lang='lat' dir='ltr'><strong>illius</strong></span> 
     </span>
     <span class='ocr_line' id='line_1_35' title="bbox 3814 1626 3892 3082; textangle 90"><span class='ocrx_word' id='word_1_184' title='bbox 3831 2792 3892 3082; x_wconf 86' lang='lat' dir='ltr'><strong>decerptum</strong></span> <span class='ocrx_word' id='word_1_185' title='bbox 3842 2643 3874 2752; x_wconf 91' lang='lat' dir='ltr'><strong>esse</strong></span> <span class='ocrx_word' id='word_1_186' title='bbox 3828 2444 3886 2608; x_wconf 87' lang='lat' dir='ltr'><strong>potest</strong></span> <span class='ocrx_word' id='word_1_187' title='bbox 3821 2084 3883 2410; x_wconf 80' lang='lat' dir='ltr'><strong>fragmentum</strong></span> <span class='ocrx_word' id='word_1_188' title='bbox 3815 1926 3861 2046; x_wconf 88' lang='lat' dir='ltr'><strong>satis</strong></span> <span class='ocrx_word' id='word_1_189' title='bbox 3814 1626 3861 1889; x_wconf 89' lang='lat' dir='ltr'><strong>obscurum</strong></span> 
     </span>
    </p>

    <p class='ocr_par' dir='ltr' id='par_1_22' title="bbox 3894 2106 3967 2947">
     <span class='ocr_line' id='line_1_36' title="bbox 3894 2106 3967 2947; textangle 90"><span class='ocrx_word' id='word_1_190' title='bbox 3906 2531 3967 2947; x_wconf 77' lang='lat' dir='ltr'><strong>„Stimulove</strong></span> <span class='ocrx_word' id='word_1_191' title='bbox 3917 2388 3949 2493; x_wconf 82' lang='lat' dir='ltr'><strong>cor</strong></span> <span class='ocrx_word' id='word_1_192' title='bbox 3894 2106 3946 2352; x_wconf 79' lang='lat' dir='ltr'><strong>meum.’&#39;</strong></span> 
     </span>
    </p>

    <p class='ocr_par' dir='ltr' id='par_1_23' title="bbox 3964 1401 4191 3076">
     <span class='ocr_line' id='line_1_37' title="bbox 3964 1402 4046 3075; textangle 90"><span class='ocrx_word' id='word_1_193' title='bbox 3985 2913 4046 3075; x_wconf 80' lang='lat' dir='ltr'><strong>Quum</strong></span> <span class='ocrx_word' id='word_1_194' title='bbox 3987 2687 4034 2867; x_wconf 86' lang='lat' dir='ltr'><strong>Atreus</strong></span> <span class='ocrx_word' id='word_1_195' title='bbox 3983 2365 4045 2639; x_wconf 78' lang='lat' dir='ltr'><strong>Thyestem</strong></span> <span class='ocrx_word' id='word_1_196' title='bbox 3992 2223 4024 2318; x_wconf 91' lang='lat' dir='ltr'><strong>non</strong></span> <span class='ocrx_word' id='word_1_197' title='bbox 3976 1986 4037 2178; x_wconf 72' lang='lat' dir='ltr'><strong>ipsum,</strong></span> <span class='ocrx_word' id='word_1_198' title='bbox 3971 1844 4019 1930; x_wconf 91' lang='lat' dir='ltr'><strong>sed</strong></span> <span class='ocrx_word' id='word_1_199' title='bbox 3973 1620 4018 1806; x_wconf 88' lang='lat' dir='ltr'><strong>tantum</strong></span> <span class='ocrx_word' id='word_1_200' title='bbox 3964 1402 4011 1581; x_wconf 87' lang='lat' dir='ltr'><strong>liberos</strong></span> 
     </span>
     <span class='ocr_line' id='line_1_38' title="bbox 4046 1401 4122 3075; textangle 90"><span class='ocrx_word' id='word_1_201' title='bbox 4064 2969 4111 3075; x_wconf 89' lang='lat' dir='ltr'><strong>eius</strong></span> <span class='ocrx_word' id='word_1_202' title='bbox 4064 2584 4122 2933; x_wconf 81' lang='lat' dir='ltr'><strong>interfecisset,</strong></span> <span class='ocrx_word' id='word_1_203' title='bbox 4062 2368 4108 2548; x_wconf 86' lang='lat' dir='ltr'><strong>iniuste</strong></span> <span class='ocrx_word' id='word_1_204' title='bbox 4056 2241 4105 2332; x_wconf 89' lang='lat' dir='ltr'><strong>sibi</strong></span> <span class='ocrx_word' id='word_1_205' title='bbox 4060 1997 4103 2206; x_wconf 90' lang='lat' dir='ltr'><strong>mortem</strong></span> <span class='ocrx_word' id='word_1_206' title='bbox 4052 1901 4099 1959; x_wconf 92' lang='lat' dir='ltr'><strong>ab</strong></span> <span class='ocrx_word' id='word_1_207' title='bbox 4052 1734 4098 1865; x_wconf 92' lang='lat' dir='ltr'><strong>illius</strong></span> <span class='ocrx_word' id='word_1_208' title='bbox 4046 1593 4093 1697; x_wconf 91' lang='lat' dir='ltr'><strong>filio</strong></span> <span class='ocrx_word' id='word_1_209' title='bbox 4046 1401 4092 1558; x_wconf 91' lang='lat' dir='ltr'><strong>inten-</strong></span> 
     </span>
     <span class='ocr_line' id='line_1_39' title="bbox 4142 2391 4191 3076; textangle 90"><span class='ocrx_word' id='word_1_210' title='bbox 4147 2922 4191 3076; x_wconf 84' lang='lat' dir='ltr'><strong>tatam</strong></span> <span class='ocrx_word' id='word_1_211' title='bbox 4157 2774 4189 2886; x_wconf 89' lang='lat' dir='ltr'><strong>esse</strong></span> <span class='ocrx_word' id='word_1_212' title='bbox 4142 2391 4190 2740; x_wconf 87' lang='lat' dir='ltr'><strong>arbitrabatur:</strong></span> 
     </span>
    </p>

    <p class='ocr_par' dir='ltr' id='par_1_24' title="bbox 4203 1628 4278 2936">
     <span class='ocr_line' id='line_1_40' title="bbox 4203 1628 4278 2936; textangle 90"><span class='ocrx_word' id='word_1_213' title='bbox 4219 2872 4271 2936; x_wconf 86' lang='grc' dir='ltr'><strong>οὐ</strong></span> <span class='ocrx_word' id='word_1_214' title='bbox 4217 2743 4270 2838; x_wconf 89' lang='grc' dir='ltr'><strong>τὸν</strong></span> <span class='ocrx_word' id='word_1_215' title='bbox 4218 2615 4269 2710; x_wconf 90' lang='grc' dir='ltr'><strong>σὸν</strong></span> <span class='ocrx_word' id='word_1_216' title='bbox 4217 2427 4269 2581; x_wconf 76' lang='grc' dir='ltr'><em>ἔκταν</em></span> <span class='ocrx_word' id='word_1_217' title='bbox 4213 2162 4278 2391; x_wconf 72' lang='grc' dir='ltr'><em>πατέρα,</em></span> <span class='ocrx_word' id='word_1_218' title='bbox 4207 1874 4274 2127; x_wconf 81' lang='grc' dir='ltr'><em>πολέμιόν</em></span> <span class='ocrx_word' id='word_1_219' title='bbox 4223 1783 4272 1841; x_wconf 75' lang='grc' dir='ltr'><strong>γε</strong></span> <span class='ocrx_word' id='word_1_220' title='bbox 4203 1628 4269 1747; x_wconf 81' lang='grc' dir='ltr'><em>μήν.</em></span> 
     </span>
    </p>

    <p class='ocr_par' dir='ltr' id='par_1_25' title="bbox 4290 1726 4334 1788">
     <span class='ocr_line' id='line_1_41' title="bbox 4290 1726 4334 1788; textangle 90"><span class='ocrx_word' id='word_1_221' title='bbox 4290 1726 4334 1788; x_wconf 83' lang='grc'><strong>35</strong></span> 
     </span>
    </p>
   </div>
   <div class='ocr_carea' id='block_1_6' title="bbox 0 0 5010 3336">
    <p class='ocr_par' dir='ltr' id='par_1_26' title="bbox 0 0 5010 3336">
     <span class='ocr_line' id='line_1_42' title="bbox 0 0 5010 3336; textangle 90"><span class='ocrx_word' id='word_1_222' title='bbox 0 0 5010 3336; x_wconf 95' lang='lat' dir='ltr'><strong> </strong></span> 
     </span>
    </p>
   </div>
  </div>
 </body>
</html>
