5010 3336
2529 678 2560 683 -..
2583 668 2811 687 Lvssss-.-.9⁴o,;„r
2830 678 2868 688 η.»
2898 679 3038 696 ''⁷‘Je'r
3069 681 3147 695 1⁰1

2521 706 2555 710 ,Α
2595 706 2644 713 ἢ
2704 706 2752 713 >m-

2630 717 2642 726 v

3959 2089 4015 2212 488

3830 1297 3877 1445 homo
3813 1481 3875 1660 partim
3810 1697 3859 1922 serpenS,
3821 1960 3855 2072 cum
3818 2106 3867 2302 filiabus
3799 2328 3866 2557 depictus
3810 2589 3854 2711 erat.
3790 2777 3858 2984 Delphis

3748 1294 3797 1520 omnibus
3748 1560 3795 1621 ad
3730 1672 3792 1842 epulas
3728 1891 3788 2107 vocatis,
3721 2154 3785 2466 paedagogus
3732 2519 3779 2580 ad
3715 2627 3777 2802 pocula
3725 2837 3772 2983 mini-

3670 1293 3717 1497 stranda
3668 1529 3699 1582 se
3665 1603 3713 1781 obtulit
3664 1818 3707 1867 et
3646 1903 3709 2114 phialam
3641 2146 3705 2289 longe
3638 2316 3701 2684 amplissimam,
3634 2721 3693 2859 quasi
3644 2894 3692 2985 ho-

3590 1292 3637 1428 noris
3574 1466 3620 1667 caussa,
3584 1705 3625 1818 ante
3568 1854 3630 2048 ionem,
3577 2085 3626 2306 immisso
3559 2343 3606 2558 veneno,
3555 2596 3616 2791 plenam
3564 2828 3611 2985 collo-—

3508 1292 3557 1434 cavit.
3507 1506 3556 1606 Sed
3489 1643 3551 1960 adolescens,
3498 2017 3530 2128 cum
3496 2166 3545 2319 libare
3481 2355 3542 2526 vellet,
3488 2578 3535 2725 verbo
3471 2774 3532 2984 quodam

3431 1289 3477 1418 servi
3428 1455 3475 1583 male
3422 1621 3471 1835 omissato
3406 1873 3467 2117 monitus,
3417 2156 3464 2205 in
3414 2241 3458 2425 terram
3393 2466 3455 2715 extemplo
3403 2751 3454 2984 libamina

3351 1291 3397 1453 omnia
3346 1491 3394 1675 effundi
3342 1712 3390 1870 iussit.
3324 1942 3388 2167 Repente
3335 2202 3381 2347 turba
3318 2380 3379 2735 columbarum,
3311 2773 3357 2899 quae
3321 2934 3370 2982 in

3268 1285 3319 1508 delubris
3251 1548 3313 1785 Apollinis
3246 1822 3309 2137 habitabant,
3255 2185 3302 2245 ad
3250 2290 3301 2617 hauriendum
3245 2666 3294 2829 vinum
3228 2863 3275 2981 pro-

3189 1286 3239 1453 fusum
3180 1491 3231 1778 convolavit.
3180 1848 3228 1916 lbi
3164 1954 3210 2102 quum
3159 2139 3224 2342 reliquis
3170 2370 3219 2558 innoxia
3166 2584 3216 2766 suisset
3148 2793 3214 2980 libatio,

3096 1286 3142 1378 ea,
3092 1424 3137 1549 quae
3104 1586 3152 1713 Ionis
3087 1752 3143 1921 potum
3084 1972 3144 2210 gustavit,
3091 2260 3138 2424 statim
3073 2460 3136 2733 palpitante
3068 2770 3116 2980 corpore

3012 1284 3077 1549 missisque
3022 1585 3070 1787 vocibus
3021 1836 3068 1954 diris
3002 2005 3063 2285 exspiravit.
3011 2355 3059 2407 ln
3008 2455 3056 2586 facto
2989 2637 3052 2978 deprehensus

2949 1285 2983 1437 senex
2947 1487 2992 1544 ab
2939 1595 2989 1913 adolescente
2936 1963 2984 2187 confiteri
2933 2237 2980 2397 scelus
2927 2451 2968 2650 coactus
2923 2700 2969 2791 est.
2921 2861 2970 2980 lude

2870 1286 2917 1391 sine
2865 1427 2899 1565 mora
2862 1602 2910 1683 ille
2860 1720 2891 1833 cum
2858 1871 2904 2087 convivis
2855 2125 2901 2185 ad
2838 2235 2898 2547 magistratus
2830 2584 2895 2884 Delphorum
2841 2924 2872 2977 se

2772 1278 2835 1555 proripuit,
2767 1596 2827 1678 qui
2777 1707 2825 2035 consentienti
2774 2059 2822 2238 iudicio
2756 2266 2820 2519 Creusam,
2753 2549 2812 2678 quod
2760 2705 2810 2975 antistitem

2693 1278 2754 1452 templi
2702 1488 2751 1612 intra
2698 1650 2743 1862 sacraria
2697 1899 2744 1979 dei
2693 2016 2742 2299 interficere
2688 2337 2730 2509 conata
2674 2548 2728 2706 esset,
2685 2755 2731 2817 de
2666 2851 2713 2976 rupe

2609 1276 2672 1591 praecipitari
2617 1629 2666 1877 iusserunt
2616 1915 2657 1965 et
2597 2000 2661 2259 miserunt,
2596 2298 2656 2380 qui
2607 2408 2655 2649 inventam
2605 2696 2652 2757 ad
2585 2784 2649 2974 suppli-

2548 1279 2597 1408 cium
2528 1446 2581 1695 raperent.

2447 1410 2513 1834 Sapientisshnum
2454 1873 2497 1978 erat
2452 2014 2499 2194 icteris
2433 2222 2495 2506 tragoediae
2434 2542 2493 2838 institutum,
2428 2876 2475 2973 quo

2371 1275 2434 1446 epicae
2367 1497 2413 1709 poeseos
2375 1773 2422 1927 virtus
2373 1980 2404 2089 cum
2367 2148 2418 2444 dramaticae
2363 2504 2411 2870 consociaretur
2360 2921 2404 2973 et

2290 1275 2355 1514 rhapsodi
2284 1552 2329 1813 personam
2293 1851 2341 2029 histrio
2276 2070 2330 2346 opportune
2269 2383 2331 2688 susciperet,
2268 2728 2328 2859 quod
2281 2896 2328 2971 in-

2223 1271 2273 1498 stitutum
2215 1538 2256 1817 manaverat
2214 1853 2244 1913 ex
2212 1951 2258 2122 eadem
2209 2159 2256 2325 iudicii
2192 2363 2253 2675 sinceritate,
2188 2725 2234 2819 qua
2201 2857 2248 2969 reli-

2131 1272 2178 1477 quarum
2137 1514 2184 1694 artium
2119 1739 2165 2075 generumque
2116 2121 2162 2331 poeseos
2126 2381 2173 2721 confusionem
2122 2771 2164 2967 veteres

2059 1272 2113 1506 vitabant.
2057 1581 2106 1704 Sunt
2055 1756 2101 1885 enim
2038 1935 2083 2060 quae
2036 2114 2083 2275 neque
2032 2312 2088 2549 apparatu
2044 2588 2092 2786 scenico
2027 2824 2090 2969 (ligne

1971 1267 2024 1631 repraesentari
1960 1667 2008 1827 neque
1958 1863 2019 2052 agendo
1969 2090 2014 2348 commode
1952 2383 2013 2620 explIcari
1950 2657 2006 2860 queant3
1961 2916 2003 2967 et

1907 1267 1952 1308 si
1904 1343 1951 1419 vel
1898 1456 1945 1669 maxime
1881 1706 1934 1879 posset
1892 1916 1937 2057 turba
1874 2108 1935 2410 epulantium
1886 2464 1927 2515 et
1869 2550 1926 2812 apparatus
1882 2849 1914 2966 con-

1825 1266 1872 1378 vivii
1822 1415 1863 1465 et
1815 1504 1865 1788 aulaeorum
1797 1825 1860 2020 pictura
1812 2070 1852 2119 et
1807 2164 1840 2426 consessus
1789 2469 1852 2746 principum
1785 2793 1850 2968 populi

1743 1266 1777 1379 cum
1736 1408 1788 1702 iudiciorum
1733 1733 1780 2053 sollemnibus
1714 2091 1778 2238 digne
1712 2274 1768 2487 apteque
1711 2517 1771 2757 exhiberi,
1721 2795 1769 2964 nolue-

1663 1262 1703 1379 runt
1658 1432 1706 1616 animos
1655 1653 1700 1796 variis
1654 1836 1693 1885 et
1635 1922 1698 2277 multiplicibus
1632 2316 1691 2614 spectaculis
1643 2650 1690 2877 distineri
1640 2913 1683 2964 et

1585 1262 1616 1290 a
1579 1328 1614 1517 summa
1575 1569 1607 1735 rerum
1572 1785 1620 2018 abstrahi.
1554 2089 1618 2264 Neque
1567 2306 1614 2435 enim
1564 2473 1596 2705 sensuum
1561 2744 1611 2961 delecta-

1502 1261 1550 1380 tioni
1496 1416 1531 1613 scenam
1492 1651 1541 1947 destinatam
1475 1984 1521 2126 esse,
1471 2173 1518 2334 neque
1469 2371 1530 2593 corporis
1466 2630 1530 2960 voluptatibus

1403 1263 1468 1602 serviendum,
1413 1666 1460 1754 sed
1410 1802 1457 2046 actionum
1406 2094 1452 2358 momentis
1403 2417 1451 2642 homines
1400 2692 1448 2959 movendos

1342 1263 1374 1376 esse
1320 1413 1385 1710 iudicabant,
1316 1750 1361 1955 quarum
1327 1993 1374 2090 vim
1309 2127 1372 2297 augeri
1323 2325 1370 2600 revocando
1323 2631 1370 2691 ad
1305 2724 1369 2957 simplici-

1260 1258 1305 1413 tatem
1240 1462 1297 1607 atque
1235 1660 1297 2065 perspicuitatem
1246 2121 1277 2200 res
1229 2250 1291 2468 quamvis
1225 2518 1289 2703 amplas
1225 2757 1289 2956 lateque

1165 1255 1222 1485 patentes
1159 1522 1219 1717 planum
1167 1757 1211 1850 est.
1168 1923 1215 1974 In
1167 2011 1214 2102 hac
1164 2147 1207 2311 autem
1163 2352 1209 2630 narratione
1145 2656 1192 2950 componen-

1102 1257 1149 1318 da
1084 1355 1140 1573 quamvis
1090 1611 1137 1818 multum
1087 1855 1129 2027 noster
1071 2062 1133 2304 voluptati
1067 2339 1130 2613 studiisque
1081 2645 1127 2824 civium
1079 2863 1126 2952 de-

1006 1256 1067 1418 derit,
1012 1466 1058 1628 tamen
1010 1665 1057 1785 nihil
1006 1833 1054 2098 immiscuit
1002 2135 1050 2278 alieni
989 2313 1045 2458 atque
998 2494 1049 2657 otiosi.
998 2727 1050 2952 Donariis

936 1254 983 1406 sacris
931 1443 979 1708 tentorium
926 1749 972 2011 convestiri
911 2046 971 2212 finxit,
907 2260 954 2353 quo
907 2388 969 2579 gravius
921 2618 963 2752 esset
918 2787 966 2950 scelus

856 1252 906 1382 Inter
839 1414 902 1519 ipsa
851 1555 900 1634 dei
848 1670 881 1808 sacra
830 1847 892 2197 commissnm3
842 2248 890 2437 coelum
842 2484 874 2596 cum
838 2636 887 2792 stellis
838 2838 886 2948 uni-

763 1250 823 1435 versis,
758 1483 819 1622 quasi
766 1658 817 1861 deorum
750 1901 811 2193 concilium,
746 2228 809 2475 inspicere
757 2507 809 2617 illas
757 2654 791 2734 res
756 2770 805 2945 eadem

3820 3180 3953 3187 var-4*-
