5010 3336
786 683 806 686 -
821 677 926 687 νυ«”-ν--
947 675 993 687 --ἰ
1011 676 1085 687 —⁴·-‘

3862 2104 3918 2227 418

3719 1328 3767 1588 caruerunt
3724 1622 3773 1791 fructu
3709 1812 3773 2069 Hippolyti
3711 2102 3771 2332 virtutes3
3722 2368 3754 2478 nam
3722 2514 3766 2566 et
3720 2586 3770 2726 vivus
3719 2760 3753 2841 me
3718 2876 3765 3009 socia

3627 1326 3683 1474 atque
3643 1508 3691 1717 fautrice
3629 1752 3691 1943 gavisus
3632 1982 3687 2073 est,
3643 2109 3685 2159 et
3642 2193 3684 2416 mortuus
3626 2454 3687 2707 perpetuis
3638 2742 3687 3009 honoribus

3560 1326 3608 1532 fruetur.
3565 1604 3612 1702 Sed
3564 1748 3611 1998 interitum
3562 2050 3594 2220 arcere
3562 2269 3609 2403 nulla
3546 2439 3608 2662 cuiquam
3544 2713 3606 3011 praestantia

3465 1326 3525 1517 potest:
3468 1556 3530 1669 quin
3484 1705 3531 1853 etiam
3469 1888 3529 2191 gravioribus
3465 2229 3529 2484 expositus
3481 2522 3523 2598 est
3470 2633 3527 3010 calamitatibus,

3385 1327 3433 1422 quo
3387 1450 3449 1556 quis
3386 1578 3451 1734 magis
3403 1761 3451 2022 virtutibus
3391 2057 3449 2271 excellit,
3386 2298 3448 2706 quemadmodum
3399 2736 3447 3011 celsissima

3306 1327 3353 1550 quaeque
3307 1584 3370 1869 gravissima
3322 1904 3370 2044 ruina
3321 2079 3362 2377 sternuntur.
3306 2451 3369 2623 Neque
3319 2649 3366 2778 enim
3319 2804 3366 2901 ulla
3318 2927 3350 3010 na-

3240 1326 3282 1438 tura
3242 1472 3290 1694 mortalis
3242 1730 3291 1953 omnibus
3242 1992 3289 2208 numeris
3242 2247 3288 2468 absoluta
3228 2506 3282 2597 est,
3239 2636 3285 2723 sed
3238 2749 3285 3010 virtutibus

3161 1326 3208 1530 finitima
3163 1567 3206 1678 sunt
3152 1710 3211 1840 vitia,
3149 1878 3195 2001 quae
3163 2037 3210 2086 in
3162 2121 3209 2405 celsissimis
3144 2431 3206 2706 quibusque
3158 2732 3206 3011 hominibus

3081 1326 3128 1537 maxime
3083 1584 3125 1694 sunt
3069 1732 3129 2028 conspicua,
3082 2078 3124 2125 et
3082 2172 3123 2308 tanto
3067 2357 3127 2630 odiosiora,
3062 2682 3110 2776 quo
3076 2826 3125 3012 maiore

2985 1328 3048 1535 quisque
3003 1572 3050 1844 constantia
2988 1893 3046 2040 atque
2986 2091 3048 2356 pertinacia
3000 2408 3047 2624 studium
2997 2663 3029 2803 suum
2982 2839 3029 3012 perse-

2905 1328 2969 1511 quitur,
2910 1547 2966 1780 tantoque
2925 1816 2972 1960 citius
2923 1999 2970 2171 eadem
2923 2209 2969 2267 ad
2905 2312 2967 2577 perniciem
2917 2614 2965 2878 adducunt.

2830 1461 2890 1616 Quam
2828 1665 2891 1931 Euripides
2843 1981 2890 2213 indicavit
2840 2260 2889 2464 deorum
2822 2511 2886 2699 legem,
2822 2751 2868 3011 quamque,

2761 1327 2808 1458 hunc
2753 1494 2806 1710 secutuS‚
2764 1747 2811 1895 etiam
2763 1924 2811 2128 Ovidius
2751 2162 2806 2572 commemoravit,
2743 2608 2789 2702 qua
2757 2734 2804 2889 licere
2757 2925 2789 3013 ne-

2667 1327 2725 1442 gant
2670 1478 2731 1700 cuiquam
2684 1739 2730 1833 deo
2682 1870 2730 1992 alius
2682 2031 2729 2111 dei
2682 2144 2729 2272 sacta
2680 2309 2728 2444 irrita
2679 2478 2728 2647 facere
2678 2688 2724 2790 sive
2677 2824 2725 3012 rescin-

2590 1329 2649 1476 dere,
2603 1528 2634 1632 eam
2603 1684 2635 1779 non
2601 1815 2649 2181 accuratissime
2600 2230 2632 2339 cum
2598 2388 2647 2762 Homericorum
2596 2810 2645 3013 deorum

2521 1330 2571 1682 consuetudine
2521 1710 2567 1969 convenire
2521 2003 2569 2127 falso
2506 2156 2563 2297 putat
2518 2315 2569 2684 Valckenarius.
2503 2754 2566 3014 Nunquam

2442 1330 2489 1399 illi
2442 1436 2489 1526 nisi
2443 1561 2490 1638 vel
2441 1685 2489 1882 iubente
2440 1925 2488 2002 vel
2423 2053 2486 2375 permittente
2438 2411 2486 2521 Iove
2437 2570 2470 2740 manus
2437 2786 2485 2914 inter
2437 2959 2469 3014 se

2355 1332 2403 1629 conserunt,
2347 1679 2392 1839 neque
2346 1875 2392 2085 unquam
2342 2123 2406 2355 singulari
2357 2391 2405 2658 certamine
2358 2695 2405 2758 de
2358 2792 2388 2887 uno
2356 2923 2403 3015 ho-

2280 1330 2328 1462 mine
2281 1500 2328 1828 contendunt:
2264 1878 2328 2130 indignum
2278 2170 2325 2297 enim
2277 2353 2318 2486 esset
2260 2533 2309 2622 pro
2276 2671 2308 2765 uno
2277 2802 2323 2905 viro
2275 2940 2323 3014 bi-

2201 1331 2233 1420 nos
2201 1457 2247 1577 deos
2202 1612 2248 1809 vulnera
2201 1841 2247 1935 sibi
2195 1963 2245 2162 inferre.
2197 2234 2243 2306 Ac
2197 2342 2228 2404 ne
2197 2430 2243 2477 in
2181 2502 2244 2791 populorum
2182 2816 2243 3015 quidem

2105 1331 2168 1533 proeliis
2122 1569 2163 1756 temere
2119 1791 2152 1962 manus
2106 1992 2159 2271 conserunt,
2118 2310 2164 2398 sed
2116 2424 2149 2714 concursum
2116 2739 2163 3016 verecunde

2042 1330 2088 1501 vitant.
2027 1572 2089 1777 Proprio
2041 1822 2082 1983 autem
2040 2034 2086 2145 odio
2038 2195 2080 2245 et
2022 2278 2085 2465 privata
2037 2512 2084 2583 ira
2036 2620 2084 2853 concitati
2036 2885 2083 3015 inter

1963 1333 1995 1389 se
1963 1424 2010 1763 conflictantur
1964 1798 2009 1845 in
1944 1882 2008 2045 rhaps.
1956 2083 2007 2213 XXl.
1959 2252 1991 2295 v.
1944 2334 2003 2476 385„
1942 2522 1989 2618 qua
1957 2656 1989 2715 ex
1957 2749 1988 2804 re
1956 2840 2003 3014 miram

1867 1332 1931 1630 voluptatem
1867 1668 1929 1800 capit
1865 1834 1929 2063 luppiter.

1788 1466 1851 1772 Appon-tatur
1801 1808 1851 1985 deinde
1784 2021 1847 2323 Hippolytus
1797 2362 1845 2483 eliso
1786 2506 1807 2518 ,
1796 2568 1844 2748 laniato
1796 2786 1839 3013 cruento-

1709 1336 1755 1431 que
1708 1467 1756 1704 eorpore,
1723 1740 1771 1889 foedo
1706 1926 1767 2194 adspectu,
1718 2233 1749 2343 cum
1717 2379 1764 2532 flebili
1713 2568 1764 2798 clamore.
1715 2869 1764 3016 Hune

1645 1334 1692 1487 Diana
1644 1523 1692 1804 consolatur
1642 1840 1675 1962 neve
1626 1997 1687 2125 patri
1637 2162 1686 2403 irascatur
1626 2438 1678 2629 monet;
1636 2667 1684 2838 eadem
1636 2876 1667 2929 se
1636 2965 1680 3017 et

1565 1334 1613 1570 ultionem
1556 1607 1614 1816 Veneris
1545 1853 1602 2193 suscepturam
1559 2228 1590 2338 esse
1542 2384 1604 2677 pollicetur,
1556 2725 1598 2773 et
1555 2809 1604 3015 effectu-

1473 1336 1516 1459 ram,
1485 1496 1528 1548 ut
1469 1582 1530 1836 perpetuis
1479 1864 1528 2132 honoribus
1462 2166 1527 2467 Hippolytus
1479 2500 1509 2526 a
1461 2563 1525 2832 virginibus
1476 2874 1524 3015 innu-

1390 1335 1451 1432 ptis
1406 1464 1453 1650 colatur
1390 1678 1455 1741 *).
1386 1790 1451 2051 Postquam
1400 2080 1447 2171 dea
1388 2200 1446 2445 discessit,
1398 2475 1445 2607 filius
1383 2635 1440 2822 patrem
1397 2850 1444 3013 caedis

1309 1337 1374 1480 culpa
1325 1516 1373 1687 liberat
1307 1722 1371 2014 interposito
1307 2048 1367 2342 iuramento,
1304 2378 1365 2639 statimque
1318 2672 1365 2766 hoc
1319 2800 1366 2932 facto
1317 2966 1364 3015 in

1245 1336 1295 1482 huius
1230 1519 1292 1821 amplexibus
1241 1858 1289 2064 animam
1240 2099 1288 2235 efflat
1239 2279 1281 2329 et
1239 2379 1286 2437 ab
1239 2476 1285 2648 eodem
1223 2688 1285 3013 componitur.

1165 1466 1214 1617 Plane
1150 1654 1212 1910 singularis
1162 1947 1193 2003 ac
1145 2050 1192 2207 paene
1159 2251 1207 2465 inaudita
1145 2510 1207 2698 graecis
1158 2732 1206 3013 hominibus

1088 1338 1130 1416 est
1087 1451 1133 1594 animi
1085 1629 1133 1803 lenitas
1073 1824 1095 1837 ,
1067 1888 1129 2108 aequitas
1080 2145 1123 2196 et
1067 2228 1127 2531 moderatio,
1066 2568 1111 2661 qua
1066 2694 1128 2903 ignoscit
1066 2936 1125 3013 iis,

1009 1339 1040 1365 a
994 1391 1055 1567 quibus
1005 1593 1053 1767 iniuria
986 1811 1049 2204 contumeliaque
1000 2231 1047 2435 affectus
1000 2465 1041 2515 et
1001 2538 1047 2680 morti
998 2709 1047 3014 miserrimae

928 1339 976 1561 obiectus
926 1598 969 1686 est.
923 1756 972 1870 Solo
904 1907 969 2253 philosophiae
920 2302 967 2466 studio
920 2514 952 2620 eam
920 2655 967 2803 animi
919 2843 966 3012 altitu-

739 1396 794 1447 ²i)
751 1481 792 1548 Cf.
750 1579 792 1750 Welck.
737 1784 775 1826 p.
736 1858 792 1972 745„
734 2003 787 2076 qui
746 2105 786 2225 hune
745 2246 785 2461 honorem
745 2484 773 2586 cum
732 2616 773 2791 corona,
732 2825 773 2910 qua
745 2940 773 3012 or-

680 1478 718 1606 natus
664 1635 722 1907 Hippolytus
664 1935 718 2080 primo
674 2109 716 2152 in
672 2182 702 2359 scenam
659 2390 716 2564 prodiit,
672 2595 712 2715 recte
661 2746 716 2981 componit.
