5010 3336
3897 2098 3954 2221 4130

3762 1322 3811 1519 stituit?
3745 1584 3811 1808 Ineptum
3761 1843 3795 1960 sane
3758 1981 3810 2243 iudicium!
3756 2283 3804 2371 sed
3755 2392 3804 2543 multo
3736 2568 3802 2778 ineptior
3733 2802 3798 2984 fabula,

3669 1320 3716 1462 quam
3683 1501 3730 1545 ei
3666 1591 3728 1856 praemisit.
3680 1926 3727 2002 Au
3678 2044 3725 2278 credibile
3676 2321 3718 2398 est
3657 2442 3723 2793 Athenienses,
3653 2839 3701 2986 quum

3588 1317 3651 1560 patientes
3601 1597 3634 1736 aures
3585 1771 3647 2114 praebuissent
3598 2149 3645 2267 deos
3596 2305 3628 2416 esse
3580 2452 3639 2672 neganti,
3589 2721 3622 2891 aurum
3587 2924 3634 2984 ab

3524 1316 3572 1490 eodem
3522 1524 3570 1709 laudari
3519 1739 3568 1958 videntes
3517 1978 3565 2237 tumultum
3515 2260 3562 2471 movisse
3515 2489 3561 2512 ‘3
3495 2580 3561 2842 Euripides
3508 2869 3553 2987 vero

3443 1315 3492 1400 ille
3444 1433 3490 1480 in
3442 1516 3488 1730 medium
3424 1767 3487 2028 prosiliens
3439 2065 3478 2113 et
3421 2133 3483 2422 supplicium
3433 2444 3482 2670 scelerati
3416 2691 3477 2984 promittens

3348 1316 3395 1457 quam
3361 1496 3412 1759 ridiculus!
3360 1829 3407 1892 Et
3357 1926 3407 2239 nihilominus
3356 2274 3403 2355 hic
3339 2389 3402 2640 improbus
3335 2660 3392 2803 atque
3348 2828 3390 2984 teme-

3271 1312 3330 1485 rarius,
3282 1523 3313 1630 cum
3266 1666 3312 1821 paene
3278 1857 3327 2043 eiectus
3278 2080 3319 2212 esset
3276 2249 3307 2276 e
3262 2302 3321 2511 theatro,
3272 2547 3320 2675 idem
3256 2714 3317 2983 periculum

3188 1312 3250 1507 saepius
3201 1545 3248 1709 subire
3200 1744 3232 1839 non
3197 1875 3247 2148 dubitavit?
3180 2217 3244 2545 Improbitatis
3174 2582 3240 2843 Euripides
3188 2879 3231 2983 tum

3123 1310 3170 1614 accusandus
3108 1651 3168 1773 erit,
3121 1822 3166 1862 si
3119 1906 3167 2017 libri
3118 2052 3165 2154 lobi
3115 2190 3156 2361 auctor
3113 2396 3161 2569 eodem
3109 2608 3158 2813 crimine
3109 2848 3141 2981 com-

3026 1310 3090 1482 pellari
3026 1518 3088 1713 poterit.
3025 1780 3087 1954 Neque
3039 1999 3085 2126 enim
3019 2176 3067 2463 quemquam
3018 2512 3077 2664 magis
3013 2714 3077 2980 Euripidis,

2948 1311 2994 1454 quam
2963 1493 3009 1606 illae
2945 1654 3009 2041 disputationes,
2955 2091 3005 2342 offendere
2938 2396 2993 2617 possunt.
2948 2687 2996 2980 Aristoteles

2868 1309 2929 1420 quin
2883 1479 2930 1604 hanc
2866 1654 2927 1965 potissimum
2863 2014 2922 2313 tragoedIam
2857 2372 2918 2639 respiciens
2852 2690 2918 2979 Euripidem

2802 1306 2850 1485 dixerit
2802 1520 2834 1630 esse
2785 1665 2849 2080 τραγικώτατον,
2796 2126 2827 2217 non
2792 2267 2842 2451 dubito,
2776 2523 2838 2764 Aequales
2787 2813 2830 2978 autem

2706 1301 2770 1664 popularesque
2703 1699 2768 1944 Euripidis
2715 1980 2763 2333 admirabiliter
2713 2366 2759 2457 hac
2696 2492 2756 2737 tragoedia
2707 2771 2756 2979 affectos

2642 1305 2674 1418 esse
2625 1469 2689 1807 Aristophanis
2636 1870 2682 2085 ostendit
2623 2148 2681 2379 imitatio,
2631 2440 2678 2576 cuius
2630 2624 2677 2725 Pax
2613 2779 2675 2977 quidem

2546 1302 2594 1459 paene
2561 1493 2602 1594 tota
2542 1630 2607 2076 inBellerophonte
2553 2097 2601 2294 nititur:
2553 2332 2583 2439 nam
2533 2465 2599 2679 Trygaei
2548 2716 2596 2766 in
2547 2786 2595 2976 coelum

2481 1302 2527 1528 ascensio
2479 1590 2525 1782 conatui
2458 1832 2525 2228 Bellerophontis
2471 2278 2517 2502 omnibus
2470 2552 2499 2577 a
2454 2626 2514 2844 partibus
2467 2894 2498 2974 re-

2386 1301 2447 1539 spondet,
2400 1589 2442 1692 tum
2398 1731 2445 1854 coeli
2380 1892 2443 2046 ipsius
2393 2081 2440 2246 habitu
2393 2296 2434 2344 et
2390 2380 2437 2582 deorum
2372 2620 2419 2826 peregre
2370 2859 2419 2974 pro-

2319 1300 2368 1548 fectorum
2319 1583 2350 1639 re
2302 1674 2364 1960 domestica,
2299 1997 2361 2186 qualem
2293 2214 2357 2973 praesens'I'rygaeusintuetur,

2226 1300 2272 1384 ea,
2225 1437 2270 1560 quae
2239 1611 2286 1673 de
2235 1731 2283 1876 rebus
2233 1923 2280 2101 divinis
2233 2148 2279 2227 ille
2215 2274 2277 2548 suspicatus
2228 2598 2269 2673 est
2210 2708 2273 2974 sensitque,

2158 1299 2206 1663 confirmantur.
2155 1735 2204 1923 Rursus
2154 1958 2201 2088 idem
2136 2125 2199 2477 Aristophanes
2149 2514 2196 2559 in
2133 2597 2196 2805 Vespis‚
2144 2859 2177 2972 cum

2063 1296 2121 1486 patrem
2077 1526 2125 1746 insanum
2076 1785 2106 1810 a
2076 1846 2122 1944 filio
2074 1982 2120 2217 custodiri
2062 2259 2119 2425 faciat,
2052 2467 2116 2720 Euripidis
2066 2756 2113 2969 fabulam

1982 1296 2049 1693 ἅνασελγαίνειν
1983 1748 2043 1971 videtur,
1976 2024 2040 2344 pluribusque
1990 2405 2037 2513 aliis
1988 2572 2035 2691 locis
1984 2746 2032 2968 versibus

1902 1295 1967 1498 singulis
1917 1535 1963 1714 abusus
1916 1752 1958 1843 est.
1899 1912 1962 2085 Neque
1898 2126 1958 2478 posterioribus
1891 2524 1954 2828 temporibus
1904 2875 1951 2968 im-

1838 1295 1886 1535 minutum
1837 1581 1869 1693 esse
1836 1740 1883 1885 huius
1834 1933 1880 2165 dramatis
1830 2218 1879 2454 honorem
1829 2503 1860 2530 e
1827 2565 1874 2730 multis
1823 2776 1873 2968 indiciis

1741 1292 1807 1600 intelligitur.
1755 1672 1804 1880 Crantor
1742 1912 1802 2009 ille,
1737 2049 1784 2190 quem
1750 2224 1799 2398 Cicero
1748 2436 1796 2503 ait
1747 2536 1794 2583 in
1744 2618 1792 2865 academia
1743 2889 1791 2966 vel

1678 1291 1726 1340 in
1662 1388 1724 1559 primis
1675 1617 1724 1774 fuisse
1662 1834 1721 2078 nobilem,
1653 2143 1722 2495 ἐθαύμαζε
1663 2553 1716 2830 πάντων
1646 2890 1714 2967 δὴ

1579 1291 1649 1871 μᾶλλον”’ομηρον
1592 1905 1643 2016 καὶ
1571 2051 1640 2479 Εὐριπίδην,
1569 2529 1636 2738 λέγων
1566 2772 1636 2964 ἐργῶ-

1506 1293 1566 1405 δες
1515 1442 1567 1511 ἐν
1497 1545 1558 1631 τῷ
1495 1661 1562 1876 κυρίῳ
1495 1900 1556 2244 τραγικῶς
1491 2280 1558 2411 ἅμα
1504 2446 1555 2555 καὶ
1485 2590 1548 2967 συμπαθῶς

1420 1288 1485 1573 γράψαι·
1430 1608 1484 1696 καὶ
1413 1730 1481 2051 προεφέρετο
1426 2089 1478 2181 τὸν
1409 2218 1476 2395 στίχον
1422 2428 1473 2523 τὸν
1420 2556 1474 2613 ἐκ
1418 2646 1465 2744 τοῦ
1416 2778 1466 2963 Βελλε-

1338 1287 1404 1588 ροφόντου·

1255 1420 1322 1590 οἴμοι·
1270 1627 1321 1677 τί
1269 1711 1319 1758 δ’
1254 1797 1319 1941 οἴμοι
1257 1953 1298 1967 ,·
1251 2006 1315 2180 θνητοί
1264 2214 1296 2293 τοι
1246 2328 1312 2668 πεπόνθαμεν
1244 2702 1309 2773 *).

1176 1285 1241 1610 Chrysippus,
1170 1647 1236 1879 princeps
1173 1916 1234 2205 stoicorum,
1168 2244 1229 2409 quanti
1179 2444 1230 2620 fecerit
1162 2654 1226 2959 Euripidem,

1112 1285 1161 1434 docet
1095 1467 1159 1795 fragmentum
1105 1851 1153 1963 libri
1090 2010 1155 2129 περὶ
1086 2174 1153 2551 ἀποφατικῶν,
1084 2599 1145 2731 quod
1097 2774 1129 2833 ex
1082 2869 1127 2957 pa-

1018 1283 1065 1409 pyro
1014 1445 1081 1745 descriptum
1010 1780 1075 2017 Bergkius
1006 2053 1054 2208 nuper
1004 2255 1068 2531 explicavit.
1018 2598 1068 2731 Idem
1015 2769 1063 2959 solebat

951 1284 1006 1521 ἐπαινεῑυ
949 1555 999 1641 καὶ
928 1676 997 2037 προφέρεσθαι
940 2070 991 2133 τὰ
939 2168 986 2265 τοῦ
925 2303 991 2603 Εὐριπίδου
935 2638 988 2790 ταυτὶ
933 2821 982 2956 πολ-

860 1282 921 1457 λακις·

710 1346 765 1394 ³¹²)
705 1423 763 1554 Diog·
713 1585 761 1732 Laert.
699 1762 757 1832 IV,
711 1860 757 1929 26.
