<?xml version="1.0" encoding="UTF-8"?>
<!DOCTYPE html PUBLIC "-//W3C//DTD XHTML 1.0 Transitional//EN"
    "http://www.w3.org/TR/xhtml1/DTD/xhtml1-transitional.dtd">
<html xmlns="http://www.w3.org/1999/xhtml" xml:lang="en" lang="en">
 <head>
  <title>
</title>
<meta http-equiv="Content-Type" content="text/html;charset=utf-8" />
  <meta name='ocr-system' content='tesseract 3.04.00' />
  <meta name='ocr-capabilities' content='ocr_page ocr_carea ocr_par ocr_line ocrx_word'/>
</head>
<body>
  <div class='ocr_page' id='page_1' title='image "./euripidesrestitu00hartuoft_raw_0525.png"; bbox 0 0 5010 3336; ppageno 0'>
   <div class='ocr_carea' id='block_1_1' title="bbox 0 0 4132 3333">
    <p class='ocr_par' dir='ltr' id='par_1_1' title="bbox 0 0 4132 3333">
     <span class='ocr_line' id='line_1_1' title="bbox 0 0 4132 3333; textangle 90"><span class='ocrx_word' id='word_1_1' title='bbox 0 0 4132 3333; x_wconf 95' lang='lat' dir='ltr'> </span> 
     </span>
    </p>
   </div>
   <div class='ocr_carea' id='block_1_2' title="bbox 2475 3271 2505 3311">
    <p class='ocr_par' dir='ltr' id='par_1_2' title="bbox 2475 3271 2505 3311">
     <span class='ocr_line' id='line_1_2' title="bbox 2475 3271 2505 3311; textangle 90"><span class='ocrx_word' id='word_1_2' title='bbox 2475 3271 2505 3311; x_wconf 73' lang='lat' dir='ltr'>lsi·</span> 
     </span>
    </p>
   </div>
   <div class='ocr_carea' id='block_1_3' title="bbox 1156 3331 4313 3336">
    <p class='ocr_par' dir='ltr' id='par_1_3' title="bbox 1156 3331 4313 3336">
     <span class='ocr_line' id='line_1_3' title="bbox 1156 3331 4313 3336; textangle 90"><span class='ocrx_word' id='word_1_3' title='bbox 1156 3331 4313 3336; x_wconf 95' lang='lat' dir='ltr'> </span> 
     </span>
    </p>
   </div>
   <div class='ocr_carea' id='block_1_4' title="bbox 1035 2151 1092 2270">
    <p class='ocr_par' dir='ltr' id='par_1_4' title="bbox 1035 2151 1092 2270">
     <span class='ocr_line' id='line_1_4' title="bbox 1035 2151 1092 2270; textangle 90"><span class='ocrx_word' id='word_1_4' title='bbox 1035 2151 1092 2270; x_wconf 76' lang='lat'>507</span> 
     </span>
    </p>
   </div>
   <div class='ocr_carea' id='block_1_5' title="bbox 1167 1356 2523 3035">
    <p class='ocr_par' dir='ltr' id='par_1_5' title="bbox 1167 1387 1336 3035">
     <span class='ocr_line' id='line_1_5' title="bbox 1167 1387 1252 3035; textangle 90"><span class='ocrx_word' id='word_1_5' title='bbox 1192 2817 1242 3035; x_wconf 82' lang='lat' dir='ltr'>Eandem</span> <span class='ocrx_word' id='word_1_6' title='bbox 1190 2478 1252 2781; x_wconf 86' lang='lat' dir='ltr'>Polymestor</span> <span class='ocrx_word' id='word_1_7' title='bbox 1183 2123 1239 2443; x_wconf 87' lang='lat' dir='ltr'>conveniens,</span> <span class='ocrx_word' id='word_1_8' title='bbox 1178 1938 1242 2074; x_wconf 86' lang='lat' dir='ltr'>quasi</span> <span class='ocrx_word' id='word_1_9' title='bbox 1191 1836 1223 1891; x_wconf 88' lang='lat' dir='ltr'>se</span> <span class='ocrx_word' id='word_1_10' title='bbox 1173 1608 1220 1793; x_wconf 87' lang='lat' dir='ltr'>iactans</span> <span class='ocrx_word' id='word_1_11' title='bbox 1167 1510 1216 1573; x_wconf 88' lang='lat' dir='ltr'>de</span> <span class='ocrx_word' id='word_1_12' title='bbox 1167 1387 1214 1477; x_wconf 93' lang='lat' dir='ltr'>im-</span> 
     </span>
     <span class='ocr_line' id='line_1_6' title="bbox 1268 2389 1336 3033; textangle 90"><span class='ocrx_word' id='word_1_13' title='bbox 1273 2868 1336 3033; x_wconf 85' lang='lat' dir='ltr'>punita</span> <span class='ocrx_word' id='word_1_14' title='bbox 1268 2526 1332 2834; x_wconf 79' lang='lat' dir='ltr'>improbitate</span> <span class='ocrx_word' id='word_1_15' title='bbox 1281 2389 1323 2491; x_wconf 79' lang='lat' dir='ltr'>sua,</span> 
     </span>
    </p>

    <p class='ocr_par' dir='ltr' id='par_1_6' title="bbox 1345 2572 1414 2899">
     <span class='ocr_line' id='line_1_7' title="bbox 1345 2572 1414 2899; textangle 90"><span class='ocrx_word' id='word_1_16' title='bbox 1352 2780 1414 2899; x_wconf 67' lang='grc' dir='ltr'>φεῦ,</span> <span class='ocrx_word' id='word_1_17' title='bbox 1345 2572 1408 2744; x_wconf 86' lang='lat' dir='ltr'>inquit,</span> 
     </span>
    </p>

    <p class='ocr_par' dir='ltr' id='par_1_7' title="bbox 1410 1825 1479 2902">
     <span class='ocr_line' id='line_1_8' title="bbox 1410 1825 1479 2902; textangle 90"><span class='ocrx_word' id='word_1_18' title='bbox 1429 2805 1479 2902; x_wconf 82' lang='grc' dir='ltr'>οὐκ</span> <span class='ocrx_word' id='word_1_19' title='bbox 1422 2632 1476 2771; x_wconf 76' lang='grc' dir='ltr'><em>ἔστιν</em></span> <span class='ocrx_word' id='word_1_20' title='bbox 1419 2442 1472 2597; x_wconf 78' lang='grc' dir='ltr'><em>οὐδὲν</em></span> <span class='ocrx_word' id='word_1_21' title='bbox 1415 2226 1468 2408; x_wconf 81' lang='grc' dir='ltr'><em>πιστὸν</em></span> <span class='ocrx_word' id='word_1_22' title='bbox 1416 2086 1464 2193; x_wconf 80' lang='grc' dir='ltr'><em>οὔτ’</em></span> <span class='ocrx_word' id='word_1_23' title='bbox 1410 1825 1471 2048; x_wconf 75' lang='grc' dir='ltr'><em>εὐδοξία,</em></span> 
     </span>
    </p>

    <p class='ocr_par' dir='ltr' id='par_1_8' title="bbox 1487 1574 1561 2900">
     <span class='ocr_line' id='line_1_9' title="bbox 1487 1574 1561 2900; textangle 90"><span class='ocrx_word' id='word_1_24' title='bbox 1507 2790 1558 2900; x_wconf 75' lang='grc' dir='ltr'><em>οὔτ’</em></span> <span class='ocrx_word' id='word_1_25' title='bbox 1499 2686 1554 2752; x_wconf 82' lang='grc' dir='ltr'>αὖ</span> <span class='ocrx_word' id='word_1_26' title='bbox 1503 2480 1561 2650; x_wconf 74' lang='grc' dir='ltr'><em>καλῶς</em></span> <span class='ocrx_word' id='word_1_27' title='bbox 1498 2149 1561 2447; x_wconf 77' lang='grc' dir='ltr'><em>πράσσοντα</em></span> <span class='ocrx_word' id='word_1_28' title='bbox 1492 2045 1557 2114; x_wconf 84' lang='grc' dir='ltr'>μὴ</span> <span class='ocrx_word' id='word_1_29' title='bbox 1490 1800 1555 2010; x_wconf 79' lang='grc' dir='ltr'><em>πράξειν</em></span> <span class='ocrx_word' id='word_1_30' title='bbox 1487 1574 1547 1769; x_wconf 78' lang='grc' dir='ltr'><em>κακῶς·</em></span> 
     </span>
    </p>

    <p class='ocr_par' dir='ltr' id='par_1_9' title="bbox 1568 1548 1652 2895">
     <span class='ocr_line' id='line_1_10' title="bbox 1568 1548 1652 2895; textangle 90"><span class='ocrx_word' id='word_1_31' title='bbox 1586 2658 1652 2895; x_wconf 82' lang='grc' dir='ltr'><em>φύρουσι</em></span> <span class='ocrx_word' id='word_1_32' title='bbox 1583 2576 1633 2621; x_wconf 75' lang='grc' dir='ltr'>δ’</span> <span class='ocrx_word' id='word_1_33' title='bbox 1579 2413 1631 2537; x_wconf 75' lang='grc' dir='ltr'>αὔθ’</span> <span class='ocrx_word' id='word_1_34' title='bbox 1576 2325 1627 2376; x_wconf 84' lang='grc' dir='ltr'>οἱ</span> <span class='ocrx_word' id='word_1_35' title='bbox 1572 2179 1624 2295; x_wconf 80' lang='grc' dir='ltr'>θεοὶ</span> <span class='ocrx_word' id='word_1_36' title='bbox 1573 1990 1623 2147; x_wconf 78' lang='grc' dir='ltr'><em>πάλιν</em></span> <span class='ocrx_word' id='word_1_37' title='bbox 1587 1905 1620 1956; x_wconf 82' lang='grc' dir='ltr'>τε</span> <span class='ocrx_word' id='word_1_38' title='bbox 1569 1783 1621 1871; x_wconf 83' lang='grc' dir='ltr'>καὶ</span> <span class='ocrx_word' id='word_1_39' title='bbox 1568 1548 1631 1749; x_wconf 83' lang='grc' dir='ltr'><em>πρόσω,</em></span> 
     </span>
    </p>

    <p class='ocr_par' dir='ltr' id='par_1_10' title="bbox 1651 1920 1730 2898">
     <span class='ocr_line' id='line_1_11' title="bbox 1651 1920 1730 2898; textangle 90"><span class='ocrx_word' id='word_1_40' title='bbox 1666 2629 1730 2898; x_wconf 78' lang='grc' dir='ltr'><em>ταραγμὸν</em></span> <span class='ocrx_word' id='word_1_41' title='bbox 1656 2294 1714 2594; x_wconf 69' lang='grc' dir='ltr'><em>ἐπιθέντες,</em></span> <span class='ocrx_word' id='word_1_42' title='bbox 1653 2188 1713 2257; x_wconf 75' lang='grc' dir='ltr'>ὡς</span> <span class='ocrx_word' id='word_1_43' title='bbox 1651 1920 1718 2151; x_wconf 71' lang='grc' dir='ltr'><em>ἀγνωσία</em></span> 
     </span>
    </p>

    <p class='ocr_par' dir='ltr' id='par_1_11' title="bbox 1739 1366 2114 3024">
     <span class='ocr_line' id='line_1_12' title="bbox 1739 2420 1811 2896; textangle 90"><span class='ocrx_word' id='word_1_44' title='bbox 1745 2660 1811 2896; x_wconf 78' lang='grc' dir='ltr'><em>σέβωμεν</em></span> <span class='ocrx_word' id='word_1_45' title='bbox 1739 2420 1797 2625; x_wconf 81' lang='grc' dir='ltr'><em>αὐτούς.</em></span> 
     </span>
     <span class='ocr_line' id='line_1_13' title="bbox 1807 1370 1879 3024; textangle 90"><span class='ocrx_word' id='word_1_46' title='bbox 1828 2886 1876 3024; x_wconf 90' lang='lat' dir='ltr'>Haec</span> <span class='ocrx_word' id='word_1_47' title='bbox 1835 2686 1875 2851; x_wconf 88' lang='lat' dir='ltr'>tamen</span> <span class='ocrx_word' id='word_1_48' title='bbox 1821 2433 1871 2639; x_wconf 90' lang='lat' dir='ltr'>imbellis</span> <span class='ocrx_word' id='word_1_49' title='bbox 1823 2240 1879 2385; x_wconf 84' lang='lat' dir='ltr'>atque</span> <span class='ocrx_word' id='word_1_50' title='bbox 1814 2006 1861 2197; x_wconf 88' lang='lat' dir='ltr'>abiecta</span> <span class='ocrx_word' id='word_1_51' title='bbox 1811 1786 1859 1959; x_wconf 83' lang='lat' dir='ltr'>mulier</span> <span class='ocrx_word' id='word_1_52' title='bbox 1823 1588 1870 1753; x_wconf 80' lang='lat' dir='ltr'>regem</span> <span class='ocrx_word' id='word_1_53' title='bbox 1807 1370 1854 1552; x_wconf 87' lang='lat' dir='ltr'>fretum</span> 
     </span>
     <span class='ocr_line' id='line_1_14' title="bbox 1887 1367 1955 3022; textangle 90"><span class='ocrx_word' id='word_1_54' title='bbox 1907 2812 1954 3022; x_wconf 87' lang='lat' dir='ltr'>amicitia</span> <span class='ocrx_word' id='word_1_55' title='bbox 1903 2590 1951 2787; x_wconf 87' lang='lat' dir='ltr'>victoris</span> <span class='ocrx_word' id='word_1_56' title='bbox 1898 2322 1948 2565; x_wconf 84' lang='lat' dir='ltr'>exercitus</span> <span class='ocrx_word' id='word_1_57' title='bbox 1901 2247 1942 2297; x_wconf 82' lang='lat' dir='ltr'>et</span> <span class='ocrx_word' id='word_1_58' title='bbox 1896 2039 1941 2215; x_wconf 85' lang='lat' dir='ltr'>ducum</span> <span class='ocrx_word' id='word_1_59' title='bbox 1888 1568 1955 2016; x_wconf 86' lang='lat' dir='ltr'>potentissimorum</span> <span class='ocrx_word' id='word_1_60' title='bbox 1887 1367 1933 1545; x_wconf 81' lang='lat' dir='ltr'>auxilio</span> 
     </span>
     <span class='ocr_line' id='line_1_15' title="bbox 1967 1366 2045 3020; textangle 90"><span class='ocrx_word' id='word_1_61' title='bbox 1986 2785 2033 3020; x_wconf 89' lang='lat' dir='ltr'>munitum</span> <span class='ocrx_word' id='word_1_62' title='bbox 1982 2557 2045 2752; x_wconf 86' lang='lat' dir='ltr'>penitus</span> <span class='ocrx_word' id='word_1_63' title='bbox 1994 2410 2025 2520; x_wconf 91' lang='lat' dir='ltr'>cum</span> <span class='ocrx_word' id='word_1_64' title='bbox 1978 2226 2037 2375; x_wconf 83' lang='lat' dir='ltr'><strong>stirpe</strong></span> <span class='ocrx_word' id='word_1_65' title='bbox 1971 1988 2029 2190; x_wconf 83' lang='lat' dir='ltr'>evertit,</span> <span class='ocrx_word' id='word_1_66' title='bbox 1970 1870 2031 1951; x_wconf 90' lang='lat' dir='ltr'>qui</span> <span class='ocrx_word' id='word_1_67' title='bbox 1967 1603 2016 1836; x_wconf 87' lang='lat' dir='ltr'>mirabilis</span> <span class='ocrx_word' id='word_1_68' title='bbox 1971 1366 2015 1568; x_wconf 82' lang='lat' dir='ltr'>eventus</span> 
     </span>
     <span class='ocr_line' id='line_1_16' title="bbox 2051 1866 2114 3018; textangle 90"><span class='ocrx_word' id='word_1_69' title='bbox 2063 2622 2114 3018; x_wconf 85' lang='lat' dir='ltr'>manifestissima</span> <span class='ocrx_word' id='word_1_70' title='bbox 2058 2383 2107 2589; x_wconf 87' lang='lat' dir='ltr'>numinis</span> <span class='ocrx_word' id='word_1_71' title='bbox 2055 2139 2102 2347; x_wconf 67' lang='lat' dir='ltr'>vindicta</span> <span class='ocrx_word' id='word_1_72' title='bbox 2051 1866 2098 2106; x_wconf 81' lang='lat' dir='ltr'>efficitur:</span> 
     </span>
    </p>

    <p class='ocr_par' dir='ltr' id='par_1_12' title="bbox 2136 2394 2206 2891">
     <span class='ocr_line' id='line_1_17' title="bbox 2136 2394 2206 2891; textangle 90"><span class='ocrx_word' id='word_1_73' title='bbox 2142 2831 2192 2891; x_wconf 87' lang='grc' dir='ltr'>τὸ</span> <span class='ocrx_word' id='word_1_74' title='bbox 2140 2697 2206 2797; x_wconf 74' lang='grc' dir='ltr'>γὰρ</span> <span class='ocrx_word' id='word_1_75' title='bbox 2136 2394 2201 2662; x_wconf 74' lang='grc' dir='ltr'><em>ὑπέγγυον</em></span> 
     </span>
    </p>

    <p class='ocr_par' dir='ltr' id='par_1_13' title="bbox 2200 1857 2287 2887">
     <span class='ocr_line' id='line_1_18' title="bbox 2200 1857 2287 2887; textangle 90"><span class='ocrx_word' id='word_1_76' title='bbox 2222 2736 2287 2887; x_wconf 76' lang='grc' dir='ltr'><em>δίκα</em></span> <span class='ocrx_word' id='word_1_77' title='bbox 2217 2587 2269 2702; x_wconf 75' lang='grc' dir='ltr'>καὶ</span> <span class='ocrx_word' id='word_1_78' title='bbox 2217 2276 2266 2552; x_wconf 75' lang='grc' dir='ltr'><em>θεοῖσιν</em></span> <span class='ocrx_word' id='word_1_79' title='bbox 2200 2176 2260 2240; x_wconf 79' lang='grc' dir='ltr'>οὗ</span> <span class='ocrx_word' id='word_1_80' title='bbox 2208 1857 2272 2140; x_wconf 82' lang='grc' dir='ltr'><em>ξυμπιτνεῖ,</em></span> 
     </span>
    </p>

    <p class='ocr_par' dir='ltr' id='par_1_14' title="bbox 2290 1356 2523 3016">
     <span class='ocr_line' id='line_1_19' title="bbox 2290 2144 2363 2887; textangle 90"><span class='ocrx_word' id='word_1_81' title='bbox 2300 2640 2363 2887; x_wconf 72' lang='grc' dir='ltr'><em>ὀλέθριον</em></span> <span class='ocrx_word' id='word_1_82' title='bbox 2295 2361 2358 2605; x_wconf 73' lang='grc' dir='ltr'><em>ὀλέθριον</em></span> <span class='ocrx_word' id='word_1_83' title='bbox 2290 2144 2343 2326; x_wconf 83' lang='grc' dir='ltr'><em>κακόν.</em></span> 
     </span>
     <span class='ocr_line' id='line_1_20' title="bbox 2362 1357 2443 3016; textangle 90"><span class='ocrx_word' id='word_1_84' title='bbox 2384 2940 2431 3016; x_wconf 85' lang='lat' dir='ltr'>Ad</span> <span class='ocrx_word' id='word_1_85' title='bbox 2390 2607 2431 2905; x_wconf 86' lang='lat' dir='ltr'>contemtum</span> <span class='ocrx_word' id='word_1_86' title='bbox 2380 2423 2443 2573; x_wconf 80' lang='lat' dir='ltr'>igitur</span> <span class='ocrx_word' id='word_1_87' title='bbox 2391 2228 2422 2390; x_wconf 88' lang='lat' dir='ltr'>rerum</span> <span class='ocrx_word' id='word_1_88' title='bbox 2371 1905 2425 2193; x_wconf 87' lang='lat' dir='ltr'>divinarum,</span> <span class='ocrx_word' id='word_1_89' title='bbox 2379 1713 2427 1855; x_wconf 86' lang='lat' dir='ltr'>quem</span> <span class='ocrx_word' id='word_1_90' title='bbox 2362 1468 2424 1663; x_wconf 88' lang='lat' dir='ltr'>quidam</span> <span class='ocrx_word' id='word_1_91' title='bbox 2366 1357 2409 1433; x_wconf 88' lang='lat' dir='ltr'>te-</span> 
     </span>
     <span class='ocr_line' id='line_1_21' title="bbox 2441 1356 2523 3012; textangle 90"><span class='ocrx_word' id='word_1_92' title='bbox 2478 2877 2510 3012; x_wconf 87' lang='lat' dir='ltr'>mere</span> <span class='ocrx_word' id='word_1_93' title='bbox 2463 2434 2523 2841; x_wconf 87' lang='lat' dir='ltr'>impudenterque</span> <span class='ocrx_word' id='word_1_94' title='bbox 2452 2001 2517 2383; x_wconf 70' lang='lat' dir='ltr'>profitebantur,</span> <span class='ocrx_word' id='word_1_95' title='bbox 2461 1859 2494 1956; x_wconf 90' lang='lat' dir='ltr'>non</span> <span class='ocrx_word' id='word_1_96' title='bbox 2444 1655 2491 1813; x_wconf 88' lang='lat' dir='ltr'>minus</span> <span class='ocrx_word' id='word_1_97' title='bbox 2441 1356 2505 1619; x_wconf 80' lang='lat' dir='ltr'>Euripides</span> 
     </span>
    </p>
   </div>
   <div class='ocr_carea' id='block_1_6' title="bbox 2533 1353 2668 3011">
    <p class='ocr_par' dir='ltr' id='par_1_15' title="bbox 2533 1353 2668 3011">
     <span class='ocr_line' id='line_1_22' title="bbox 2533 2216 2604 3011; textangle 90"><span class='ocrx_word' id='word_1_98' title='bbox 2557 2869 2604 3011; x_wconf 84' lang='lat' dir='ltr'>quam</span> <span class='ocrx_word' id='word_1_99' title='bbox 2541 2481 2602 2834; x_wconf 80' lang='lat' dir='ltr'><strong>Aristophanes</strong></span> <span class='ocrx_word' id='word_1_100' title='bbox 2533 2216 2597 2446; x_wconf 78' lang='lat' dir='ltr'><strong>respexit.</strong></span> 
     </span>
     <span class='ocr_line' id='line_1_23' title="bbox 2599 1353 2668 2883; textangle 90"><span class='ocrx_word' id='word_1_101' title='bbox 2620 2711 2668 2883; x_wconf 84' lang='lat' dir='ltr'>Eidem</span> <span class='ocrx_word' id='word_1_102' title='bbox 2614 2358 2663 2651; x_wconf 86' lang='lat' dir='ltr'>didascaliae</span> <span class='ocrx_word' id='word_1_103' title='bbox 2609 2116 2657 2303; x_wconf 83' lang='lat' dir='ltr'>fabulas</span> <span class='ocrx_word' id='word_1_104' title='bbox 2606 1808 2654 2069; x_wconf 81' lang='lat' dir='ltr'>Alcmenae</span> <span class='ocrx_word' id='word_1_105' title='bbox 2602 1659 2648 1759; x_wconf 90' lang='lat' dir='ltr'>sive</span> <span class='ocrx_word' id='word_1_106' title='bbox 2599 1353 2663 1609; x_wconf 75' lang='lat' dir='ltr'>Licymnii‚</span> 
     </span>
    </p>
   </div>
   <div class='ocr_carea' id='block_1_7' title="bbox 2683 1349 2840 3008">
    <p class='ocr_par' dir='ltr' id='par_1_16' title="bbox 2683 1349 2840 3008">
     <span class='ocr_line' id='line_1_24' title="bbox 2683 1349 2764 3008; textangle 90"><span class='ocrx_word' id='word_1_107' title='bbox 2700 2739 2748 3008; x_wconf 78' lang='lat' dir='ltr'>Plisthenis</span> <span class='ocrx_word' id='word_1_108' title='bbox 2698 2589 2745 2692; x_wconf 88' lang='lat' dir='ltr'>sive</span> <span class='ocrx_word' id='word_1_109' title='bbox 2693 2170 2764 2543; x_wconf 66' lang='lat' dir='ltr'>Belopidarun1‚</span> <span class='ocrx_word' id='word_1_110' title='bbox 2694 2062 2735 2110; x_wconf 90' lang='lat' dir='ltr'>et</span> <span class='ocrx_word' id='word_1_111' title='bbox 2683 1835 2731 2020; x_wconf 80' lang='lat' dir='ltr'>Thesei</span> <span class='ocrx_word' id='word_1_112' title='bbox 2696 1519 2729 1786; x_wconf 86' lang='lat' dir='ltr'>accenseo:</span> <span class='ocrx_word' id='word_1_113' title='bbox 2695 1349 2743 1472; x_wconf 88' lang='lat' dir='ltr'>quae</span> 
     </span>
     <span class='ocr_line' id='line_1_25' title="bbox 2761 1663 2840 3006; textangle 90"><span class='ocrx_word' id='word_1_114' title='bbox 2780 2727 2828 3006; x_wconf 85' lang='lat' dir='ltr'>coniectura</span> <span class='ocrx_word' id='word_1_115' title='bbox 2778 2519 2840 2691; x_wconf 86' lang='lat' dir='ltr'>quibus</span> <span class='ocrx_word' id='word_1_116' title='bbox 2772 2292 2821 2484; x_wconf 88' lang='lat' dir='ltr'>indiciis</span> <span class='ocrx_word' id='word_1_117' title='bbox 2770 2062 2826 2256; x_wconf 82' lang='lat' dir='ltr'>nitatur,</span> <span class='ocrx_word' id='word_1_118' title='bbox 2764 1900 2813 2028; x_wconf 82' lang='lat' dir='ltr'>infra</span> <span class='ocrx_word' id='word_1_119' title='bbox 2761 1663 2809 1866; x_wconf 84' lang='lat' dir='ltr'>docebo.</span> 
     </span>
    </p>
   </div>
   <div class='ocr_carea' id='block_1_8' title="bbox 3104 1872 3164 2471">
    <p class='ocr_par' dir='ltr' id='par_1_17' title="bbox 3104 1872 3164 2471">
     <span class='ocr_line' id='line_1_26' title="bbox 3104 1872 3164 2471; textangle 90"><span class='ocrx_word' id='word_1_120' title='bbox 3112 2406 3164 2471; x_wconf 90' lang='lat' dir='ltr'>A.</span> <span class='ocrx_word' id='word_1_121' title='bbox 3104 1872 3161 2321; x_wconf 84' lang='lat' dir='ltr'>Hecuba.</span> 
     </span>
    </p>
   </div>
   <div class='ocr_carea' id='block_1_9' title="bbox 3214 1324 4244 2997">
    <p class='ocr_par' dir='ltr' id='par_1_18' title="bbox 3214 1324 4244 2997">
     <span class='ocr_line' id='line_1_27' title="bbox 3214 1339 3297 2867; textangle 90"><span class='ocrx_word' id='word_1_122' title='bbox 3236 2767 3285 2867; x_wconf 88' lang='lat' dir='ltr'>Res</span> <span class='ocrx_word' id='word_1_123' title='bbox 3233 2574 3297 2732; x_wconf 79' lang='lat' dir='ltr'>agitur</span> <span class='ocrx_word' id='word_1_124' title='bbox 3229 2344 3293 2542; x_wconf 78' lang='lat' dir='ltr'>reginae</span> <span class='ocrx_word' id='word_1_125' title='bbox 3225 2175 3273 2301; x_wconf 88' lang='lat' dir='ltr'>illius</span> <span class='ocrx_word' id='word_1_126' title='bbox 3222 1901 3270 2141; x_wconf 82' lang='lat' dir='ltr'>Troianae</span> <span class='ocrx_word' id='word_1_127' title='bbox 3214 1611 3281 1852; x_wconf 90' lang='lat' dir='ltr'>quondam</span> <span class='ocrx_word' id='word_1_128' title='bbox 3214 1339 3262 1570; x_wconf 85' lang='lat' dir='ltr'>felicissi-</span> 
     </span>
     <span class='ocr_line' id='line_1_28' title="bbox 3295 1338 3377 2997; textangle 90"><span class='ocrx_word' id='word_1_129' title='bbox 3334 2890 3368 2997; x_wconf 89' lang='lat' dir='ltr'>mae</span> <span class='ocrx_word' id='word_1_130' title='bbox 3322 2710 3377 2855; x_wconf 89' lang='lat' dir='ltr'>atque</span> <span class='ocrx_word' id='word_1_131' title='bbox 3308 2255 3374 2675; x_wconf 84' lang='lat' dir='ltr'>opulentissimae,</span> <span class='ocrx_word' id='word_1_132' title='bbox 3319 2078 3351 2202; x_wconf 90' lang='lat' dir='ltr'>nunc</span> <span class='ocrx_word' id='word_1_133' title='bbox 3306 1903 3349 2034; x_wconf 90' lang='lat' dir='ltr'>tanta</span> <span class='ocrx_word' id='word_1_134' title='bbox 3298 1632 3346 1868; x_wconf 89' lang='lat' dir='ltr'>malorum</span> <span class='ocrx_word' id='word_1_135' title='bbox 3295 1461 3357 1597; x_wconf 88' lang='lat' dir='ltr'>copia</span> <span class='ocrx_word' id='word_1_136' title='bbox 3296 1338 3342 1425; x_wconf 80' lang='lat' dir='ltr'>ob-</span> 
     </span>
     <span class='ocr_line' id='line_1_29' title="bbox 3381 1336 3455 2996; textangle 90"><span class='ocrx_word' id='word_1_137' title='bbox 3403 2826 3455 2996; x_wconf 67' lang='lat' dir='ltr'>rutae,</span> <span class='ocrx_word' id='word_1_138' title='bbox 3399 2598 3455 2774; x_wconf 82' lang='lat' dir='ltr'>quanta</span> <span class='ocrx_word' id='word_1_139' title='bbox 3390 2480 3434 2559; x_wconf 81' lang='lat' dir='ltr'>vix</span> <span class='ocrx_word' id='word_1_140' title='bbox 3400 2156 3449 2444; x_wconf 88' lang='lat' dir='ltr'>quemquam</span> <span class='ocrx_word' id='word_1_141' title='bbox 3381 1848 3429 2121; x_wconf 87' lang='lat' dir='ltr'>mortalium</span> <span class='ocrx_word' id='word_1_142' title='bbox 3392 1717 3425 1814; x_wconf 91' lang='lat' dir='ltr'>uno</span> <span class='ocrx_word' id='word_1_143' title='bbox 3381 1461 3437 1682; x_wconf 84' lang='lat' dir='ltr'>tempore</span> <span class='ocrx_word' id='word_1_144' title='bbox 3390 1336 3437 1427; x_wconf 84' lang='lat' dir='ltr'>op-</span> 
     </span>
     <span class='ocr_line' id='line_1_30' title="bbox 3454 1334 3541 2996; textangle 90"><span class='ocrx_word' id='word_1_145' title='bbox 3490 2770 3541 2996; x_wconf 82' lang='lat' dir='ltr'>pressum</span> <span class='ocrx_word' id='word_1_146' title='bbox 3485 2612 3518 2722; x_wconf 88' lang='lat' dir='ltr'>esse</span> <span class='ocrx_word' id='word_1_147' title='bbox 3467 2275 3529 2568; x_wconf 87' lang='lat' dir='ltr'>accepimus.</span> <span class='ocrx_word' id='word_1_148' title='bbox 3462 2026 3524 2194; x_wconf 80' lang='lat' dir='ltr'>Regno</span> <span class='ocrx_word' id='word_1_149' title='bbox 3473 1773 3518 1972; x_wconf 83' lang='lat' dir='ltr'>everso,</span> <span class='ocrx_word' id='word_1_150' title='bbox 3454 1592 3502 1713; x_wconf 85' lang='lat' dir='ltr'>urbe</span> <span class='ocrx_word' id='word_1_151' title='bbox 3454 1334 3512 1549; x_wconf 68' lang='lat' dir='ltr'>incensa,</span> 
     </span>
     <span class='ocr_line' id='line_1_31' title="bbox 3532 1336 3615 2992; textangle 90"><span class='ocrx_word' id='word_1_152' title='bbox 3555 2787 3615 2992; x_wconf 79' lang='lat' dir='ltr'>coniuge</span> <span class='ocrx_word' id='word_1_153' title='bbox 3550 2490 3610 2752; x_wconf 87' lang='lat' dir='ltr'>liberisque</span> <span class='ocrx_word' id='word_1_154' title='bbox 3543 2167 3601 2453; x_wconf 65' lang='lat' dir='ltr'>trucidatiS,</span> <span class='ocrx_word' id='word_1_155' title='bbox 3542 2015 3603 2121; x_wconf 86' lang='lat' dir='ltr'>ipsa</span> <span class='ocrx_word' id='word_1_156' title='bbox 3540 1923 3585 1972; x_wconf 87' lang='lat' dir='ltr'>in</span> <span class='ocrx_word' id='word_1_157' title='bbox 3536 1600 3585 1886; x_wconf 81' lang='lat' dir='ltr'>servitutem</span> <span class='ocrx_word' id='word_1_158' title='bbox 3532 1336 3591 1553; x_wconf 81' lang='lat' dir='ltr'>detrusa,</span> 
     </span>
     <span class='ocr_line' id='line_1_32' title="bbox 3612 1332 3684 2993; textangle 90"><span class='ocrx_word' id='word_1_159' title='bbox 3634 2872 3683 2993; x_wconf 86' lang='lat' dir='ltr'>nihil</span> <span class='ocrx_word' id='word_1_160' title='bbox 3630 2615 3678 2838; x_wconf 85' lang='lat' dir='ltr'>relictum</span> <span class='ocrx_word' id='word_1_161' title='bbox 3632 2501 3673 2578; x_wconf 86' lang='lat' dir='ltr'>est</span> <span class='ocrx_word' id='word_1_162' title='bbox 3625 2261 3671 2469; x_wconf 83' lang='lat' dir='ltr'>miserae</span> <span class='ocrx_word' id='word_1_163' title='bbox 3626 2031 3684 2225; x_wconf 83' lang='lat' dir='ltr'>praeter</span> <span class='ocrx_word' id='word_1_164' title='bbox 3619 1887 3665 2008; x_wconf 89' lang='lat' dir='ltr'>duos</span> <span class='ocrx_word' id='word_1_165' title='bbox 3616 1665 3674 1863; x_wconf 86' lang='lat' dir='ltr'>liberos,</span> <span class='ocrx_word' id='word_1_166' title='bbox 3612 1332 3675 1628; x_wconf 82' lang='lat' dir='ltr'>Polyxenam</span> 
     </span>
     <span class='ocr_line' id='line_1_33' title="bbox 3689 1330 3771 2990; textangle 90"><span class='ocrx_word' id='word_1_167' title='bbox 3718 2939 3761 2990; x_wconf 87' lang='lat' dir='ltr'>et</span> <span class='ocrx_word' id='word_1_168' title='bbox 3708 2594 3771 2906; x_wconf 77' lang='lat' dir='ltr'>Polydorum.</span> <span class='ocrx_word' id='word_1_169' title='bbox 3704 2407 3753 2527; x_wconf 86' lang='lat' dir='ltr'>Nam</span> <span class='ocrx_word' id='word_1_170' title='bbox 3700 2096 3749 2367; x_wconf 84' lang='lat' dir='ltr'>Cassandra</span> <span class='ocrx_word' id='word_1_171' title='bbox 3700 1810 3761 2061; x_wconf 85' lang='lat' dir='ltr'>superstes</span> <span class='ocrx_word' id='word_1_172' title='bbox 3693 1581 3758 1775; x_wconf 86' lang='lat' dir='ltr'>quidem</span> <span class='ocrx_word' id='word_1_173' title='bbox 3697 1454 3751 1545; x_wconf 72' lang='lat' dir='ltr'>est,</span> <span class='ocrx_word' id='word_1_174' title='bbox 3689 1330 3738 1420; x_wconf 86' lang='lat' dir='ltr'>sed</span> 
     </span>
     <span class='ocr_line' id='line_1_34' title="bbox 3770 1330 3854 2989; textangle 90"><span class='ocrx_word' id='word_1_175' title='bbox 3793 2788 3854 2989; x_wconf 88' lang='lat' dir='ltr'>abrepta</span> <span class='ocrx_word' id='word_1_176' title='bbox 3788 2695 3835 2753; x_wconf 89' lang='lat' dir='ltr'>ab</span> <span class='ocrx_word' id='word_1_177' title='bbox 3787 2283 3849 2660; x_wconf 81' lang='lat' dir='ltr'>Agamemnone.</span> <span class='ocrx_word' id='word_1_178' title='bbox 3780 2123 3827 2216; x_wconf 88' lang='lat' dir='ltr'>His</span> <span class='ocrx_word' id='word_1_179' title='bbox 3787 1926 3826 2087; x_wconf 89' lang='lat' dir='ltr'>autem</span> <span class='ocrx_word' id='word_1_180' title='bbox 3775 1763 3823 1878; x_wconf 89' lang='lat' dir='ltr'>solis</span> <span class='ocrx_word' id='word_1_181' title='bbox 3773 1494 3821 1728; x_wconf 90' lang='lat' dir='ltr'>malorum</span> <span class='ocrx_word' id='word_1_182' title='bbox 3770 1330 3818 1458; x_wconf 87' lang='lat' dir='ltr'>sola-</span> 
     </span>
     <span class='ocr_line' id='line_1_35' title="bbox 3848 1329 3926 2988; textangle 90"><span class='ocrx_word' id='word_1_183' title='bbox 3872 2907 3918 2988; x_wconf 86' lang='lat' dir='ltr'>tiis</span> <span class='ocrx_word' id='word_1_184' title='bbox 3885 2768 3917 2872; x_wconf 90' lang='lat' dir='ltr'>eam</span> <span class='ocrx_word' id='word_1_185' title='bbox 3881 2636 3915 2733; x_wconf 88' lang='lat' dir='ltr'>uno</span> <span class='ocrx_word' id='word_1_186' title='bbox 3870 2378 3926 2600; x_wconf 88' lang='lat' dir='ltr'>tempore</span> <span class='ocrx_word' id='word_1_187' title='bbox 3860 2162 3923 2343; x_wconf 88' lang='lat' dir='ltr'>duplici</span> <span class='ocrx_word' id='word_1_188' title='bbox 3859 1881 3906 2131; x_wconf 87' lang='lat' dir='ltr'>hominum</span> <span class='ocrx_word' id='word_1_189' title='bbox 3854 1563 3903 1853; x_wconf 84' lang='lat' dir='ltr'>crudelitate</span> <span class='ocrx_word' id='word_1_190' title='bbox 3848 1329 3914 1530; x_wconf 88' lang='lat' dir='ltr'>spoliari</span> 
     </span>
     <span class='ocr_line' id='line_1_36' title="bbox 3930 1329 3997 2985; textangle 90"><span class='ocrx_word' id='word_1_191' title='bbox 3949 2748 3997 2985; x_wconf 81' lang='lat' dir='ltr'>videmus,</span> <span class='ocrx_word' id='word_1_192' title='bbox 3944 2410 3992 2667; x_wconf 87' lang='lat' dir='ltr'>Ferendae</span> <span class='ocrx_word' id='word_1_193' title='bbox 3944 2248 3987 2360; x_wconf 90' lang='lat' dir='ltr'>sunt</span> <span class='ocrx_word' id='word_1_194' title='bbox 3940 1996 3986 2200; x_wconf 88' lang='lat' dir='ltr'>deorum</span> <span class='ocrx_word' id='word_1_195' title='bbox 3934 1742 3982 1948; x_wconf 80' lang='lat' dir='ltr'>iniuriae</span> <span class='ocrx_word' id='word_1_196' title='bbox 3930 1525 3978 1684; x_wconf 88' lang='lat' dir='ltr'>animo</span> <span class='ocrx_word' id='word_1_197' title='bbox 3943 1329 3991 1472; x_wconf 85' lang='lat' dir='ltr'>quam</span> 
     </span>
     <span class='ocr_line' id='line_1_37' title="bbox 4005 1325 4090 2981; textangle 90"><span class='ocrx_word' id='word_1_198' title='bbox 4032 2818 4090 2981; x_wconf 87' lang='lat' dir='ltr'>potest</span> <span class='ocrx_word' id='word_1_199' title='bbox 4025 2676 4073 2787; x_wconf 87' lang='lat' dir='ltr'>fieri</span> <span class='ocrx_word' id='word_1_200' title='bbox 4022 2320 4085 2643; x_wconf 86' lang='lat' dir='ltr'>aequissimo:</span> <span class='ocrx_word' id='word_1_201' title='bbox 4024 2225 4066 2273; x_wconf 88' lang='lat' dir='ltr'>at</span> <span class='ocrx_word' id='word_1_202' title='bbox 4017 1936 4065 2184; x_wconf 85' lang='lat' dir='ltr'>hominum</span> <span class='ocrx_word' id='word_1_203' title='bbox 4012 1649 4061 1901; x_wconf 87' lang='lat' dir='ltr'>saevitiam</span> <span class='ocrx_word' id='word_1_204' title='bbox 4009 1473 4071 1613; x_wconf 75' lang='lat' dir='ltr'>quis,</span> <span class='ocrx_word' id='word_1_205' title='bbox 4005 1325 4053 1420; x_wconf 88' lang='lat' dir='ltr'>nisi</span> 
     </span>
     <span class='ocr_line' id='line_1_38' title="bbox 4087 1325 4170 2982; textangle 90"><span class='ocrx_word' id='word_1_206' title='bbox 4107 2754 4170 2982; x_wconf 62' lang='lat' dir='ltr'>ignavm,</span> <span class='ocrx_word' id='word_1_207' title='bbox 4104 2468 4167 2709; x_wconf 86' lang='lat' dir='ltr'>patienter</span> <span class='ocrx_word' id='word_1_208' title='bbox 4100 2257 4148 2420; x_wconf 60' lang='lat' dir='ltr'>serat‘P</span> <span class='ocrx_word' id='word_1_209' title='bbox 4097 2023 4159 2191; x_wconf 87' lang='lat' dir='ltr'>ltaque</span> <span class='ocrx_word' id='word_1_210' title='bbox 4094 1800 4143 1976; x_wconf 85' lang='lat' dir='ltr'>mulier</span> <span class='ocrx_word' id='word_1_211' title='bbox 4087 1454 4152 1757; x_wconf 81' lang='lat' dir='ltr'>magnanima</span> <span class='ocrx_word' id='word_1_212' title='bbox 4100 1325 4132 1421; x_wconf 90' lang='lat' dir='ltr'>non</span> 
     </span>
     <span class='ocr_line' id='line_1_39' title="bbox 4163 1324 4244 2980; textangle 90"><span class='ocrx_word' id='word_1_213' title='bbox 4184 2798 4233 2980; x_wconf 86' lang='lat' dir='ltr'>vermis</span> <span class='ocrx_word' id='word_1_214' title='bbox 4184 2582 4243 2765; x_wconf 73' lang='lat' dir='ltr'>instar,</span> <span class='ocrx_word' id='word_1_215' title='bbox 4181 2454 4244 2536; x_wconf 83' lang='lat' dir='ltr'>qui</span> <span class='ocrx_word' id='word_1_216' title='bbox 4179 2178 4237 2419; x_wconf 73' lang='lat' dir='ltr'>calcatur,</span> <span class='ocrx_word' id='word_1_217' title='bbox 4175 2046 4224 2133; x_wconf 87' lang='lat' dir='ltr'>sed</span> <span class='ocrx_word' id='word_1_218' title='bbox 4173 1880 4224 2012; x_wconf 85' lang='lat' dir='ltr'>fetae</span> <span class='ocrx_word' id='word_1_219' title='bbox 4173 1620 4227 1845; x_wconf 87' lang='lat' dir='ltr'>leaenae,</span> <span class='ocrx_word' id='word_1_220' title='bbox 4165 1504 4214 1582; x_wconf 89' lang='lat' dir='ltr'>cui</span> <span class='ocrx_word' id='word_1_221' title='bbox 4163 1324 4212 1469; x_wconf 84' lang='lat' dir='ltr'>catuli</span> 
     </span>
    </p>
   </div>
   <div class='ocr_carea' id='block_1_10' title="bbox 4 3336 3336 3336">
    <p class='ocr_par' dir='ltr' id='par_1_19' title="bbox 4 3336 3336 3336">
     <span class='ocr_line' id='line_1_40' title="bbox 4 3336 3336 3336; textangle 90"><span class='ocrx_word' id='word_1_222' title='bbox 4 3336 3336 3336; x_wconf 95' lang='lat' dir='ltr'>  </span> 
     </span>
    </p>
   </div>
  </div>
 </body>
</html>
