5010 3336
969 845 1055 867 ..ἐκ
1066 856 1085 865 ..-
1098 856 1139 866 ‚2-„

747 860 752 861 γ
759 856 768 858 —
785 856 967 867 &dvm-‘2

3936 2174 3994 2291 112

3780 1390 3830 1513 quae
3796 1558 3847 1853 Plutarchus
3782 1900 3852 2048 ἐρωτ.
3780 2095 3830 2146 p.
3792 2181 3843 2294 750.
3796 2330 3845 2384 Β.
3795 2441 3840 2493 et
3778 2526 3845 2707 garrul.
3779 2741 3828 2790 p.
3790 2824 3841 2936 507.
3791 2972 3826 3077 ser-

3715 1386 3764 1546 vavit:

3648 1518 3657 1582 —-
3620 1616 3688 1849 λαιψηρὰ
3626 1883 3686 2159 κυκλώσας
3621 2193 3684 2369 πτερά.

3556 1518 3604 1571 111
3555 1617 3602 1715 fine
3555 1762 3603 1993 dramatis
3555 2044 3603 2208 Solem
3539 2253 3601 2509 prodisse,
3538 2564 3602 2644 qui
3553 2693 3595 2745 et
3553 2792 3601 2856 de
3551 2891 3600 3078 caussis

3474 1385 3524 1627 sactorum
3466 1663 3521 1897 doceret,
3475 1946 3518 1997 et
3474 2030 3522 2244 honores
3458 2282 3521 2519 quosdam
3472 2555 3521 2902 defunctorum
3472 2938 3519 3078 insti-

3393 1383 3442 1457 tui
3384 1490 3441 1712 iuberet,
3394 1760 3437 1808 et
3394 1852 3441 1915 de
3395 1963 3442 2239 Minotauro
3394 2276 3441 2449 alendo
3392 2485 3435 2598 nota
3392 2634 3440 2716 illa
3375 2750 3439 3078 praeciperet,

3312 1385 3345 1447 ex
3313 1482 3361 1670 scholio
3314 1707 3361 1768 ad
3314 1802 3362 2056 Hecubam
3297 2094 3361 2304 scripto,
3297 2359 3359 2488 quod
3295 2535 3343 2682 supra
3295 2725 3359 2903 posui,
3310 2960 3342 3077 con-

3231 1381 3281 1514 iicio.

3152 1515 3202 1626 Non
3139 1684 3203 2011 inelegantem
3153 2066 3201 2193 hanc
3136 2251 3201 2504 Euripidis
3135 2571 3197 2871 tragoediam
3149 2920 3199 3079 fuisse

3071 1381 3120 1462 vel
3071 1494 3121 1609 inde
3073 1645 3122 1926 existimare
3059 1959 3121 2105 licet,
3056 2143 3118 2271 quod
3055 2308 3119 2665 Aristophanes
3069 2701 3101 2807 eam
3068 2842 3101 2940 non
3069 2970 3112 3077 tan-

2990 1381 3032 1485 tum
2976 1520 3040 1742 respexit
2978 1776 3041 2114 frequentius,
2990 2164 3037 2253 sed
2991 2303 3037 2447 etiam
2989 2484 3038 2700 imitatus
2987 2738 3029 2829 est.
2973 2901 3037 3079 Neque

2910 1381 2957 1508 enim
2911 1544 2960 1866 dubitandum
2900 1905 2954 2008 est,
2896 2059 2957 2173 quin
2910 2209 2957 2258 in
2897 2294 2958 2539 Daedalo,
2893 2587 2940 2735 quum
2907 2770 2950 3078 monstrosos

2830 1378 2878 1507 Iovis
2830 1547 2862 1655 cum
2832 1692 2879 1829 Leda
2819 1866 2878 2178 concubitus,
2829 2226 2878 2352 illins
2829 2390 2876 2596 artificis
2828 2632 2875 2810 auxilio
2815 2847 2874 3076 effectos,

2734 1377 2798 1665 Ledamque
2750 1698 2782 1786 ova
2734 1821 2782 1911 pro
2750 1965 2799 2234 infantibus
2732 2290 2796 2565 parientem
2735 2614 2795 2898 exhiberet,
2746 2952 2794 3078 hanc

2654 1377 2716 1681 tragoediam
2670 1732 2718 1782 in
2670 1828 2717 1979 risum
2667 2017 2716 2302 detorserit.
2666 2374 2716 2453 Cf.
2653 2491 2715 2669 Bergk.
2652 2705 2715 2881 fragm.
2666 2917 2714 3076 Arist.

2571 1376 2620 1423 p.
2589 1462 2634 1557 127
2574 1604 2622 1740 seqq.
2590 1827 2638 2004 Rarius
2589 2042 2637 2239 codices
2572 2277 2636 2553 descriptos
2587 2591 2619 2703 esse
2570 2740 2629 2942 propter
2586 2997 2634 3075 fa-

2508 1378 2556 1575 stidium
2497 1612 2557 1895 hominum„
2492 1948 2555 2259 turpitudine
2508 2293 2557 2413 sacti
2490 2449 2555 2718 Pasiphaes
2495 2756 2554 3076 offensorum,

2427 1377 2471 1758 consentaneum
2428 1808 2472 1914 est:
2429 1962 2475 2028 ita
2416 2074 2475 2253 fiebat,
2427 2302 2469 2356 ut
2426 2404 2469 2597 mature
2426 2643 2473 2809 multis
2425 2856 2472 2905 in
2426 2952 2473 3076 obli-

2347 1376 2394 1570 vionem
2344 1616 2394 1788 abiret.
2347 1877 2395 2201 Eruditorum
2347 2250 2395 2468 favorem
2346 2516 2392 2563 ei
2343 2614 2392 2875 conciliare
2327 2911 2392 3077 potuit

2251 1376 2313 1696 Anaxagorae
2254 1732 2315 1972 doctrina,
2266 2007 2314 2055 in
2251 2092 2297 2186 qua
2266 2210 2313 2418 multum
2265 2444 2313 2600 fuisse
2248 2626 2312 2926 explananda
2263 2952 2312 3073 cho-

2185 1376 2217 1483 rum
2170 1534 2228 1806 mystarum
2169 1871 2233 2056 optimo
2186 2117 2232 2223 iure
2169 2275 2232 2553 suspicatus
2184 2616 2226 2694 est
2182 2752 2231 3074 Matthiaeus.

2104 1375 2154 1534 Multa
2106 1587 2153 1715 enim
2097 1762 2153 1978 inerant,
2090 2033 2137 2157 quae
2105 2203 2152 2264 ad
2103 2313 2151 2646 reconditiora
2085 2695 2149 2911 cogitata
2100 2961 2133 3073 cum

2008 1374 2073 1520 vulgo
2024 1557 2073 1957 communicanda
2024 1992 2072 2277 invitarent:
2024 2332 2071 2467 cuius
2009 2503 2070 2699 generis
2020 2753 2063 2892 erant
2020 2944 2070 3073 Dae-

1943 1375 1992 1472 dali
1944 1507 1975 1585 ars
1943 1621 1986 1842 naturam
1927 1881 1975 2148 superans,
1943 2207 1992 2328 Icari
1928 2364 1991 2589 audacia,
1925 2635 1990 2908 Pasiphaes
1940 2952 1972 3072 con-

1863 1376 1911 1567 cubitus
1848 1602 1906 1874 partusque
1856 1919 1905 2255 monstrosus.
1862 2305 1910 2487 Minois
1846 2537 1909 2785 ingenium
1850 2832 1909 3070 insolens,

1768 1373 1830 1587 denique
1768 1624 1825 1898 mystarum
1766 1934 1829 2153 ipsorum
1783 2189 1830 2406 studium
1783 2445 1830 2493 in
1782 2519 1830 2730 numinis
1780 2756 1829 2903 divini
1780 2931 1812 3069 men-

1702 1372 1745 1473 tem
1688 1535 1750 1845 animumque
1702 1898 1750 2079 intrare
1686 2128 1751 2447 cupientium.
1702 2525 1750 2664 Haec
1700 2711 1742 2877 autem
1688 2925 1747 3069 ratio,

1622 1373 1670 1567 etiamsi
1622 1614 1655 1711 non
1623 1757 1671 1853 iam
1623 1901 1671 1950 in
1622 1996 1670 2126 Pace
1605 2174 1669 2512 Aristophanis
1619 2557 1668 2749 adhoc
1618 2783 1666 2952 drama
1619 2987 1651 3069 re-

1525 1373 1590 1497 spici
1531 1530 1590 1776 viderem,
1543 1826 1590 1929 sola
1542 1965 1589 2085 mihi
1528 2121 1590 2410 sufficeret,
1539 2450 1583 2503 ut
1539 2538 1588 2659 illud
1523 2695 1586 2868 primis
1539 2905 1586 3067 statim

1444 1371 1508 1707 temporibus,
1445 1754 1505 2015 postquam
1459 2066 1509 2255 fabulas
1459 2304 1508 2485 docere
1442 2522 1505 2745 coeperit
1444 2779 1507 3066 Euripides,

1380 1370 1428 1420 in
1379 1455 1412 1650 scenam
1380 1689 1429 1905 delatum
1378 1942 1412 2054 esse
1376 2088 1422 2377 statuerem.
1378 2447 1427 2573 Nam
1362 2596 1426 2842 prioribus
1361 2869 1420 3066 tempo-

1298 1369 1347 1506 ribus
1283 1541 1346 1694 magis
1299 1731 1330 1813 eas
1285 1849 1346 2092 rationes,
1282 2150 1330 2272 quae
1298 2317 1346 2377 ad
1297 2423 1327 2590 rerum
1296 2625 1340 2850 naturam
1280 2887 1330 3065 cogno-

1218 1371 1266 1600 scendam
1202 1636 1265 1973 pertinerent,
1216 2010 1259 2235 secutum
1216 2271 1249 2382 esse
1201 2419 1265 2735 Euripidem,
1200 2771 1264 3064 posteriori-

1126 1369 1187 1478 bus,
1123 1514 1186 1751 flagrante
1137 1785 1185 1914 bello
1120 1946 1185 2359 Peloponnesiaco
1120 2387 1184 2743 hominumque
1134 2773 1182 2935 studia
1135 2962 1179 3063 tra-

1045 1367 1106 1536 hente,
1041 1562 1105 1718 magis
1056 1742 1088 1908 rerum
1040 1937 1103 2245 publicarum
1053 2277 1103 2746 administrationem
1037 2783 1101 3064 respexisse

977 1366 1025 1488 mihi
961 1519 1023 1813 persuadeo,

894 1500 944 1626 Sunt
895 1660 939 1821 autem
881 1842 905 1855 ,
893 1890 926 1951 ex
878 1987 941 2163 quibus
880 2199 940 2260 ii,
877 2312 939 2392 qui
874 2428 940 2648 speciem
890 2687 938 2940 dumtaxat
891 2973 923 3061 re-

802 1368 847 1507 rum,
800 1558 847 1683 quae
799 1713 858 1949 aguntur,
808 1985 860 2240 intuentur
795 2273 860 2514 simulque
794 2546 858 2862 Euripidem,
810 2900 855 3061 aetate

720 1366 782 1743 provectiorem.
728 1780 782 2127 deficientibus
718 2160 777 2373 virib11S‚
729 2420 778 2723 dedidicisse
714 2758 762 2884 quae
728 2919 774 3061 antea
