5010 3336
3890 2197 3946 2322 478

3764 1416 3810 1560 vitam
3762 1598 3810 1761 adhuc
3758 1797 3801 2012 sanctam
3739 2052 3786 2214 agere,
3748 2254 3799 2488 Creusam
3743 2526 3793 2723 interim
3724 2743 3789 2928 Xutho,
3732 2965 3782 3108 Aeoli

3683 1415 3731 1519 filio
3665 1556 3729 1781 Iovisque
3661 1817 3722 2003 nepoti,
3660 2040 3722 2266 Achaeo,
3652 2305 3714 2565 nupsisse,
3647 2606 3709 2687 qui
3662 2723 3708 2770 id
3652 2809 3701 3106 connubium

3586 1414 3633 1504 pro
3585 1542 3645 1763 praemio
3597 1801 3643 1965 auxilii
3592 2004 3635 2174 contra
3586 2203 3637 2524 Euboeenses
3584 2564 3631 2646 lati
3564 2673 3625 2940 acceperit.
3572 2994 3622 3106 Hoc

3506 1411 3567 1521 ipso
3520 1558 3560 1719 autem
3501 1757 3559 1985 tempore
3511 2019 3562 2240 Xuthum
3508 2296 3539 2404 cum
3504 2443 3536 2596 uxore
3484 2634 3551 2854 Delphos
3478 2892 3542 3105 venisse,

3440 1409 3481 1464 ut
3439 1501 3486 1563 de
3436 1602 3486 1867 liberorum
3418 1902 3476 2243 procreatione
3427 2264 3475 2408 deum
3420 2433 3470 2728 consuleret.
3418 2800 3466 2919 ltem
3413 2958 3446 3103 even-

3359 1408 3401 1512 tum
3357 1550 3388 1716 rerum
3356 1757 3396 1808 et
3352 1834 3402 2050 futuram
3347 2077 3396 2407 adolescentis
3329 2435 3391 2637 gloriam
3323 2675 3385 2946 praedicit3
3320 2985 3377 3103 tum,

3260 1406 3323 1686 prodeunte
3256 1724 3318 2198 cummaximelone‚
3267 2236 3313 2284 in
3264 2324 3312 2483 lucum
3259 2523 3309 2712 delubri
3257 2741 3303 2862 deus
3251 2891 3299 3101 recedit.

3195 1538 3243 1660 Cum
3178 1699 3239 1858 prima
3190 1894 3238 2003 luce
3188 2027 3230 2194 sancto
3174 2226 3233 2322 dic,
3169 2361 3214 2454 quo
3165 2484 3229 2660 Pythia
3160 2689 3223 2870 tripodi
3162 2899 3222 3099 insidet,

3116 1404 3164 1489 Ion
3116 1526 3146 1637 cum
3098 1673 3159 1873 reliquis
3108 1910 3157 2149 ministris
3104 2188 3153 2292 sive
3084 2326 3149 2625 προφήταις
3082 2661 3147 2750 (cf.
3092 2790 3127 2834 v.
3077 2873 3140 3013 413.)
3090 3049 3137 3098 in

3034 1402 3081 1700 vestibulum
3016 1738 3076 1930 prodit,
3014 1970 3059 2177 quorum
3026 2215 3072 2267 hi
3007 2304 3053 2427 puro
3018 2466 3067 2601 fonte
2999 2639 3048 2844 corpora
3010 2882 3059 3098 abluturi

2946 1400 2996 1530 Sunt,
2954 1569 2995 1623 ut
2951 1659 3000 1882 faventes
2934 1919 2995 2098 linguis
2945 2130 2993 2252 bona
2940 2290 2987 2449 omina
2934 2476 2983 2844 consulentibus
2916 2868 2978 3094 offerant,

2875 1397 2922 1481 lon
2859 1518 2914 1702 autem,
2871 1740 2918 1789 id
2855 1828 2915 1956 quod
2867 1992 2913 2159 facere
2865 2197 2894 2223 a
2848 2258 2893 2411 puero
2843 2451 2905 2702 adsuevit„
2852 2739 2899 2886 sertis
2850 2923 2891 2973 et
2850 3010 2881 3092 co-

2794 1396 2839 1528 ronis
2776 1576 2838 1685 ipse
2772 1734 2836 1935 insignis
2770 1986 2834 2052 (V.
2783 2100 2830 2208 522.
2770 2249 2791 2261 a
2766 2309 2811 2464 aquae
2759 2523 2824 2817 adspergine
2771 2870 2812 2920 et
2768 2970 2816 3091 lauri

2713 1394 2759 1543 ramis
2709 1600 2756 1838 vestibula
2689 1884 2746 2181 purgaturus
2700 2245 2741 2323 est
2683 2375 2746 2618 simulque
2679 2663 2741 2916 volucres,
2673 2967 2719 3091 quae

2630 1392 2679 1653 delubrum
2613 1693 2665 2050 conspurttant,
2621 2099 2653 2214 arcu
2620 2267 2662 2316 et
2605 2366 2664 2554 sagittis
2599 2609 2663 2887 fugaturus.
2607 2956 2657 3089 Inter

2552 1390 2599 1486 hoc
2535 1523 2581 1647 opus
2546 1683 2578 1879 carmen
2531 1918 2590 2064 canit,
2527 2105 2573 2199 quo
2540 2239 2580 2286 et
2536 2322 2585 2593 ministeria
2534 2631 2566 2716 sua
2515 2754 2579 2979 vitaeque
2527 3013 2573 3085 in-

2469 1391 2517 1617 stitutum
2451 1657 2511 1910 praedicat
2463 1946 2504 1996 ct
2449 2032 2508 2143 dec,
2458 2184 2504 2321 cuins
2457 2350 2503 2396 in
2455 2426 2505 2662 honorem
2453 2694 2500 2771 his
2446 2797 2495 3084 muneribus

2374 1386 2437 1635 fungitur,
2370 1691 2427 1919 tanquam
2367 1971 2426 2192 patriae
2377 2245 2423 2479 nutritori
2361 2515 2420 2699 gratias
2354 2738 2417 2850 agit.
2354 2924 2415 3082 Quem

2307 1385 2355 1515 enim
2304 1554 2352 1712 locum
2303 1764 2348 1919 nostri
2285 1959 2340 2134 poetae
2281 2174 2343 2446 soliloquiis
2278 2484 2339 2761 assignant,
2289 2801 2321 2911 eum
2270 2949 2332 3078 apud

2226 1381 2267 1578 veteres
2223 1617 2268 1808 cantica
2219 1846 2263 2029 tenent.
2216 2101 2263 2306 Animus
2212 2341 2262 2670 adolescentis
2210 2720 2257 2815 hoc
2205 2864 2251 3079 carmine

2142 1380 2193 1664 declaratur
2140 1701 2186 1996 conveniens
2137 2044 2183 2101 iis
2136 2139 2182 2261 locis
2134 2300 2175 2350 et
2119 2386 2180 2563 rebus,
2131 2610 2177 2655 in
2115 2695 2175 2869 quibus
2124 2907 2157 3080 versa-

2054 1382 2108 1481 tur5
2048 1518 2095 1679 neque
2060 1715 2107 1876 minus
2059 1915 2099 2079 castus
2040 2114 2097 2410 sanctusque
2043 2446 2095 2539 est,
2038 2578 2083 2722 quam
2048 2753 2095 2870 solis
2030 2892 2093 3075 lumen,

1970 1378 2017 1475 quo
1981 1513 2026 1840 cummaxime
1978 1888 2024 2142 cacumina,
1976 2192 2023 2395 Parnasi
1969 2441 2019 2805 collustrantur.
1964 2875 2013 3073 Etenim

1891 1375 1951 1549 procul
1904 1585 1934 1611 a
1899 1648 1947 1996 certaminibus
1896 2034 1944 2315 forensibus
1894 2353 1934 2401 et
1877 2436 1939 2742 proeliorum
1874 2778 1936 2975 furore,
1884 3013 1931 3073 li-

1824 1376 1871 1465 ber
1825 1500 1871 1558 ab
1807 1596 1868 1887 ambitione,
1818 1939 1863 1998 ab
1802 2049 1861 2277 avaritia,
1815 2328 1844 2354 a
1812 2390 1860 2593 libidine
1795 2630 1841 2828 eorum,
1791 2878 1851 2959 qui
1802 2995 1849 3072 vel

1728 1373 1789 1689 negotiantur
1740 1722 1785 1798 vel
1738 1835 1768 1914 res
1720 1940 1783 2162 publicas
1721 2185 1782 2541 administrant,
1716 2581 1777 2672 piis
1712 2698 1768 2939 perpetuo
1723 2977 1770 3069 mi-

1663 1371 1710 1585 nisteriis
1642 1615 1706 1865 sacrisque
1641 1891 1694 2140 operatus,
1653 2172 1699 2217 in
1652 2246 1697 2412 avibus
1636 2438 1698 2668 fugandis
1648 2686 1695 2782 tela
1629 2812 1677 3066 exercens.

1583 1367 1630 1514 vitam
1580 1552 1627 1712 adbuc
1561 1749 1622 2060 tranquillam
1556 2097 1615 2244 atque
1570 2280 1616 2589 innocentem
1553 2628 1614 2749 egit,
1549 2787 1596 2948 neque
1560 2983 1603 3068 aut

1502 1366 1550 1569 honoris
1499 1608 1541 1690 aut
1497 1734 1544 1860 lucri
1492 1914 1541 2229 dulcedinem
1490 2283 1521 2394 cum
1474 2443 1536 2716 sapientiae
1484 2752 1531 2913 studio
1467 2948 1513 3064 per-

1420 1365 1461 1556 mutare
1403 1593 1464 1743 cupit.
1414 1817 1464 1986 Oratio
1411 2024 1455 2187 autem
1408 2225 1454 2374 rebus
1405 2412 1453 2781 accommodata
1404 2816 1445 2920 est:
1402 2956 1433 3062 mo-

1341 1364 1388 1478 dico
1339 1516 1386 1643 enim
1334 1678 1376 1850 ornatu
1331 1889 1381 2170 illustratur
1312 2219 1374 2546 cogitatorum
1322 2584 1371 2895 verecundia.
1320 2965 1369 3060 Ce-

1260 1362 1303 1522 terum
1256 1561 1288 1732 rursus
1238 1769 1299 2068 mendicum,
1234 2106 1295 2184 qui
1233 2220 1279 2378 neque
1231 2414 1294 2622 patriam
1228 2644 1277 2804 neque
1227 2827 1284 3059 parentes

1166 1361 1212 1523 neque
1176 1558 1225 1742 victum
1158 1780 1205 1939 neque
1169 1976 1218 2155 lectum
1167 2194 1205 2382 certum
1165 2410 1213 2616 haberet
1148 2653 1211 2742 (cf.
1161 2781 1193 2824 v.
1161 2858 1206 2968 315.
1159 3006 1202 3058 et

1084 1358 1148 1499 323.)
1098 1537 1139 1585 et
1096 1622 1143 1670 in
1094 1708 1142 1800 hac
1077 1837 1132 2061 egestate
1085 2095 1135 2413 felicissimus
1071 2451 1127 2611 esset,
1083 2658 1130 2707 in
1081 2745 1114 2942 scenam
1078 2978 1127 3054 in-

1018 1358 1069 1559 ductum
1016 1598 1048 1710 esse
1009 1744 1059 1984 videmus.

935 1486 985 1665 Adhuc
933 1701 980 1824 nihil
914 1860 971 2052 gestum
926 2091 968 2169 est
915 2203 956 2398 rerum,
908 2449 955 2574 quae
922 2609 971 2822 habeant
903 2855 967 3051 gravio-

860 1354 892 1459 rem
854 1496 904 1766 animorum
845 1805 893 2198 commotionem.
842 2269 892 2453 Vacuis
828 2473 891 2623 igitur
823 2649 888 2921 otiosisque
838 2948 885 3048 ani-

766 1352 826 1472 mis,
760 1521 823 1794 prudenter
755 1827 810 1972 poeta
766 2020 813 2069 in
764 2107 811 2360 oculorum
747 2397 810 2685 auriumque
756 2720 808 3048 delectatione

682 1350 738 1662 spectatores
688 1701 739 1909 detinet.
671 1979 734 2119 Quae
666 2155 730 2310 qualis
682 2346 730 2410 sit
666 2436 731 2723 priusquam
662 2752 719 3045 exponatur,

2410 3188 2415 3191 i
2426 3189 2457 3191 -ἶ
3242 3190 3363 3197 -1.—-.--

1302 3179 1328 3181 m.
1338 3180 2059 3191 t—-W——m
2094 3185 2260 3192 —,-—-..-.
2265 3188 2342 3193 ——
2348 3187 2397 3192 ³—
2464 3188 3236 3197 ⁴—————·——-··-·—“‘
