5010 3336
3907 2117 3964 2236 192

3754 1463 3820 1674 βροτοῖς
3769 1706 3822 1771 τὰ
3754 1804 3821 1957 μείζω
3769 1990 3820 2097 τῶν
3752 2129 3819 2303 μέσων
3766 2336 3818 2492 τίκτει
3754 2523 3817 2737 νόσους,

3687 1464 3738 1609 θεῶν
3688 1643 3740 1700 δὲ
3672 1730 3746 1965 θνητοὺς
3672 1995 3739 2197 κόσμον
3685 2236 3733 2299 οὐ
3670 2334 3738 2514 πρέπει
3668 2552 3735 2747 φέρειν.

3606 1331 3657 1416 Sic
3590 1437 3656 1587 igitur
3608 1613 3640 1723 cum
3593 1751 3640 1876 quae
3607 1900 3656 2090 volebat
3589 2116 3653 2429 impetrasset
3591 2453 3651 2735 Alcmaeon,
3604 2765 3637 2875 cum
3603 2903 3637 3006 mo-

3528 1329 3576 1412 nili
3527 1448 3571 1499 et
3512 1532 3576 1679 peplo
3525 1713 3576 1849 abiit.

3432 1460 3496 1785 Interpositus
3448 1821 3490 1898 est
3433 1932 3495 2127 choruS‚
3444 2163 3492 2298 cuius
3444 2334 3492 2430 hoc
3443 2462 3487 2624 exstat
3429 2655 3493 2861 fragm:

3352 1457 3414 1689 γυναῖκα
3366 1719 3419 1807 καὶ
3352 1841 3420 2098 ὠφέλειαν

3285 1457 3337 1548 καὶ
3286 1582 3336 1746 νόσον
3272 1780 3337 1936 ἀνδρὶ
3269 1972 3336 2151 φέρειν
3267 2184 3334 2431 μεγίσταν

3193 1455 3257 1666 ἐδίδαξα
3184 1699 3255 1853 τώμῷ
3188 1888 3253 2044 λόγῳ.

3126 1325 3175 1456 Tum
3125 1491 3172 1702 famulus
3114 1749 3172 2088 Alcmeonis,
3108 2145 3155 2289 quem
3106 2338 3170 2584 prioribus
3105 2620 3169 2922 temporibus
3121 2955 3169 3005 in

3029 1323 3095 1510 Phegei
3045 1544 3093 1730 familia
3045 1763 3092 1920 fuisse
3026 1956 3091 2222 putandum
3031 2260 3085 2361 est,
3041 2407 3083 2608 evocato
3025 2644 3089 2872 Phegeo,
3041 2917 3088 3004 do·
3043 3176 3084 3178 ἵ

2967 1323 3014 1421 lum
2964 1459 3014 1766 Alcmaeonis
2948 1801 3010 1975 aperit,
2962 2012 2994 2106 non
2945 2143 3009 2373 Apollini,
2962 2409 3008 2497 sed
2960 2531 3008 2829 Callirrhoae
2960 2863 2993 3005 mun-

2887 1322 2934 1438 dum
2868 1472 2931 1716 reportari
2883 1750 2930 2016 ostendens
2867 2042 2932 2108 ²⁸).
2866 2180 2929 2288 Quo
2880 2323 2927 2491 nuntio
2867 2520 2927 2704 audito,
2880 2740 2928 3005 vehemen-

2806 1319 2854 1512 tissima
2790 1545 2853 1729 Phegei
2803 1762 2851 1834 ira
2790 1880 2849 2189 exardescit,
2787 2236 2849 2318 qui
2801 2367 2848 2493 filios
2799 2539 2848 2812 Temenum
2786 2858 2843 3005 atque

2725 1317 2773 1560 Axionem
2712 1594 2772 1811 advocat,
2708 1847 2755 2000 reque
2707 2035 2768 2258 exposita
2706 2293 2767 2527 ignaviam
2720 2564 2751 2734 eorum
2707 2763 2768 3004 increpat,

2631 1319 2693 1448 quod
2644 1492 2677 1588 non
2627 1636 2693 1883 extemplo
2643 1936 2691 1996 ad
2641 2042 2689 2437 interficiendum
2624 2484 2687 2727 perfidum
2640 2762 2688 3002 ulciscen-

2551 1318 2615 1530 damque
2550 1565 2612 1719 patris
2562 1753 2611 1978 iniuriam
2559 2017 2607 2341 contendant:

2467 1448 2532 1710 „Atque
2482 1767 2514 1958 eccos
2463 2017 2527 2249 segnis
2479 2306 2512 2534 somno
2478 2585 2521 2646 et
2478 2705 2528 2999 tardita-

2401 2158 2448 2192 (ί
2400 2210 2445 2229 i
2400 2239 2431 2271 η
2399 2292 2429 2319 e
2400 2337 2445 2388 !''

2325 1314 2375 1457 Vires
2322 1505 2371 1595 sibi
2307 1645 2366 1783 optat
2321 1828 2354 1942 esse
2309 1988 2353 2097 eas,
2304 2145 2366 2320 quibus
2304 2371 2366 2614 quondam
2316 2660 2350 2778 usus
2316 2815 2365 2880 sit
2315 2925 2365 2997 iu-

2243 1315 2277 1479 venls:

2469 3175 2476 3179 ;
2495 3178 2498 3179 ⁷
2507 3174 2532 3179 2„
2541 3175 2613 3180 42„-
2622 3174 2985 3181 m————
3002 3176 3034 3178 *⁷⁷

2174 1443 2184 1509 —
2176 1642 2183 1706 --
2174 1841 2182 1907 -ν
2172 2039 2178 2101 --
2170 2235 2179 2298 -—
2140 2431 2188 2623 „quta

2082 1442 2132 1585 Nec
2082 1619 2114 1733 vos
2079 1767 2113 1886 nec
2079 1923 2126 2050 ille
2060 2086 2124 2357 impune
2074 2409 2124 2755 inrideret
2072 2790 2106 2997 meam

1995 1447 2050 2126 Grandaevitatem.’'

1922 1440 1972 1662 Tandem
1922 1696 1968 1789 illis
1920 1825 1966 1886 ad
1902 1919 1965 2314 persequendum
1899 2350 1963 2747 puniendumque
1912 2770 1960 2996 Alcmae-

1842 1310 1876 1453 onem
1842 1490 1875 1546 se
1827 1589 1884 1782 paratos
1839 1830 1871 1941 esse
1824 1989 1885 2391 ostendentibus,
1820 2439 1882 2682 quomodo
1832 2727 1881 2887 hostis
1832 2935 1865 2995 ex

1761 1308 1810 1497 insidiis
1761 1532 1810 1830 invadendus
1746 1867 1807 1959 sit,
1740 1995 1807 2354 p1·aecipit**):

1669 1443 1731 1608 „Sed
1681 1642 1729 1769 tibi
1678 1806 1725 2058 cautim
1676 2095 1717 2188 est
1674 2228 1724 2595 adeundum
1673 2629 1722 2708 ad
1671 2734 1719 2993 virum.”

1601 1436 1649 1576 Filiis
1585 1611 1648 1865 profectis,
1598 1906 1646 2040 locus
1595 2077 1643 2219 datur
1594 2253 1641 2400 tertio
1593 2439 1640 2577 chori
1590 2612 1639 2827 carmini.
1589 2881 1638 2993 Hoc

1504 1307 1567 1491 excipit
1521 1536 1567 1691 nuntii
1505 1740 1565 1982 narratio,
1498 2045 1547 2259 pugnam
1496 2320 1562 2621 caedemque
1494 2686 1556 2991 exponentis,

1426 1307 1487 1419 Qui,
1424 1454 1487 1681 quoniam
1437 1715 1487 1887 famuli
1421 1922 1484 2129 perfidia
1434 2164 1483 2431 Alcmaeon
1418 2463 1479 2742 interierat,
1428 2786 1478 2882 hac
1428 2915 1477 2991 uti

1358 1305 1406 1543 sententia
1343 1576 1391 1667 pro
1358 1705 1407 1918 clausula
1355 1951 1403 2241 narrationis
1337 2277 1400 2469 potuit:

1269 1437 1332 1571 ὅςτις
1278 1607 1329 1663 δὲ
1261 1698 1329 1871 δούλῳ
1263 1907 1328 2044 φωτὶ
1273 2076 1332 2303 πιστεύει
1258 2336 1322 2560 βροτῶν,

1173 734 1264 785 ῗὲἓν
1182 1432 1249 1631 πολλὴν
1183 1665 1245 1790 παρ’
1180 1826 1247 1954 ἡμῖν
1178 1988 1243 2194 μωρίαν
1177 2226 1243 2544 ὀφλισκάνει.

1105 714 1168 784 '3⁵¹
1117 1435 1168 1693 Laetitiam
1116 1742 1159 1793 et
1101 1839 1162 2212 gratulationem
1094 2248 1159 2432 Phegei
1095 2468 1158 2740 significant
1104 2771 1157 2984 haecce:

976 734 1210 755 ι

950 734 996 785 ²1}
946 1372 1001 1423 Ψ)
945 1453 1000 1597 Apoll.
955 1628 996 1658 1.
955 1689 995 1743 1.:
940 1776 997 2064 μηνύσαντος
950 2094 995 2143 δὲ
936 2172 997 2473 θεράποντος.

851 734 1009 770 ζ,
876 1340 930 1421 ³⁸⁵)
884 1453 928 1642 Pausan.
885 1670 925 1700 l.
883 1732 923 1788 L:
867 1820 925 2212 δολοφονηθέντα.
866 2270 922 2500 Apollod.:
860 2535 921 2822 ἐνεδρευθεὶς
873 2851 920 2983 οἷναι-

803 1444 843 1601 estvm.
