5010 3336
1052 2110 1105 2218 209

1211 2922 1259 2999 Ex
1207 2715 1256 2888 eodem
1206 2572 1253 2680 loco
1202 2460 1250 2537 vel
1213 2261 1247 2426 omnes
1196 2150 1242 2225 vel
1208 2004 1256 2115 pars
1202 1802 1237 1968 eorum
1182 1469 1249 1767 Iphigeniam
1181 1347 1228 1435 im-

1289 2755 1337 2995 molatura
1281 2462 1347 2721 postmodo
1280 2306 1326 2433 freto
1276 2077 1321 2281 traiecto
1274 2008 1318 2054 in
1268 1794 1315 1991 Troiam
1267 1582 1312 1767 redisse
1260 1343 1326 1555 putanda

1373 2915 1415 2993 est
1364 2817 1431 2883 *).
1362 2442 1411 2749 Prooemium
1354 2213 1405 2406 dicendi
1366 2008 1398 2180 munus
1347 1752 1395 1974 manibus
1344 1451 1390 1726 mandatum
1342 1340 1385 1415 est

1444 2744 1494 2993 interfecti
1440 2462 1503 2709 Polydori,
1437 2292 1484 2423 cuius
1431 2085 1487 2257 anima,
1428 1835 1489 2048 corporis
1425 1594 1471 1797 liberata
1418 1340 1475 1561 vinculis,

1526 2838 1572 2992 instar
1523 2726 1569 2804 dei
1537 2588 1567 2683 non
1520 2384 1566 2540 minus
1514 2177 1560 2338 futura
1507 1848 1572 2133 praedicere
1518 1651 1565 1795 quam
1498 1336 1563 1601 praeterita

1604 2729 1666 2989 explanare
1606 2645 1648 2693 et
1593 2228 1660 2611 locupletissime
1588 1948 1635 2193 auditores
1583 1721 1629 1897 docere
1583 1506 1642 1686 posset.
1576 1336 1621 1439 Diis

1684 2834 1741 2991 enim,
1695 2692 1743 2785 quo
1675 2343 1725 2641 manifestior
1673 2160 1717 2294 esset
1664 1893 1713 2127 Hecubae
1660 1602 1717 1844 solitudo,
1654 1334 1703 1555 consulto

1771 2822 1809 2988 noster
1759 2501 1807 2787 abstinuisse
1753 2275 1799 2479 videtur.
1746 1991 1794 2207 Manium
1750 1803 1789 1961 autem
1736 1474 1801 1778 praesentiae
1748 1334 1780 1447 cave

1842 2726 1903 2987 quidquam
1833 2364 1889 2692 immanitatis,
1829 2200 1892 2327 quod
1828 1923 1873 2177 horrorem
1826 1556 1883 1902 stuporemque
1813 1331 1870 1533 iniiciat,

1922 2824 1968 2985 inesse
1924 2612 1982 2779 putes:
1911 2280 1976 2564 longissime
1907 2102 1955 2231 enim
1902 1889 1950 2066 Graeci
1898 1586 1946 1845 abfuerunt
1910 1512 1939 1539 a
1891 1333 1938 1477 terri-

2000 2745 2056 2980 culorum,
1995 2536 2056 2709 quibus
1988 2186 2038 2499 mulierculae
1984 1923 2048 2159 puerique
1981 1576 2032 1898 moverentur,
1973 1328 2028 1541 fictione,

2084 2927 2126 2980 ut
2074 2660 2138 2892 quidquid
2070 2548 2117 2626 vel
2070 2311 2116 2513 deorum
2067 2206 2113 2282 vel
2066 1894 2110 2182 daemonum
2057 1786 2105 1859 vel
2054 1548 2103 1760 manium
2066 1329 2114 1525 reprae-

2158 2731 2204 2980 sentarent
2150 2497 2198 2695 naturali
2155 2413 2194 2460 et
2146 2195 2207 2379 vulgari
2143 1992 2189 2148 forma
2137 1671 2202 1948 praeditum
2132 1324 2179 1628 inducerent.

2235 2755 2283 2979 Nondum
2233 2614 2279 2719 dies
2228 2404 2284 2580 illuxit,
2243 2262 2273 2367 cum
2222 2005 2285 2235 Polydori
2218 1813 2265 1970 anima
2231 1718 2263 1778 ex
2212 1496 2261 1703 tentorio
2208 1323 2267 1470 redit,

2316 2929 2361 2980 in
2329 2800 2375 2893 quo
2326 2569 2357 2765 versans
2307 2211 2354 2533 dormientem
2308 1972 2349 2177 matrem
2296 1645 2344 1939 somniorum
2292 1498 2338 1611 visis
2304 1322 2353 1462 prae-

2393 2789 2442 2979 monuit
2388 2648 2452 2745 **>.
2387 2381 2435 2557 Refert
2389 2154 2431 2315 autem
2397 2038 2428 2091 se
2376 1727 2441 1980 parvulum
2367 1321 2433 1664 Polymestori,

2475 2729 2523 2975 Thracum
2476 2467 2531 2692 tyranno,
2483 2308 2513 2413 cum
2478 2090 2526 2262 magna
2459 1942 2506 2045 auri
2456 1850 2502 1895 vi
2452 1550 2509 1816 traditum,
2448 1322 2504 1501 statim,

2558 2714 2619 2973 postquam
2550 2519 2597 2668 Troia
2552 2335 2609 2471 capta
2543 2107 2599 2286 fuerit,
2556 2034 2585 2059 a
2536 1799 2601 1987 perfido
2531 1532 2594 1753 hospite,
2526 1401 2589 1483 qui
2530 1318 2571 1367 et

2632 2715 2697 2975 pecuniam
2630 2466 2676 2681 retinere
2634 2385 2673 2432 et
2626 2052 2671 2349 Graecorum
2618 1802 2680 2006 gratiam
2613 1644 2658 1768 iuire
2608 1438 2664 1611 vellet,
2607 1317 2652 1390 in-

2712 2712 2759 2973 terfectum
2714 2624 2755 2674 et
2710 2543 2754 2591 in
2708 2362 2753 2506 maris
2704 2174 2751 2327 undas
2702 1909 2747 2149 abiectum
2709 1754 2751 1889 esse;
2706 1595 2739 1718 nunc
2688 1312 2750 1571 impetrata

2793 2911 2839 2969 ab
2790 2705 2836 2875 inferis
2788 2575 2834 2667 diis
2784 2302 2834 2541 redeundi
2782 2104 2835 2267 venia,
2785 1998 2824 2050 ut
2772 1753 2838 1964 sepulcri
2772 1484 2817 1722 honorem
2780 1314 2812 1450 asse—

2875 2768 2934 2970 quatur,
2872 2666 2914 2715 et
2868 2462 2929 2621 ipsum
2863 2274 2910 2415 matri
2862 2183 2906 2230 in
2857 1964 2905 2146 somnis
2866 1689 2916 1924 apparere
2854 1605 2895 1653 et
2860 1396 2909 1572 corpus
2844 1310 2891 1361 in

2952 2802 2999 2971 littore
2948 2557 2994 2766 eiectum
2949 2214 2990 2528 ostensurum
2954 2052 2985 2178 esse.
2932 1830 2981 1982 Simul
2930 1505 2991 1795 Polyxenae‚
2922 1309 2971 1468 sorori

3045 2835 3086 2968 suae,
3024 2443 3088 2802 postulantibus
3020 2222 3070 2423 Achillis
3018 1964 3072 2196 manibus,
3009 1624 3074 1925 pereundum
3021 1494 3054 1605 esse
3007 1308 3051 1471 osten-

3109 2868 3154 2964 dit:
3106 2775 3151 2825 id
3104 2611 3150 2737 enim
3118 2541 3147 2565 a
3100 2302 3147 2504 Graecis
3098 2216 3143 2265 in
3096 2103 3142 2182 illa
3095 1768 3140 2067 chersoneso
3086 1438 3133 1734 morantibus
3081 1308 3145 1402 agi,

3191 2908 3233 2963 ut
3183 2688 3247 2874 virgine
3178 2361 3227 2654 immolanda
3173 2068 3222 2325 fortissimi
3172 1936 3217 2024 viri
3168 1673 3215 1892 manibus
3162 1306 3210 1626 satisfaciant.

3266 2851 3313 2962 Uno
3263 2666 3325 2816 igitur
3261 2555 3307 2631 die
3260 2314 3304 2519 duorum
3255 2002 3300 2263 liberorum
3249 1777 3295 1949 funera
3244 1571 3290 1744 mulier
3239 1304 3288 1537 infelicis-

3345 2821 3401 2960 sima,
3356 2661 3404 2785 quae
3337 2306 3386 2625 cummaxime
3350 2244 3380 2270 e
3331 1995 3388 2218 tentorio,
3326 1662 3375 1957 somniorum
3322 1523 3368 1637 visis
3320 1302 3375 1490 territa,

3421 2617 3487 2960 progreditur,
3418 2281 3478 2573 adspectura
3417 2137 3458 2227 est.
3409 1962 3456 2069 Hae
3422 1840 3452 1919 res
3406 1669 3466 1804 ipsae
3401 1507 3448 1627 citra
3398 1301 3445 1474 verbo-

3519 2851 3551 2961 rum
3507 2572 3549 2816 tumorem
3496 2420 3543 2537 satis
3494 2110 3541 2383 auditorum
3488 1891 3535 2075 animos
3488 1712 3531 1847 metu
3485 1533 3543 1679 atque
3478 1298 3526 1501 misera-

3583 2825 3630 2959 tione
3582 2536 3641 2790 occupant.
3622 1558 3624 1560 Ι

3659 2408 3721 2822 Repraesentatur
3654 2329 3700 2375 in
3667 2150 3698 2295 scena
3642 1760 3713 2131 Agamemnonis
3638 1441 3705 1742 praetorium
3650 1296 3683 1407 cum

3740 2809 3790 2957 valvis
3739 2593 3797 2775 tribus,
3735 2399 3782 2558 media
3732 2231 3796 2365 regia
3736 2146 3778 2196 et
3728 1929 3775 2114 duabus
3720 1558 3786 1894 hospitalibus.
3716 1413 3765 1487 Ex
3716 1295 3763 1383 ha-

3935 2844 3988 2895 ᾗ)
3932 2654 3974 2815 Confer
3943 2513 3984 2623 quac
3928 2429 3968 2481 de
3938 2267 3966 2397 scena
3920 2026 3964 2236 dramatis
3918 1782 3975 2007 l'flugkius
3919 1708 3957 1751 et
3911 1444 3969 1679 praecipue
3910 1293 3951 1422 Som-

4016 2665 4043 2813 merus
4000 2345 4053 2633 disputarunt.

4072 2845 4126 2920 W)
4072 2612 4113 2816 Tertium
4071 2492 4111 2583 iam
4068 2347 4107 2463 diem
4063 2164 4104 2318 relicto
4075 2030 4102 2131 orco
4063 1813 4114 2001 vagatur
4058 1720 4109 1783 (v.
4053 1567 4104 1687 32.):
4050 1425 4091 1526 inde
4046 1289 4088 1399 illud

4137 2710 4195 2807 ἥκω
4140 2498 4195 2668 νεκρῶν
4135 2206 4188 2451 κευθμῶνα
4130 2083 4173 2159 καὶ
4130 1878 4172 2043 σκότου
4125 1692 4172 1837 πύλας
4118 1514 4165 1657 λιπών
4132 1386 4160 1472 non
4116 1290 4159 1345 ad

4223 2606 4265 2811 praesens
4214 2403 4262 2578 tempus
4203 2094 4247 2375 referendum
4214 1969 4243 2063 esse
4195 1666 4253 1939 intelligitur.
