5010 3336
3959 2162 4015 2243 68

3819 1491 3874 1596 ἀλλ’
3805 1629 3871 1721 ἥδε
3807 1755 3869 1806 μ’
3810 1844 3874 2103 ἐξέσωσεν,
3804 2141 3872 2231 ἥδε
3805 2266 3853 2355 μοι
3805 2391 3868 2603 τροφός,

3723 1492 3787 1675 μήτηρ,
3725 1712 3791 1928 ἀδελφή,
3727 1965 3791 2144 δμωΐςη
3726 2180 3788 2404 ἄγκυρά,
3724 2442 3790 2592 στέγη
3722 2616 3790 2676 *>.

3659 1361 3708 1517 Simul
3661 1563 3692 1617 se
3660 1661 3709 1858 felicem
3646 1907 3707 2156 praedicat
3660 2202 3707 2286 tali
3658 2332 3706 2543 virorum
3642 2593 3706 2869 principum
3659 2917 3691 3027 con—-

3581 1361 3628 1537 sortio:

3502 1492 3552 1520 6
3487 1556 3553 1655 γὰρ
3491 1691 3552 1865 ξυνὼν
3492 1899 3553 2058 κακὸς
3487 2091 3550 2186 μὲν
3484 2218 3550 2287 ἢν
3483 2320 3548 2445 τύχῃ
3483 2480 3548 2659 γεγώς,

3413 1490 3471 1726 τοιούςδε
3412 1759 3478 1882 τοὺς
3410 1919 3471 2172 ξυνόντας
3404 2210 3472 2581 ἐκπάιδεύεται,

3326 1492 3397 1750 χρηστοὺς
3343 1788 3391 1833 δ’
3342 1872 3391 1900 ὁ
3326 1935 3389 2184 χρηστός·
3339 2221 3389 2348 ἀλλὰ
3329 2383 3388 2473 τὰς
3322 2509 3388 2709 ὁμιλίας

3252 1493 3311 1683 ἐσθλὰς
3250 1719 3312 1940 διώκειν,
3261 1980 3317 2019 ὦ
3247 2055 3310 2180 νέοι,
3246 2216 3307 2543 σπουδάζετε.

3180 1362 3228 1495 Idem
3167 1549 3223 1885 argumentum
3181 1933 3227 2082 etiam
3164 2127 3226 2398 Sophocles
3166 2446 3220 2759 tractaverat,
3178 2823 3222 3030 exstant—

3086 1363 3132 1457 que
3102 1492 3150 1819 narrationum
3089 1867 3148 2156 varietates,
3085 2205 3131 2328 quae
3098 2376 3145 2518 huius
3097 2568 3145 2781 dramate
3098 2832 3144 2920 niti
3100 2961 3145 3038 vi-

3011 1362 3069 1584 deantur„
3023 1618 3070 1751 velut
3007 1786 3069 2072 Apollodori
3005 2110 3063 2253 atque
3018 2295 3067 2491 Tzetzis
3018 2527 3064 2586 ad
3002 2641 3064 2884 Lycophr.
3017 2924 3064 3036 175.

2943 1361 2990 1456 His
2943 1491 2989 1616 enim
2941 1652 2989 1861 testibus
2941 1897 2973 1993 non
2940 2035 2981 2169 recta
2941 2206 2970 2262 ex
2939 2300 2986 2536 Colchide
2938 2572 2984 2729 redux
2938 2761 2984 2821 ad
2939 2853 2986 3039 Peliam

2863 1365 2910 1697 ulciscendum
2863 1745 2894 1798 se
2861 1845 2908 1984 Iason
2849 2033 2907 2261 accinxit,
2860 2312 2906 2398 sed
2842 2448 2905 2639 placide
2842 2687 2890 2855 regem
2848 2903 2907 3040 adiit7

2769 1363 2830 1644 traditoque
2783 1678 2830 1862 vellere
2768 1896 2813 2071 aureo,
2779 2109 2828 2396 Corinthum
2779 2436 2809 2489 se
2779 2525 2825 2759 eontulit:
2768 2797 2826 2926 inde„
2780 2963 2826 3037 di—

2703 1363 2751 1529 missis
2688 1566 2750 1857 Argonautis
2687 1917 2748 2146 initisque
2700 2196 2731 2304 cum
2699 2353 2747 2535 Medea
2699 2570 2745 2769 ultionis
2689 2806 2747 3038 consiliis,

2608 1367 2655 1514 quum
2624 1549 2671 1598 in
2623 1633 2672 1937 Thessaliam
2621 1975 2652 2200 reversus
2608 2252 2663 2413 esset,
2619 2463 2661 2565 tum
2619 2616 2665 2813 demum
2620 2856 2667 3041 Peliam

2543 1365 2574 1393 a
2545 1426 2592 1590 liberis
2542 1636 2592 2028 interficiendum
2541 2076 2587 2288 curavit:
2525 2334 2587 2543 denique
2523 2589 2582 2869 perpetrato
2542 2918 2588 3039 saci-

2463 1364 2495 1485 nore
2464 1520 2512 1658 lason
2465 1692 2495 1801 cum
2462 1836 2511 2015 Medea
2462 2048 2508 2105 ab
2461 2142 2507 2320 Acasto
2448 2355 2506 2556 eiectus„
2460 2591 2507 2748 Pelias
2461 2780 2502 2941 autem
2461 2962 2492 3039 se-

2368 1367 2431 1530 pultus
2383 1568 2426 1657 est.
2383 1742 2431 1951 Mutatis
2381 1998 2427 2216 vestibus
2365 2267 2427 2531 habituque
2381 2580 2427 2849 sacerdotis
2381 2899 2427 3041 etiam

2288 1367 2351 1495 apud
2289 1532 2352 1823 Sophoclem
2302 1860 2351 2086 Medeam
2301 2122 2347 2171 in
2301 2207 2331 2399 scenam
2284 2435 2348 2695 prodiisse,
2302 2730 2348 2900 Iasone
2286 2930 2332 3042 pro-

2224 1369 2271 1447 cul
2225 1482 2266 1707 eventum
2208 1744 2264 2087 exspectante,
2221 2134 2267 2392 verisimile
2222 2426 2264 2518 est.
2222 2588 2268 2661 Eo
2222 2699 2267 2826 enim
2221 2862 2268 3041 chorus

2128 1369 2194 1658 ῥιζοτόμων
2133 1692 2191 1842 ducit,
2129 1877 2174 2020 quem
2141 2058 2188 2237 circum
2140 2275 2170 2327 se
2124 2365 2183 2761 congregaverat,
2142 2799 2183 2848 et
2140 2883 2171 2906 a
2126 2947 2171 3040 quo

2064 1369 2096 1545 nomen
2065 1579 2111 1772 fabulae
2064 1807 2111 1987 sactum
2049 2026 2103 2159 erat;
2061 2197 2108 2261 es.
2060 2298 2107 2486 Welck.
2062 2522 2109 2584 T.
2058 2620 2107 2656 l.
2045 2693 2090 2738 p.
2060 2776 2105 2872 340
2045 2907 2091 3040 seqq.

1984 1369 2027 1418 et
1970 1451 2032 1622 fragm.
1968 1659 2032 1784 apud
1981 1824 2032 1884 G.
1981 1923 2030 2142 Dindors.
1965 2179 2010 2225 p.
1979 2262 2024 2340 53.

1904 1501 1951 1673 Tertia
1903 1708 1950 1916 narratio
1887 1953 1947 2078 apud
1901 2129 1948 2413 Pausaniam
1889 2462 1947 2601 VIII,
1899 2641 1945 2715 11.
1883 2753 1929 2803 p.
1898 2847 1944 2958 020.
1898 2995 1941 3042 et

1824 1370 1870 1481 621.
1807 1512 1871 1771 reperitur.
1824 1839 1870 1911 lbi
1823 1934 1871 2111 Medea
1822 2148 1852 2200 se
1820 2236 1867 2528 simultatem
1820 2567 1851 2673 cum
1819 2699 1867 2869 Iasone
1818 2899 1849 3041 exer-

1743 1372 1775 1486 cere
1734 1523 1791 1747 simulat,
1744 1800 1776 1970 revera
1742 2021 1774 2129 cum
1742 2175 1773 2233 eo
1741 2275 1788 2323 in
1725 2358 1787 2627 perniciem
1740 2664 1787 2827 Peliae
1738 2864 1786 3043 libero-

1651 1370 1696 1576 rumque
1666 1628 1711 1729 eius
1664 1778 1711 2050 coniurata:
1647 2102 1693 2243 quem
1662 2294 1708 2407 dum
1660 2455 1691 2515 ex
1660 2561 1691 2677 sene
1658 2721 1706 2941 iuvenem
1657 2991 1689 3045 se

1585 1370 1633 1608 fact-uram
1586 1645 1618 1755 esse-
1570 1789 1632 2063 pollicetur,
1583 2099 1630 2195 hoc
1565 2229 1611 2373 agere
1568 2408 1627 2612 videtur,
1579 2650 1621 2703 ut
1579 2738 1627 2877 Iason
1564 2909 1624 3045 regni

1504 1372 1552 1685 successione
1502 1720 1552 2019 excludatur.
1503 2088 1551 2244 Simul
1501 2281 1547 2380 su1s
1500 2425 1547 2645 manibus
1485 2682 1531 2801 opus
1484 2836 1546 3043 perficit,

1409 1371 1474 1478 ipsa
1426 1514 1474 1695 Peliam
1425 1741 1472 1969 occidens
1423 2018 1465 2068 et
1422 2116 1469 2164 in
1421 2212 1453 2383 aenum
1419 2421 1466 2695 coniiciens.
1418 2764 1468 3045 Miserrime

1338 1371 1394 1678 interfectus,
1346 1714 1393 1862 etiam
1327 1897 1389 2145 sepultura
1330 2180 1389 2487 destituitur3
1342 2523 1388 2648 filiae
1341 2683 1384 2845 autem
1338 2876 1386 2923 in
1339 2952 1386 3044 Ar-

1268 1374 1315 1560 cadiam
1252 1598 1315 1896 confugiunt.
1247 1966 1311 2171 Dignum
1262 2208 1304 2282 est
1249 2315 1303 2600 memoratu,
1246 2638 1308 2765 quod
1260 2801 1307 2862 de
1259 2887 1306 3042 nomi-

1188 1373 1236 1513 nibus
1188 1551 1237 1756 filiarum
1184 1794 1234 2051 Pausanias
1183 2087 1230 2279 adiicit:
1166 2330 1232 2562 ὀνόματα
1180 2597 1233 2651 δὲ
1178 2688 1229 2861 αὐτῶν
1163 2893 1212 3043 now]-

1091 1374 1157 1464 τὴς
1094 1507 1160 1601 μὲν
1106 1646 1159 1793 ἔθετο
1091 1832 1155 2019 οὐδείς,
1103 2067 1159 2177 οἷά
1087 2223 1149 2269 γ’
1084 2322 1152 2780 ἐπελεξάμεθα
1082 2827 1149 3041 ἡμεῖς,

1027 1375 1078 1572 Μίκων
1026 1607 1079 1661 δὲ
1026 1692 1077 1719 ὁ
1009 1749 1075 2024 ζωγράφος
1006 2042 1079 2402 Ἀστερόπειάν
1018 2426 1050 2476 τε
1017 2497 1073 2630 εἶναι
1017 2654 1068 2744 καὶ
1003 2774 1074 3044 Ἀντινόην

946 1377 999 1461 ἐπὶ
937 1494 993 1606 ταῖς
944 1640 997 1834 εἰκόσιν
941 1867 998 2045 αὐτῶν
924 2079 993 2348 ἐπέγραψε.
922 2429 985 2652 Hyginus
936 2688 985 2815 unde
936 2850 984 3043 nomina

788 1446 841 1487 *)
783 1518 839 1699 Fragm.
795 1731 838 1813 inc.
792 1846 838 2093 CLXXXV.
