5010 3336
2580 3278 2608 3328 'if'

1132 2130 1188 2249 367

1284 2658 1333 2880 παῦσαι·
1276 2359 1342 2621 βλέπουσα
1276 2279 1327 2324 δ’
1275 2171 1334 2241 εἰς
1274 2075 1324 2138 τὰ
1274 1936 1323 2041 τῶν
1271 1746 1330 1902 πέλας
1272 1562 1330 1712 κακά,

1362 2734 1427 2879 ράων
1360 2544 1425 2701 γένοι’
1362 2416 1418 2507 ἄν,
1357 2336 1406 2378 εἰ
1356 2005 1420 2304 λογίζεσθαι
1351 1778 1411 1970 θέλοις,

1441 2770 1491 2884 ὅσοι
1458 2684 1489 2736 τε
1440 2443 1503 2649 δεσμοῖς
1436 1997 1499 2407 έκμεμόχθηνται
1433 1737 1495 1960 βροτῶν,

1521 2765 1571 2881 ὅσοι
1538 2681 1569 2733 τε
1520 2292 1583 2647 γηράσκουσιν
1509 2030 1577 2257 ὀρφανοὶ
1510 1785 1566 1997 τέκνων,

1602 2755 1660 2879 τούς
1602 2681 1649 2723 τ’
1599 2588 1649 2642 ἐκ
1598 2315 1663 2552 μεγίστης
1594 2102 1658 2281 ὀλβίας
1590 1754 1653 2069 τυραννίδος

1681 2827 1731 2885 τὸ
1679 2627 1746 2789 μηδὲν
1682 2413 1737 2592 ὄντας·
1675 2214 1726 2376 ταύτά
1685 2124 1723 2179 σε
1675 1875 1722 2089 σκοπεῖν
1668 1662 1734 1841 χρεων.

1762 2722 1826 3010 Respondet
1762 2499 1815 2687 Danae,
1761 2372 1805 2463 iam
1756 2031 1818 2335 tranquillior
1754 1842 1799 1996 facta:

1835 2810 1899 2879 εἷς
1841 2678 1905 2775 γάρ
1857 2570 1897 2645 τις
1834 2431 1887 2535 ἐστὶ
1834 2222 1893 2398 κοινὸς
1833 1884 1897 2187 ἀνθρώποις
1828 1674 1893 1852 νόμος,

1922 2795 1971 2880 καὶ
1922 2592 1969 2761 θεοῖσι
1921 2403 1967 2559 τοῦτο
1914 2183 1976 2366 δόξαν,
1912 2076 1971 2144 ὡς
1912 1859 1974 2040 σαφῶς
1909 1677 1973 1826 λέγω,

1999 2689 2065 2880 θηρσίν
2015 2603 2047 2655 τε
2002 2420 2055 2570 πᾶσι,
1996 2232 2045 2385 τέκνα
1995 1934 2043 2198 τίκτουσιν
1993 1698 2053 1899 φιλεῖν*

2080 2819 2129 2881 τὰ
2080 2737 2129 2782 δ’
2081 2571 2127 2700 ἄλλα
2074 2380 2142 2537 χωρὶς
2075 2119 2141 2346 χρώμεθ’
2072 1848 2137 2083 άλλήλων
2070 1616 2133 1815 νόμοις.

2162 2891 2209 3010 Post
2162 2738 2208 2856 haec
2160 2531 2222 2703 Dictyn
2158 2316 2205 2495 abiisse
2158 2212 2203 2270 ad
2154 1964 2219 2177 paranda
2152 1683 2214 1919 quaedam
2150 1510 2196 1637 circa
2147 1351 2195 1473 inse-

2242 2887 2300 3012 riaS‚
2242 2639 2287 2840 chorum
2244 2430 2287 2592 autem
2237 2215 2283 2384 laudes
2234 1950 2282 2169 defuncti
2237 1855 2279 1904 et
2231 1621 2278 1812 naenias
2229 1349 2276 1584 cecinisse

2322 2773 2384 3010 Suspicor.

2400 2733 2447 2880 Venit
2398 2532 2446 2706 deinde
2395 2202 2459 2509 Polydectes‚
2398 2118 2439 2165 et
2392 1955 2455 2091 quasi
2391 1707 2438 1929 omnibus
2389 1590 2436 1682 iam
2386 1348 2435 1557 difficul-

2480 2831 2526 3012 tatibus
2478 2599 2525 2802 remotis
2479 2500 2523 2557 ad
2476 2182 2538 2459 nuptiarum
2473 1864 2519 2155 hilaritatem
2471 1596 2533 1838 lugentem
2484 1347 2515 1568 moeren-

2564 2816 2621 3010 temque
2558 2610 2603 2791 invitat.
2556 2409 2603 2558 Cuius
2554 2143 2617 2376 petitione
2552 1930 2598 2116 Danaes
2550 1534 2611 1893 redintegratur
2548 1350 2595 1511 dolor:

2664 2817 2670 2880 —
2663 2627 2670 2685 -—
2632 2446 2681 2494 τί
2634 2360 2696 2411 μ’
2634 2207 2693 2323 α’ρτι
2630 1923 2695 2173 πημάτων
2623 1570 2692 1890 λελησμένην

2715 2666 2778 2879 ὀρθοῖς,·

2796 2884 2843 3008 Tum
2794 2506 2853 2835 ostendendo,
2797 2263 2855 2442 quanto
2791 2017 2853 2212 nuptiae
2789 1664 2836 1969 incommodo
2794 1345 2851 1619 quantoque

2876 2898 2923 3010 odio
2875 2696 2921 2863 liberis
2874 2533 2937 2661 regis
2871 2302 2918 2494 futurae
2871 2147 2927 2267 sint,
2870 1970 2916 2100 hunc
2885 1908 2915 1933 a
2868 1673 2915 1871 consilio
2868 1532 2916 1636 cius
2870 1346 2917 1496 dedu-

2971 2895 3003 3009 cere
2954 2666 3001 2859 studet:

3034 2708 3082 2880 ὄντων
3028 2617 3080 2673 δὲ
3027 2373 3079 2582 παίδων
3025 2252 3078 2340 καὶ
3025 1918 3088 2218 πεφυκότος
3024 1678 3089 1884 γένους,

3105 2664 3170 2881 καινοὺς
3114 2373 3174 2629 φυτεῦσαι
3108 2148 3165 2339 παῖδας
3102 2058 3155 2113 έν
3105 1842 3169 2024 δόμοις
3104 1627 3167 1809 θέλεις,

3189 2682 3256 2878 ἔχθραν
3190 2403 3254 2646 μεγίστην
3191 2229 3237 2366 σοῖσι
3183 1911 3249 2194 συμβαλὼν
3185 1654 3245 1878 τέκνοις,·

3273 2826 3320 3006 Contra
3273 2674 3318 2794 haec
3271 2347 3332 2638 Polydectes
3268 2081 3315 2309 affectum
3268 1854 3313 2032 amoris
3267 1676 3313 1817 nullis
3267 1344 3330 1639 argumentis

3352 2879 3399 3007 vinci
3352 2590 3397 2828 affirmat:
3351 2228 3411 2539 quamobrem
3363 1974 3407 2179 aequum
3361 1782 3401 1920 esse,
3352 1680 3393 1734 ut
3362 1536 3393 1629 non
3348 1344 3393 1500 minus

3431 2802 3493 3008 benigne
3439 2504 3493 2758 parentum
3429 2230 3474 2451 morbum
3428 2019 3487 2175 pietas
3424 1839 3471 1966 serat
3426 1540 3473 1803 liberorum
3431 1344 3472 1504 curet-

3527 2895 3575 3005 que,
3526 2718 3572 2858 quam
3509 2422 3556 2680 liberorum
3506 2141 3553 2383 amoribus
3506 1832 3568 2101 ignoscere,
3505 1545 3567 1795 indulgere
3511 1457 3553 1507 et
3521 1345 3552 1421 sa·-

3590 2778 3639 3007 tisfacere
3589 2557 3634 2742 soleant
3594 2270 3649 2522 parentes:

3665 2778 3731 2877 ἐγὼ
3666 2550 3727 2743 νομίζω
3662 2360 3726 2514 πατρὶ
3662 2074 3724 2323 φίλτατον
3659 1887 3710 2041 τέκνα

3746 2696 3797 2878 παισίν
3762 2610 3794 2661 τε
3738 2450 3802 2573 τοὺς
3744 2146 3801 2415 τεκόντας,
3739 1984 3791 2106 οὐδὲ
3742 1643 3807 1947 συμμάχους

3831 2685 3885 2877 ἄλλους
3824 2407 3890 2651 γενέσθαι
3824 2244 3887 2371 φήμ’
3822 2139 3871 2203 ἂν
3818 1712 3885 2103 ένόικωτέρους,

3906 2682 3972 2880 πατέρα
3923 2597 3955 2647 τε
3904 2384 3955 2562 παισὶν
3902 2185 3969 2345 ἡδέως
3900 1811 3965 2148 συνεκφέρειν

3988 2687 4052 2878 φίλους
3984 2435 4049 2654 ἔρωτας,
3984 2130 4050 2395 ἐκβαλόντ’
3982 1809 4043 2090 αὐθαδίαν,

4068 2689 4126 2879 παῖδάς
4085 2604 4116 2655 τε
4066 2389 4129 2569 πατρί·
4064 2269 4114 2353 καὶ
4063 2134 4128 2233 γὰρ
4063 2000 4112 2096 οὐκ
4063 1657 4127 1963 αὐθαίρετοι

4149 2666 4212 2875 βροτοῖς
4145 2449 4211 2632 ἔρωτες
4145 2301 4195 2414 οὐδ’
4142 2051 4194 2262 ἑκουσία
4143 1846 4202 2016 νόσος.

4228 2694 4277 2877 σκαιόν
4246 2615 4277 2662 τι
4227 2516 4293 2578 δὴ
4226 2425 4277 2482 τὸ
4229 2221 4291 2390 χρῆμα
4223 1913 4288 2187 γίγνεσθαι
4226 1726 4289 1878 φιλεῖ,

4309 2737 4357 2878 θεῶν
4307 2474 4372 2705 άνάγκας
4305 2304 4366 2439 ὅςτις
4305 2089 4355 2268 ἰᾶσθαι
4302 1902 4354 2053 θέλει.

3447 850 3450 851 ⁷
3475 849 3594 857 ‘mwv-...v-
3628 848 3647 856 ;,

3207 802 3210 806 .
3263 805 3267 807 ,
3290 798 3310 808 ι,
3327 806 3331 808 Α
3487 803 3491 806 ⁴
3643 800 3645 802 ,
3686 799 3698 804 ,
3729 799 3736 801 ,
3779 795 3782 798 .
3850 792 3887 804 „3-
3905 791 3918 800 Α

3083 828 3092 830 -
3112 822 3602 833 ---a*---2·--v-—-—‹-v-—.-=-v-—.——.-
3639 816 3860 831 ν-ῳμί--.ζμι

3659 848 3755 856 „mr-*⁷
3776 849 3789 854 ‚
3809 851 3816 853 .
3846 852 3851 853 ι
3876 849 3901 853 A„
3953 848 3958 853 .
3989 838 3998 850 Γ
4018 847 4022 850 «
