5010 3336
2723 3308 2749 3328 ,τ
2706 3236 2751 3281 iri·

2965 3321 2993 3334 ζ
2959 3233 2991 3297 ΖΗΝ

3043 3233 3072 3319 ’·Τι.“ἷ

2811 3302 2829 3319 ,“
2786 3231 2831 3294 &sitii

1064 2123 1121 2239 145

1207 2706 1267 2885 παῖδες
1207 2615 1258 2670 δὲ
1209 2357 1274 2582 χρηστοί,
1208 2222 1259 2322 κᾶν
1209 1969 1271 2188 θάνωσι,
1213 1730 1278 1930 δώμασι

1287 2723 1337 2885 καλὸν
1288 2632 1337 2690 τὸ
1289 2263 1354 2597 θησαύρισμα
1292 2121 1349 2229 τοῖς
1292 1880 1341 2088 τεκοῦσί
1310 1797 1342 1849 τε

1366 2635 1431 2885 ἀνάθημα
1370 2402 1432 2600 βιότου,
1371 2155 1419 2367 κοῦποτ’
1368 1905 1421 2117 ἐκλείπει
1370 1658 1435 1869 δόμους.

1446 2839 1495 3016 Contra
1450 2582 1506 2802 Althaea,
1450 2243 1496 2545 honestatem
1455 2062 1513 2206 atque
1454 1642 1515 2027 temperantiam,
1470 1527 1502 1605 res
1472 1355 1518 1498 prae-

1528 2699 1575 3019 stantissimas
1530 2534 1575 2661 etin
1529 2332 1589 2499 quibus
1530 2181 1576 2295 solis
1535 1912 1578 2134 cernatur
1530 1687 1589 1867 virtus,
1548 1544 1581 1635 non
1539 1355 1585 1502 robu-

1606 2934 1653 3021 stis
1608 2616 1669 2897 corporibus
1608 2430 1671 2581 magis
1623 2252 1670 2391 quam
1609 1864 1658 2208 infirmioribus
1612 1563 1674 1819 minusque
1614 1355 1663 1522 validis

1683 2860 1732 3023 inesse
1687 2655 1732 2825 docet:

1762 2728 1827 2893 μόνον
1762 2648 1812 2693 δ’
1762 2544 1812 2609 ἂν
1762 2377 1814 2509 αὐτὰ
1764 2066 1830 2344 χρημάτων
1765 1933 1816 2030 οὐκ
1765 1831 1817 1897 ἂν
1767 1604 1832 1799 λάβοις,

1842 2558 1907 2896 γενναιότητα
1843 2282 1910 2525 καρετήν·
1844 2090 1904 2246 καλὸς
1844 2002 1896 2056 δέ
1863 1893 1906 1969 τις

1920 2797 1971 2897 κᾶν
1919 2710 1972 2763 ἐκ
1925 2424 1989 2676 πονηρῶν
1925 2135 1989 2391 σωμάτων
1925 1898 1991 2103 γένοιτο
1929 1727 1987 1863 παῖς.

2000 2918 2050 3028 Non
2003 2669 2065 2885 probavit
2004 2387 2068 2634 Meleager
2008 2214 2054 2353 matri
2008 1899 2055 2186 sententiam
2024 1722 2071 1875 suam,
2010 1505 2073 1685 quippe
2026 1359 2074 1483 quae

2085 2978 2127 3029 et
2082 2570 2131 2932 Atheniensium
2101 2365 2133 2524 mores
2087 2001 2149 2317 institutaque
2088 1770 2135 1953 coleret
2094 1685 2137 1735 et
2092 1423 2152 1652 postponi
2109 1362 2139 1389 a

2159 2926 2206 3028 filio
2177 2686 2208 2891 uxorem
2163 2416 2225 2648 optimam
2164 2182 2213 2379 odiosae
2167 1953 2230 2150 viragini
2183 1772 2228 1917 aegre
2169 1557 2217 1740 ferret:
2186 1361 2234 1518 eoque

2238 2860 2286 3029 dolore
2244 2485 2303 2827 postmodum„
2260 2303 2306 2448 quum
2262 2146 2294 2268 nova
2246 1823 2293 2112 accessisset
2248 1592 2304 1789 iniuria,
2249 1508 2297 1556 in
2255 1362 2297 1473 tan-

2322 2933 2364 3033 tam
2324 2745 2366 2898 mater
2320 2420 2369 2712 iracundiam
2324 2173 2382 2383 exarsit,
2329 2078 2373 2131 ut
2325 1880 2372 2032 filium
2325 1555 2377 1835 devovendo
2329 1364 2376 1520 inter-

2396 2886 2444 3034 ficere
2414 2747 2445 2840 non
2401 2453 2447 2698 dubitaret
2399 2363 2464 2425 ²³².)
2402 2048 2450 2279 Ceterum
2404 1868 2450 2000 finita
2405 1741 2451 1821 illa
2409 1366 2469 1694 contentione,

2474 2882 2523 3034 altera
2493 2742 2525 2850 cum
2479 2488 2538 2706 ducibuS,
2481 2169 2527 2451 societatem
2482 1911 2543 2134 viraginis
2484 1828 2531 1875 in
2486 1539 2533 1795 venatione
2503 1367 2534 1507 recu-

2555 2802 2615 3034 santibus,
2557 2562 2605 2767 ineunda
2558 2419 2617 2529 fuit,
2560 2247 2607 2383 cuius
2561 1950 2624 2210 vestigium
2564 1787 2623 1915 apud
2564 1544 2611 1752 eundem
2565 1366 2627 1518 Apol-

2632 2815 2680 3037 lodorum
2642 2526 2695 2767 servatur,
2653 2318 2700 2462 quum
2639 2079 2686 2256 haecce
2640 1814 2687 2023 referat:
2639 1512 2704 1742 Κηφέως
2643 1366 2694 1455 καὶ

2705 2789 2762 3030 Ἀκταίου
2713 2568 2777 2751 (scribe
2706 2263 2778 2527 Ἀγκαίου)
2715 2141 2766 2227 καί
2734 1949 2767 2109 τινων
2720 1752 2768 1926 ἄλλων
2719 1366 2782 1731 ἀπαξιούντων

2791 2912 2855 3037 μετὰ
2793 2634 2856 2883 γυναικὸς
2789 2531 2842 2612 ἐπὶ
2793 2414 2860 2510 τὴν
2796 2217 2861 2391 θήραν
2793 1990 2859 2192 ἐξιέναι,
2797 1369 2864 1960 Μελέαγρος--συν-

2871 2746 2937 3040 ηνοίγκασεν
2867 2507 2934 2698 αὐτοὺς
2872 2384 2925 2464 ἐπὶ
2873 2244 2941 2339 τὴν
2876 2024 2942 2198 θήραν
2878 1853 2941 1978 μετὰ
2881 1617 2946 1806 ταύτης
2879 1372 2945 1571 ἐξιέναι.

2954 2833 3017 3041 Lycurgi
2954 2670 3018 2799 regis
2955 2547 3002 2635 filii
2963 2376 3006 2511 erant
2957 2113 3021 2341 Cepheus
2959 1747 3024 2077 Ancaeusque‚
2964 1490 3027 1710 Arcadii,
2967 1370 3030 1452 qui

3050 2924 3081 3040 suae
3034 2733 3100 2890 gentis
3034 2549 3083 2695 decus
3036 2229 3085 2511 defendisse
3038 1936 3099 2193 videntur,
3040 1667 3091 1900 feminam
3060 1467 3094 1632 secum
3047 1371 3094 1433 ad

3115 2780 3160 3041 certamina
3114 2389 3176 2718 profecturam
3118 2005 3179 2335 repudiantes,
3120 1760 3168 1921 Unum
3139 1624 3185 1715 pro
3128 1371 3190 1579 utroque

3192 2898 3239 3042 verba
3193 2699 3240 2863 facere
3194 2589 3240 2664 lex
3197 2275 3257 2554 tragoediae
3198 2031 3255 2241 iubebat,
3199 1918 3245 1994 cui
3199 1763 3247 1882 haec
3204 1540 3253 1729 tribuo:

3266 2755 3319 2911 ἔνδον
3269 2452 3333 2721 μένουσαν
3272 2322 3338 2419 τὴν
3277 2084 3337 2288 γυναῖκ’
3270 1912 3325 2046 εἶναι
3278 1712 3341 1878 χρεὼν

3345 2706 3415 2915 ἐσθλήν,
3350 2475 3413 2671 θύρασι
3352 2395 3401 2439 δ’
3352 2209 3413 2357 ἀξίαν
3358 2079 3403 2174 τοῦ
3355 1806 3418 2044 μηδενός.

3430 2812 3479 3043 Caussam
3432 2552 3480 2775 Atalante
3434 2412 3495 2517 ipsa
3434 2237 3481 2377 dicit:
3440 2138 3481 2187 et
3436 1898 3496 2091 quidem
3436 1515 3487 1847 fortitudinem
3457 1375 3491 1470 non

3512 2891 3558 3047 minus
3511 2665 3558 2855 feminis
3529 2486 3574 2627 quam
3514 2336 3560 2449 viris
3514 2132 3561 2298 decori
3530 1987 3561 2095 esse
3516 1699 3575 1943 ostendit,
3534 1504 3580 1662 neque
3536 1375 3582 1470 pu-

3589 2805 3648 3047 dicitiam,
3592 2718 3637 2757 si
3591 2458 3639 2668 feminae
3594 2364 3639 2411 in
3594 2124 3655 2317 publico
3599 1933 3655 2078 atque
3595 1769 3642 1898 inter
3597 1611 3643 1735 viros
3613 1376 3648 1576 versen-

3674 2952 3725 3048 tur,
3669 2722 3731 2916 violari‚
3671 2434 3732 2672 siquidem
3672 2316 3720 2396 lux
3673 2013 3731 2281 honestati,
3674 1735 3721 1963 tenebrae
3680 1539 3724 1701 autem
3678 1377 3726 1504 vitiis

3748 2841 3798 3048 maxime
3748 2586 3797 2805 faveant:

3825 2885 3892 2919 ἦ
3825 2753 3891 2852 γὰρ
3827 2505 3892 2713 Κύπρις
3828 2273 3894 2472 πέφυκε
3830 2170 3879 2239 τῶ
3830 1967 3897 2133 σκότῳ
3830 1791 3895 1931 φίλη,

3906 2862 3956 2921 τὸ
3909 2714 3972 2826 φῶς
3907 2634 3957 2679 δ’
3927 2362 3975 2597 αναγκην
3910 2018 3977 2328 προςτίθησι
3914 1675 3977 1984 σωφρονεῖν.

4130 2937 4185 2985 2²)
4133 2837 4174 2903 of.
4133 2639 4175 2806 welck.
4150 2562 4189 2602 p.
4134 2435 4177 2530 754..
