5010 3336
1966 3315 1971 3326 ..
1968 3267 1986 3300 ,4-

1089 2161 1142 2237 33

1221 2746 1271 2900 Multa
1225 2554 1288 2719 inepte
1242 2501 1274 2527 a
1228 2364 1275 2477 viris
1228 2162 1291 2337 doctis,
1248 1992 1294 2138 quum
1250 1805 1296 1970 parum
1246 1566 1290 1778 mentem
1248 1373 1291 1541 aucto-

1302 2964 1347 3031 ris
1305 2718 1351 2929 assecuti
1310 2506 1364 2682 essent,
1308 2290 1371 2470 quippe
1310 2195 1356 2255 ad
1311 1854 1360 2160 iudicandum
1332 1684 1377 1821 quam
1322 1595 1368 1655 ad
1322 1373 1371 1566 discen-

1380 2918 1427 3033 dum
1383 2573 1443 2883 promtioreS‚
1386 2239 1447 2537 reprehensa
1394 2065 1449 2203 sunt,
1393 1953 1437 2030 vix
1392 1746 1456 1917 digna,
1414 1588 1458 1710 quae
1401 1372 1450 1555 iteren-

1462 2940 1505 3034 tur.
1460 2804 1506 2871 Ut
1466 2585 1521 2770 tamen,
1464 2392 1524 2549 qualia
1466 2230 1523 2357 sint,
1469 1884 1532 2196 intelligatur,
1488 1706 1520 1845 unam
1478 1372 1543 1669 alteramque

1536 2651 1586 3034 criminationem
1541 2390 1591 2603 afferam.
1544 1970 1609 2307 Reprehendit
1550 1560 1616 1910 Morstadtius‚
1561 1372 1619 1504 quod

1618 2939 1661 3035 tam
1617 2804 1662 2901 cito
1617 2538 1667 2753 Thraces
1637 2319 1670 2488 somno
1627 1995 1688 2270 capiantur,
1630 1768 1677 1943 oblitus
1634 1597 1681 1705 illos
1636 1372 1687 1548 itinere

1692 2811 1755 3037 fatigatos
1711 2652 1743 2761 esse
1703 2546 1745 2596 et
1700 2248 1765 2491 interponi
1706 1986 1766 2196 spatium
1713 1689 1772 1924 temporis
1714 1375 1777 1635 incertum,

1774 2908 1832 3037 quod
1774 2746 1820 2873 inter
1776 2575 1822 2713 chori
1794 2346 1827 2541 carmen
1789 2021 1843 2313 praetereat.
1787 1818 1835 1949 ldem
1791 1553 1853 1782 miratur,
1797 1374 1858 1504 quod

1850 2826 1911 3039 Hector,
1870 2761 1900 2788 e
1853 2574 1903 2728 Rhesi
1858 2303 1906 2539 cubilibus
1863 2054 1923 2267 redie11S,
1881 1922 1913 2017 non
1874 1662 1917 1887 occurrat
1871 1464 1936 1635 Ulyssi
1891 1373 1923 1431 ac

1928 2791 1991 3039 Diomedi,
1934 2571 1982 2743 eodem
1953 2469 1983 2523 se
1939 2039 1990 2420 conferentibus.
1945 1820 2005 1969 Quasi
1948 1641 1995 1775 illum
1958 1522 2000 1606 aut
1970 1376 2017 1489 per-

2015 2893 2071 3041 petuo
2012 2792 2057 2858 ibi
2028 2533 2074 2757 manere,
2023 2403 2063 2484 aut
2024 2223 2067 2358 recta
2023 2103 2069 2177 via
2023 1996 2069 2058 ad
2026 1789 2073 1949 cubile
2042 1586 2077 1725 suum
2033 1376 2083 1541 redire

2103 2839 2137 3043 necesse
2090 2626 2152 2802 suerit,
2110 2370 2157 2573 quorum
2105 2092 2147 2318 neutrum
2100 1870 2151 2054 sactum
2121 1723 2154 1834 esse
2109 1378 2162 1690 manifestum

2173 2952 2216 3043 est.
2170 2720 2218 2884 Potuit
2172 2541 2232 2684 enim,
2178 2448 2221 2503 ut
2180 2308 2223 2413 erat
2193 2152 2224 2265 acer
2184 2056 2226 2105 et
2182 1870 2244 2009 vigil,
2185 1705 2233 1822 alias
2194 1540 2251 1653 post
2192 1379 2241 1497 alias

2249 2800 2297 3043 exercitus
2254 2609 2312 2772 partes
2252 2430 2301 2581 obire.
2253 2161 2317 2379 Denique
2258 1992 2306 2134 nimis
2268 1755 2323 1960 angusto
2268 1566 2329 1722 spatio
2268 1380 2320 1537 Thra—

2342 2963 2373 3044 ces
2328 2869 2373 2926 ab
2328 2600 2377 2833 Hectoris
2332 2421 2378 2565 cubili
2334 2140 2381 2385 seluuctos
2353 1990 2385 2099 esse
2340 1678 2392 1955 arbitratur.
2346 1543 2394 1610 At
2350 1379 2400 1509 unde

2405 2851 2452 3047 tandem
2406 2659 2454 2799 istam
2411 2345 2469 2613 augustiam
2415 2035 2476 2293 cognovit‘?
2426 1899 2465 1982 aut
2421 1628 2481 1850 quisnam
2428 1382 2478 1580 modum

2483 2803 2546 3048 finemque
2486 2508 2549 2767 descripsit
2491 2342 2537 2473 vocis*
2494 2033 2553 2305 numinum,
2513 1845 2557 1994 quae,
2508 1664 2561 1810 prout
2504 1553 2551 1631 his
2507 1382 2555 1516 colli-

2564 2929 2622 3049 buit,
2570 2813 2610 2893 aut
2565 2731 2611 2779 in
2567 2360 2615 2697 remotissimis
2576 2232 2617 2313 aut
2571 2150 2617 2197 in
2575 1883 2634 2114 proximis
2577 1728 2624 1849 locis
2583 1482 2647 1674 percipi
2592 1383 2635 1433 et

2639 2876 2706 3049 fugere
2659 2729 2700 2839 eOS,
2644 2597 2705 2679 qui
2661 2399 2694 2561 coram
2648 2144 2709 2362 adstant,
2652 1942 2700 2095 audiri
2655 1851 2701 1908 ab
2655 1724 2716 1813 iiS,
2660 1607 2721 1686 qui
2662 1384 2727 1573 absunt,

2722 2850 2784 3051 potest?
2720 2436 2773 2782 Valckenarius
2743 2255 2787 2398 vero,
2729 1868 2793 2200 impudentiae
2734 1564 2787 1835 Minervam
2758 1385 2791 1529 accu-

2815 2939 2847 3051 sans
2804 2852 2847 2901 et
2803 2610 2864 2818 turpiter
2805 2294 2854 2578 mendacem
2809 1982 2871 2258 appellans,
2815 1739 2862 1931 nescire
2833 1636 2865 1690 se
2819 1389 2880 1600 simulat,

2880 2923 2941 3053 quod
2880 2760 2928 2887 scire
2898 2615 2930 2725 eum
2900 2376 2933 2579 necesse
2891 2251 2945 2341 est,
2890 1983 2937 2214 mortales
2908 1911 2938 1937 a
2894 1543 2946 1861 daemonibus
2917 1387 2950 1494 sae-

2958 2850 3021 3055 pissime
2960 2648 3024 2823 decipi,
2961 2523 3009 2612 nec
2963 2446 3010 2504 ad
2966 2129 3014 2421 christianae
2968 1856 3019 2105 doctrinae
2980 1570 3038 1829 praecepta
2978 1389 3029 1543 Grae-

3053 2888 3085 3053 corum
3038 2733 3087 2851 deos
3041 2438 3091 2689 institutos
3045 2211 3107 2393 suiSse,
3051 2109 3094 2162 ut
3048 1917 3099 2063 etiam
3051 1703 3102 1873 hostes
3058 1388 3109 1651 mendaciis

3116 2882 3165 3055 fallere
3118 2711 3167 2848 nefas
3137 2563 3169 2674 esse
3122 2280 3175 2527 ducerent.

3197 2750 3245 2926 Actum
3200 2518 3261 2715 plenum
3207 2234 3254 2484 turbarum
3212 2149 3255 2199 et
3211 1774 3261 2114 sollicitudinis
3216 1507 3279 1725 sequitur
3222 1390 3267 1459 al-

3278 2979 3320 3055 ter
3274 2772 3337 2944 plenus
3277 2475 3338 2723 dolorum,
3286 2116 3344 2418 querelarum
3296 2016 3337 2064 et
3297 1774 3340 1970 mutuae
3298 1389 3360 1724 accusationis,

3367 2910 3414 3057 quum
3355 2670 3403 2873 effectus
3374 2443 3419 2635 eorum,
3378 2268 3423 2389 quac
3371 2047 3427 2235 patrata
3373 1902 3416 2011 sunt
3386 1841 3417 1868 a
3373 1391 3435 1797 speculatoribus,

3432 2995 3478 3056 ob
3433 2791 3481 2957 oculos
3442 2537 3499 2757 ponatur.
3440 2332 3487 2465 Haec
3443 2154 3505 2297 igitur
3445 1959 3493 2123 ultima
3448 1696 3497 1925 dramatis
3468 1547 3514 1660 pars
3472 1392 3518 1505 par-

3510 2968 3558 3057 tim
3514 2622 3563 2933 ostendendis
3517 2110 3584 2585 interpretandisque
3525 1995 3584 2076 iis,
3542 1822 3588 1944 quae
3530 1644 3576 1788 modo
3531 1392 3582 1599 obscure

3590 2767 3655 3058 turbideque
3599 2626 3643 2732 acta
3602 2465 3655 2591 sunt,
3602 2254 3663 2429 partim
3603 1899 3653 2216 celebrandae
3602 1573 3658 1871 Graecorum
3613 1393 3661 1546 victo-

3669 2943 3731 3059 riae,
3672 2731 3734 2907 partim
3675 2550 3723 2693 etiam
3679 2187 3741 2515 significandis
3683 2077 3741 2151 iis,
3700 1917 3745 2039 quae
3688 1556 3737 1874 subsecutura
3700 1394 3755 1521 sunt,

3748 2846 3797 3061 inservit.
3752 2710 3800 2776 Et
3755 2469 3816 2677 primum
3761 2239 3820 2431 quidem
3762 2008 3810 2203 satelles
3763 1814 3825 1984 Rhesi,
3768 1521 3817 1780 mortifero
3773 1395 3821 1497 vul-

3843 2945 3876 3062 nere
3830 2804 3893 2911 ipse
3832 2566 3882 2770 affectus
3871 2533 3892 2545 ,
3843 2274 3886 2480 mortem
3840 2111 3902 2240 regis
3846 2025 3888 2074 et
3845 1595 3895 1978 commilitonum
3867 1396 3914 1545 expo-

3907 2992 3954 3063 nit
3910 2602 3960 2942 miserabiliter
3921 2518 3962 2569 et
3917 2276 3979 2485 turpiter
3934 2187 3964 2242 ac
3919 2046 3967 2152 sine
3922 1914 3969 2012 ullo
3923 1700 3972 1877 decore
3929 1396 3977 1663 trucidato-

4001 2939 4034 3062 rum.
3990 2614 4054 2869 Assignato
3993 2519 4039 2579 ad
3995 2134 4057 2482 quiescendum
3998 1993 4046 2102 loco
4001 1724 4066 1957 editoque
4006 1532 4068 1685 signo,
4014 1397 4056 1494 sta-

4063 2976 4110 3063 tim
4067 2761 4115 2940 milites
4069 2558 4131 2725 Rhesi,
4072 2359 4122 2517 fessos
4092 2263 4123 2322 ex
4077 2038 4134 2229 itinere,
4094 1832 4127 2000 somno
4098 1753 4129 1805 se
4083 1530 4133 1725 dedisse
4104 1399 4135 1507 uar-

4148 2971 4203 3063 rat,
4160 2758 4209 2914 neque
4165 2576 4198 2706 arma
4167 2386 4215 2542 neque
4170 2201 4217 2351 equos
4157 2120 4203 2165 in
4158 1829 4220 2085 procinctu
4161 1538 4222 1795 habentes,
4182 1399 4215 1483 ne-

4236 2971 4283 3065 que
4224 2820 4271 2927 ullis
4230 2503 4279 2770 custoditos
4234 2202 4293 2448 excubiis,
4237 2056 4285 2145 sed
4253 1836 4287 2007 secure
4246 1750 4288 1799 et
4244 1400 4310 1719 negligenter,

4332 2057 4372 2084 :3
