5010 3336
1054 2075 1107 2186 101

1202 2820 1247 2971 rendo
1200 2708 1246 2768 ad
1200 2414 1247 2655 tollendos
1212 2142 1254 2363 errores,
1198 1912 1257 2085 quibus
1196 1766 1241 1865 vita
1194 1466 1241 1716 hominum
1210 1298 1249 1411 con»

1279 2652 1339 2972 fundebatur,
1279 2393 1326 2601 omnium
1275 2068 1323 2355 utilissimus
1274 1910 1330 2032 fuit,
1289 1698 1335 1857 neque
1274 1614 1319 1663 in
1272 1414 1319 1579 otiosis
1288 1297 1318 1379 co-

1358 2659 1421 2972 gitationibus
1358 2433 1404 2622 defixus
1355 2190 1402 2397 salutem
1367 1850 1401 2153 communem
1353 1503 1414 1805 negligebat,
1367 1294 1413 1454 neque

1438 2687 1486 2969 omittendis
1435 2335 1495 2650 celandisque
1434 2134 1489 2301 malis,
1433 1907 1495 2077 quibus
1432 1763 1477 1858 vita
1436 1679 1477 1729 et
1431 1377 1477 1643 domestica
1435 1293 1476 1342 et

1517 2776 1580 2971 publica
1515 2479 1571 2741 laborabat,
1514 2284 1559 2441 sanari
1512 2137 1559 2250 vitia
1527 1937 1575 2101 posse,
1510 1811 1557 1899 sed
1510 1460 1556 1773 ostendendis
1514 1376 1556 1424 et
1526 1296 1556 1354 ex

1597 2863 1659 2971 ipso
1597 2648 1643 2816 morbo
1593 2313 1639 2601 medicinam
1592 2051 1655 2265 petendo
1590 1870 1637 2014 saluti
1588 1437 1651 1835 prospiciendum
1605 1292 1635 1404 csse

1678 2727 1723 2969 censebat.
1672 2593 1719 2658 Et
1671 2160 1735 2566 quemadmodum
1670 1897 1727 2133 PericleS‚
1668 1640 1714 1861 eiusdem
1667 1292 1727 1605 Anaxagorae

1754 2753 1813 2970 auditor,
1768 2614 1799 2710 non
1751 2349 1814 2570 spoliavit
1751 2102 1797 2304 deorum
1748 1881 1811 2067 templa
1763 1687 1809 1847 neque
1747 1518 1807 1651 signa
1747 1293 1805 1483 evertit,

1834 2881 1881 2970 sed
1831 2467 1895 2824 splendidiora,
1829 1999 1893 2415 magnificentiora
1828 1627 1889 1943 dignioraquc
1824 1294 1872 1564 exstruxit:

1913 2900 1960 2971 ita
1911 2606 1974 2867 Euripides
1925 2474 1957 2570 non
1910 2391 1957 2439 in
1914 2056 1956 2356 contemtum
1908 1818 1954 2020 adduxit
1908 1585 1953 1785 deorum
1921 1520 1951 1548 a
1905 1294 1951 1488 maiori-

1992 2878 2039 2971 bus
1990 2555 2039 2843 traditorum
1989 2311 2048 2519 cultum,
1988 2172 2035 2260 sed
1987 1793 2044 2127 confirmavit,
1984 1502 2043 1743 restituit,
1985 1293 2032 1452 denuo

2070 2797 2118 2969 animis
2070 2511 2118 2760 hominum
2069 2195 2118 2474 inculcavit.

2150 2765 2199 2840 Ad
2150 2398 2213 2729 Menalippam
2148 2016 2213 2362 philosopham
2164 1902 2195 1982 me
2149 1619 2205 1867 converto,
2160 1443 2207 1583 quae,
2159 1294 2191 1407 con-

2236 2893 2279 2971 tra
2231 2462 2292 2857 superstitionem
2229 2171 2293 2425 disputans
2232 2084 2275 2134 et
2228 1824 2290 2051 portendi
2226 1530 2288 1787 quicquam
2224 1292 2271 1494 ostentis

2310 2894 2358 2972 vel
2308 2627 2372 2861 prodigiis
2324 2393 2370 2591 negans,
2324 2298 2355 2359 ex
2308 1952 2368 2265 Anaxagorae
2306 1606 2370 1920 philosophia
2306 1288 2367 1573 argumenta

2389 2810 2436 2969 omnia
2387 2518 2448 2776 depromit.
2388 2384 2435 2451 Et
2386 2094 2432 2336 simillima
2386 1927 2432 2053 ratio
2390 1801 2432 1879 est
2400 1559 2443 1753 eorum,
2398 1387 2443 1511 quae
2382 1291 2428 1341 in

2468 2886 2515 2968 illa
2465 2690 2514 2853 fabula
2472 2546 2515 2655 acta
2472 2373 2525 2511 sunt,
2473 2190 2526 2336 atque
2481 1958 2523 2154 eorum,
2479 1795 2526 1920 quae
2465 1717 2509 1763 in
2464 1533 2509 1679 domo
2460 1290 2508 1497 Periclis

2549 2910 2595 2968 ab
2547 2592 2606 2873 Anaxagora
2544 2261 2608 2558 philosopho
2549 2178 2590 2225 et
2544 1902 2606 2153 Lampone
2548 1759 2589 1868 vate
2542 1490 2603 1733 quondam
2540 1292 2603 1461 dispu-

2631 2868 2674 2970 tata
2640 2723 2672 2834 esse
2624 2540 2670 2688 tradit
2622 2212 2669 2505 Plutarchus
2623 2130 2669 2177 in
2624 2014 2669 2095 vit.
2622 1801 2668 1975 Pericl.
2638 1725 2667 1765 c.
2623 1655 2666 1699 6.
2618 1460 2666 1584 Nam
2634 1290 2679 1439 quum

2704 2713 2763 2970 Periclem,
2719 2514 2750 2679 rerum
2702 2191 2749 2478 coelestium
2702 1951 2748 2155 scientia
2701 1661 2759 1917 imbutum,
2698 1429 2745 1625 excelso
2697 1290 2744 1392 ani-

2801 2887 2833 2969 mo
2784 2688 2831 2842 fuisse
2788 2590 2829 2638 et
2782 2353 2828 2545 sublimi
2797 2163 2829 2305 usum
2797 2003 2828 2113 esse
2780 1776 2827 1967 dicendi
2794 1560 2842 1742 genere
2778 1290 2838 1513 dixisset,

2864 2722 2913 2967 subiunxit
2863 2480 2909 2687 haecce:
2860 2221 2923 2430 „Neque
2862 2057 2908 2187 hunc
2860 1865 2906 2021 solum
2859 1616 2906 1831 fructum
2857 1399 2905 1581 Pericli
2860 1290 2904 1363 at-

2944 2855 2992 2967 tulit
2944 2507 3004 2819 Anaxagorae
2941 2145 2999 2471 consuetudo,
2957 1944 2988 2109 verum
2939 1762 2986 1907 etiam
2938 1592 2985 1723 omui
2954 1447 2985 1558 eum
2938 1290 2985 1412 libe-

3025 2847 3072 2969 ravit
3022 2451 3086 2813 superstitione,
3037 2291 3082 2414 quae
3021 2006 3068 2258 hominum
3035 1772 3066 1968 caussas
3018 1424 3081 1744 ignorantium
3015 1290 3063 1393 ani-

3105 2872 3152 2966 mis
3119 2775 3151 2836 ex
3118 2545 3161 2741 eorum,
3117 2387 3162 2509 quae
3102 2304 3147 2351 in
3117 2154 3147 2268 aere
3100 1968 3156 2119 fiunt,
3100 1616 3146 1933 admiratione
3113 1525 3143 1581 ac
3102 1287 3159 1491 stupore

3184 2681 3242 2967 innascitur,
3188 2573 3238 2643 ut,
3181 2342 3227 2549 sinistris
3181 2251 3227 2311 de
3181 2023 3227 2225 deorum
3184 1822 3227 1994 natura
3177 1554 3241 1791 implicati
3175 1289 3239 1532 opinioni—

3265 2858 3323 2966 bus,
3268 2690 3308 2821 metu
3266 2447 3325 2655 paveant
3260 1943 3322 2415 perturbei‘iturque,
3274 1727 3306 1893 rerum
3262 1478 3305 1679 naturae
3256 1289 3318 1446 impe—

3343 2851 3390 2964 riti:
3357 2670 3403 2813 quem
3356 2414 3386 2632 errorem
3339 2120 3385 2376 eximendo
3338 1852 3385 2083 naturalis
3336 1504 3401 1815 philosophia
3350 1378 3397 1469 pro
3333 1289 3380 1350 ti-

3422 2834 3469 2965 mida
3421 2559 3480 2797 anxiaque
3418 2177 3481 2525 superstitione
3433 1920 3463 2141 securam
3417 1716 3463 1885 inserit
3430 1571 3460 1680 cum
3414 1410 3459 1536 bona
3427 1287 3475 1377 spe

3502 2715 3566 2967 pietatem.
3499 2459 3546 2645 Ferunt
3497 2178 3558 2435 aliquando
3496 1979 3543 2143 arietis
3500 1793 3557 1941 caput
3510 1650 3540 1758 cum
3493 1474 3540 1614 unico
3506 1286 3537 1438 cornu

3581 2864 3628 2965 nati
3581 2769 3627 2830 ad
3578 2495 3626 2733 Periclem
3577 2289 3624 2447 fuisse
3592 2181 3623 2240 ex
3592 2023 3637 2136 agro
3575 1732 3637 1972 delatum,
3589 1630 3619 1686 ac
3571 1287 3633 1588 Lamponem

3665 2786 3718 2964 vatem,
3664 2695 3706 2750 ut
3658 2346 3720 2660 conspexerit
3672 2164 3703 2311 cornu
3656 1915 3702 2128 validum
3658 1830 3701 1878 et
3654 1602 3699 1797 firmum
3652 1493 3697 1556 de
3648 1286 3696 1449 media

3745 2769 3788 2963 enatum
3738 2544 3795 2732 fronte,
3738 2297 3791 2494 dixisse,
3736 2145 3781 2251 sore
3739 2055 3782 2109 ut
3734 1804 3797 2023 potentia
3733 1515 3786 1752 duorum,
3730 1384 3792 1465 qui
3744 1287 3776 1347 eo

3824 2740 3883 2963 tempore
3818 2381 3880 2707 principatum
3817 2300 3862 2347 in
3815 2072 3861 2262 civitate
3815 1736 3870 2036 obtinerent,
3810 1479 3858 1683 Periclis
3809 1288 3857 1432 nimi-

3916 2855 3947 2964 rum
3915 2763 3945 2818 ae
3897 2388 3959 2729 Thucydidis,
3896 2267 3941 2325 ad
3910 2073 3940 2217 unum
3893 1836 3940 2025 rediret
3908 1657 3950 1793 eum,
3890 1469 3954 1599 apud
3904 1286 3950 1434 quem

3979 2842 4026 2964 illud
3976 2528 4041 2807 prodigium
3976 2236 4022 2493 evenisset.
3973 2053 4020 2179 Tum
3988 1914 4019 2028 vero
3973 1534 4033 1886 Anaxagoram,
3969 1287 4016 1498 dissecta

4058 2738 4118 2962 calvaria,
4060 2403 4103 2702 monstrasse
4071 2273 4101 2368 non
4058 2090 4101 2237 totam
4068 1946 4099 2050 eam
4054 1714 4100 1917 cerebro
4050 1446 4113 1687 repletam
4063 1288 4107 1417 esse,

4138 2869 4184 2961 sed
4137 2563 4195 2836 cerebrum,
4152 2380 4198 2526 quum
4138 2212 4182 2345 esset
4148 2043 4179 2179 more
4132 1932 4179 2009 ovi
4137 1674 4190 1900 acutum,
4146 1577 4177 1638 cx
4132 1440 4175 1545 tota
4125 1288 4174 1406 sede

4216 2676 4265 2958 devolutum
4232 2528 4265 2641 esse
4216 2448 4263 2495 in
4231 2302 4264 2413 eum
4214 2080 4272 2265 locum,
4227 1977 4261 2037 ex
4228 1831 4275 1926 quo
4211 1593 4259 1786 radices
4222 1408 4257 1557 cornu
4206 1288 4254 1375 du⁹
