5010 3336
3975 2151 4034 2232 56

3837 1339 3888 1488 etiam
3823 1522 3887 1605 qui
3837 1638 3887 1828 tabulas
3821 1863 3886 2125 pinxerunt
3834 2160 3883 2238 vel
3818 2270 3882 2407 signa
3831 2432 3883 2662 fabricati
3816 2690 3874 2820 sunt,
3827 2855 3875 2897 si
3811 2922 3874 3030 qui-

3758 1338 3808 1453 dem
3758 1485 3806 1666 vellent
3741 1700 3790 1853 opera
3756 1888 3788 1983 sua·
3739 2011 3803 2206 populis
3753 2243 3801 2574 commendari
3735 2626 3803 2834 (debent
3745 2866 3790 3029 autem

3678 1336 3712 1507 omnes
3666 1543 3726 1723 velle),
3673 1760 3723 2195 accommodarunt
3672 2230 3703 2286 ea
3672 2322 3717 2373 et
3671 2407 3720 2658 hominum
3665 2703 3717 3029 voluntatibus

3582 1332 3647 1613 studiisque
3597 1648 3640 1699 et
3595 1732 3646 1976 festorum
3577 2010 3643 2338 ludorumque
3578 2372 3634 2601 naturae,
3590 2651 3633 2699 et
3571 2749 3630 3028 temporum

3503 1332 3564 1796 opportunitatibus,
3513 1834 3556 1885 et
3513 1919 3563 2141 locorum
3511 2177 3559 2254 vel
3499 2289 3558 2653 aedificiorum,
3493 2694 3540 2818 quae
3506 2853 3539 3029 ornare

3424 1327 3488 1640 iubebantur,
3419 1676 3483 1881 spatiis:
3434 1917 3466 2010 nec
3417 2046 3480 2293 profecto,
3414 2330 3461 2478 quum
3429 2504 3476 2581 his
3428 2606 3459 2772 rerum
3411 2794 3473 3027 angustiis

3340 1325 3408 1684 hominumque
3355 1710 3402 1888 studiis
3338 1906 3394 2157 parerent,
3348 2184 3399 2532 detrimentum
3347 2549 3396 2779 fecerunt
3345 2796 3389 3026 venusta-

3277 1326 3326 1408 tis.
3275 1479 3326 1647 Nubes
3274 1685 3323 1812 enim
3274 1850 3317 1898 et
3271 1933 3322 2094 inania
3254 2129 3313 2329 captare
3257 2366 3317 2552 solent,
3252 2602 3315 2683 qui
3266 2718 3315 2833 talia
3249 2867 3313 3025 negli-

3183 1323 3241 1463 gunt.
3195 1532 3244 1769 Scenicos
3193 1806 3226 1923 vero
3175 1960 3232 2136 poetas
3190 2173 3237 2214 si
3172 2247 3236 2597 respiciemus,
3188 2636 3219 2662 a
3184 2697 3233 2892 nemine
3184 2933 3216 3023 un-

3103 1322 3152 1495 quam,
3099 1544 3163 1626 qui
3114 1672 3161 1750 vel
3107 1785 3161 1945 minus
3108 1981 3151 2151 nosset
3108 2186 3156 2495 theatrorum
3105 2532 3149 2755 naturam
3103 2806 3151 2883 vel
3103 2937 3135 3022 co-

3023 1318 3086 1507 gnitam
3015 1536 3082 1828 negligeret,
3029 1866 3079 2017 bonas
3028 2039 3072 2090 et
3012 2108 3070 2417 praestantes
3026 2452 3073 2581 omni
3024 2598 3056 2801 numero
3022 2827 3071 3020 fabulas

2939 1319 3002 1622 compositas
2950 1656 2983 1768 esse
2945 1804 2997 2126 inveniemus.
2933 2197 2994 2529 Quamobrem
2944 2558 2977 2724 veram
2943 2761 2975 2872 esse
2926 2896 2985 3019 puto

2876 1316 2910 1427 eam
2855 1461 2921 1830 tetralogiarum
2855 1863 2914 2132 rationem,
2850 2179 2898 2323 quam
2848 2369 2911 2629 proposuit
2863 2676 2912 2737 G.
2862 2772 2910 3018 Herman-

2796 1314 2831 1407 nus
2794 1445 2836 1495 et
2774 1525 2837 1860 comprobavit
2784 1887 2837 2152 Goethius.
2784 2223 2833 2558 Confirmatur
2783 2582 2830 2709 enim
2782 2737 2824 2840 tum
2781 2873 2830 3019 fabu-

2713 1312 2766 1472 larum
2695 1506 2761 1726 ipsarum
2692 1760 2749 1959 natura,
2690 2009 2736 2211 quarum
2688 2251 2751 2466 singulas
2701 2503 2745 2865 consummatas
2702 2903 2734 3016 esse

2616 1311 2686 1634 intelligimus
2612 1671 2672 1851 atque,
2626 1908 2669 1962 ut
2623 1998 2673 2277 Stoicorum
2610 2313 2670 2571 virtutem,
2622 2609 2653 2722 sese
2622 2758 2665 3014 contentas

2536 1310 2602 1575 omniaque
2548 1610 2582 1698 sua
2529 1734 2593 2047 complexas,
2528 2084 2576 2246 neque
2542 2280 2590 2593 extrinsecus
2526 2627 2590 2857 religatas
2526 2895 2573 3015 pen-

2473 1309 2524 1433 dere
2454 1466 2504 1627 neque
2452 1662 2500 1904 quaerere
2447 1926 2511 2190 quidquam
2448 2226 2510 2437 aliunde,
2461 2476 2504 2580 tum
2460 2609 2493 2725 vero
2461 2753 2509 2901 etiam
2461 2940 2504 3014 te-

2391 1308 2441 1551 stimoniis
2385 1586 2429 1813 veterum
2366 1848 2429 2165 scriptorum,
2366 2203 2413 2410 qnorum
2381 2446 2413 2592 nemo
2365 2618 2412 2832 unquam
2379 2863 2426 3011 ullam

2312 1304 2362 1431 dixit
2296 1467 2359 1701 fabulam,
2287 1739 2345 2018 separatam
2303 2053 2334 2080 a
2287 2114 2350 2336 reliquis,
2286 2372 2348 2667 quibuscum
2300 2704 2331 2799 una
2298 2826 2347 2875 in
2298 2903 2331 3010 cer-

2230 1303 2279 1471 tamen
2228 1505 2278 1721 demissa
2214 1756 2266 1921 esset,
2210 1958 2270 2146 minus,
2206 2183 2268 2341 qualis
2219 2378 2263 2514 esset
2219 2548 2267 2625 vel
2202 2662 2250 2756 quo
2203 2792 2265 3010 pertine-

2140 1301 2196 1399 ret,
2134 1435 2199 1643 intelligi
2132 1677 2179 1840 posse.
2140 1911 2193 2267 Verumtamen
2139 2302 2183 2491 certam
2122 2529 2187 2687 legem
2121 2718 2181 3008 certumque

2071 1301 2121 1527 ordinem
2070 1562 2118 1612 in
2063 1648 2114 1966 conficiendis
2044 2002 2109 2274 tetralogiis
2042 2303 2106 2618 propositum
2058 2646 2107 2800 fuisse
2042 2825 2104 3007 poetis,

1993 1301 2038 1358 ut
1990 1392 2040 1538 aliam
1989 1574 2037 1636 ad
1972 1670 2032 1881 mentis,
1981 1931 2031 2075 aliam
1982 2111 2029 2172 ad
1967 2208 2026 2425 aurium,
1979 2474 2025 2616 aliam
1978 2652 2026 2714 ad
1975 2750 2025 3006 oculorum

1908 1300 1962 1682 delectationem
1889 1720 1953 2036 potissimum
1900 2073 1949 2290 fabulam
1881 2326 1940 2683 componerent
1886 2731 1940 2807 et,
1882 2862 1943 3004 quasi

1814 1298 1876 1541 separatis
1825 1574 1875 1830 hominum
1808 1867 1870 2126 sensibus,
1821 2175 1868 2256 alii
1803 2301 1859 2413 post
1818 2445 1864 2594 alium
1804 2631 1864 3003 satisfacerent,

1735 1295 1784 1458 neque
1745 1493 1789 1875 consentaneum
1743 1911 1785 1987 est
1727 2021 1773 2183 neque
1738 2220 1785 2448 convenit
1737 2481 1784 2527 in
1723 2564 1784 2889 didascalias,
1733 2941 1783 3004 de

1656 1295 1719 1473 quibus
1653 1510 1715 1763 proditum
1662 1802 1706 1878 est
1658 1914 1707 2199 memoriae.
1658 2279 1707 2451 Potius
1658 2486 1705 2535 in
1655 2573 1699 2822 structura
1653 2860 1703 3002 fabu-

1588 1292 1641 1452 larum
1585 1495 1634 1705 varietas
1568 1758 1630 2039 quaerenda
1578 2086 1629 2193 fuit.
1577 2262 1627 2464 Monuit
1576 2498 1618 2661 autem
1573 2697 1622 2999 Aristoteles

1494 1293 1565 1452 (poet.
1505 1489 1540 1531 c.
1489 1570 1555 1667 10.)
1502 1722 1551 1843 alias
1485 1913 1548 2209 simplici
1497 2272 1529 2384 esse
1480 2437 1538 2724 argumento
1482 2786 1543 2995 fabulas,

1428 1290 1477 1409 alias
1409 1445 1475 1787 implicato
1407 1821 1469 1916 vel,
1403 1954 1468 2088 quod
1418 2122 1465 2203 alii
1403 2238 1460 2489 vocarent,
1400 2528 1463 2785 duplici
1399 2823 1465 2890 (c.
1399 2914 1459 2994 13,

1350 1287 1396 1338 4.
1347 1377 1390 1429 et
1328 1464 1395 1552 7.).
1326 1623 1392 1910 Simplicem
1338 1945 1387 2066 dicit
1325 2100 1385 2364 actionem,
1335 2403 1382 2539 cuius
1336 2589 1382 2695 sine
1317 2739 1382 2993 inopinato

1268 1288 1302 1407 casu
1266 1442 1313 1520 vel
1248 1554 1311 1803 agnitione
1259 1837 1307 1925 fiat
1242 1960 1305 2183 mutatio,
1238 2220 1303 2538 implicatam,
1241 2577 1287 2701 quae
1253 2743 1300 2819 vel
1234 2856 1299 2993 agni-

1185 1285 1235 1471 tionem
1185 1506 1233 1584 vel
1181 1621 1214 1787 casum
1163 1823 1227 2128 inopinatum
1174 2181 1222 2259 vel
1160 2293 1217 2559 utrumque
1172 2595 1222 2792 habeat.
1171 2863 1220 2991 Sim-

1090 1283 1155 1469 plicem
1101 1506 1150 1717 eandem
1084 1754 1145 2095 aequalem
1094 2144 1138 2194 et
1093 2242 1141 2615 continuam
1077 2653 1141 2805 dicit,
1075 2857 1139 2989 quod

1008 1285 1056 1386 quo
1022 1420 1056 1500 res
1021 1537 1069 1597 ab
1020 1632 1070 1771 initio
1016 1807 1065 2016 tendere
997 2051 1062 2337 coeperint,
1014 2385 1062 2562 eodem
1010 2599 1057 2834 continuo
995 2869 1044 2986 pro-

931 1283 993 1478 cedant,
925 1515 975 1676 neque
938 1711 987 1811 ulla
935 1847 984 2009 subita
918 2044 977 2193 atque
917 2224 981 2472 inopinata
930 2502 977 2822 conversione
914 2842 979 2985 (qua-

863 1282 913 1381 lem
844 1416 910 1571 gignit
855 1606 892 1832 errorum
840 1866 903 2088 priorum
836 2125 902 2362 cognitio)
853 2411 900 2460 in
849 2509 897 2808 contrarium
849 2863 883 2986 con-

778 1281 826 1552 vertantur.
760 1624 828 1877 Simplicis
758 1909 823 2059 igitur
754 2094 819 2372 argumenti
754 2408 818 2686 exemplum
768 2713 813 2826 sunt
768 2860 818 2984 Pro-

3523 3185 3655 3196 ’,ρ’-κ,-

3462 3254 3465 3256 ·
3601 3254 3627 3266 ῑι

2432 3179 2446 3182 “
2497 3180 2670 3191 *nx-³⁹⁷-
2695 3181 2720 3184 ’-
