5010 3336
3825 2006 3881 2130 374

3679 1228 3726 1418 mutata
3668 1464 3733 1876 conspiciebatur.
3684 1956 3734 2010 ld
3684 2069 3734 2198 enim
3685 2241 3734 2425 sactum
3683 2471 3718 2585 esse
3684 2630 3729 2684 ut
3680 2731 3727 2914 statua-

3590 1228 3634 1368 mus,
3603 1415 3652 1722 consuetudo
3604 1775 3647 1824 et
3590 1871 3651 2011 quasi
3604 2062 3652 2142 lex
3590 2186 3651 2468 tragoediae
3587 2514 3650 2760 postulat,
3586 2819 3633 2917 qua

3505 1229 3569 1340 lege
3522 1376 3571 1583 effectus
3510 1621 3555 1820 eorum,
3508 1856 3555 1981 quae
3523 2014 3570 2142 intus
3523 2180 3567 2319 erant
3514 2353 3565 2477 acta,
3524 2514 3570 2561 in
3505 2598 3564 2917 conspectum

3425 1229 3487 1400 utique
3427 1447 3489 1809 proferebatur.
3442 1894 3491 2099 Tantam
3428 2149 3490 2411 imaginum
3441 2450 3489 2736 varietatem
3426 2772 3483 2920 atque

3350 1230 3408 1618 multitudinem,
3362 1670 3404 1767 tam
3346 1816 3409 2027 amplam
3344 2062 3408 2310 signorum
3346 2348 3409 2767 complexionem,
3360 2796 3403 2919 ,tan-

3280 1229 3324 1333 tum
3280 1368 3328 1630 tumultum
3271 1669 3327 1946 hominum,
3281 1992 3327 2040 in
3265 2075 3328 2183 ipso
3282 2231 3328 2433 actionis
3280 2470 3328 2647 ardore
3266 2683 3327 2919 obtorpe-

3188 1232 3248 1495 scentium,
3200 1538 3247 1734 theatro
3184 1771 3243 2190 repraesentatum
3199 2229 3249 2633 efficacissimum
3198 2669 3247 2826 fuisse
3199 2859 3249 2919 ad

3118 1233 3168 1402 oculos
3104 1438 3162 1727 mentesque
3109 1762 3167 2061 movendos,
3119 2099 3168 2243 facile
3120 2278 3164 2355 est
3116 2387 3167 2658 intellectu.

2762 1695 2816 1762 D.
2762 1870 2817 2463 Messores,

2633 1365 2682 1620 Messores
2633 1671 2682 1773 sive
2618 1807 2684 2054 θεριστὰς
2634 2100 2682 2316 fabulam
2634 2363 2682 2566 eandem
2635 2616 2684 2772 fuisse
2635 2809 2666 2920 cum

2535 1235 2600 1384 Syleo
2537 1431 2599 1707 suspicatus
2552 1755 2593 1832 est
2551 1879 2599 2169 Welckerus
2552 2216 2599 2265 in
2537 2318 2600 2663 supplemento
2556 2715 2603 2826 libri
2554 2861 2603 2923 de

2456 1233 2519 1472 Aeschyli
2455 1498 2519 1692 trilogia
2456 1720 2517 1887 scripti
2455 1922 2501 1968 p.
2470 1987 2515 2097 302.
2472 2153 2519 2242 Cui
2456 2269 2503 2365 quo
2474 2393 2520 2552 minus
2462 2580 2522 2922 assentiamur,

2391 1235 2439 1423 duabus
2391 1458 2436 1605 rebus
2375 1636 2437 1968 prohibemur,
2375 2004 2437 2213 primum
2376 2242 2439 2370 quod
2392 2413 2440 2715 messoribus
2395 2761 2442 2923 locum

2310 1234 2358 1285 in
2294 1312 2358 1445 Sylei
2310 1478 2358 1640 fabula
2310 1676 2357 1862 nullum
2310 1900 2356 2060 fuisse
2294 2096 2353 2319 apparet,
2311 2360 2359 2538 deinde
2297 2569 2361 2695 quod
2314 2733 2346 2923 messo-

2229 1235 2261 1347 rum
2230 1383 2277 1548 sabula
2230 1604 2276 1697 iam
2213 1736 2276 2077 Aristophanis
2214 2114 2276 2413 grammatici
2231 2450 2278 2681 memoria
2232 2718 2281 2926 interie-

2141 1234 2193 1342 rat,
2134 1393 2197 1567 Syleus
2148 1603 2190 1762 autem
2148 1812 2196 1959 etiam
2150 1998 2196 2221 Philonis
2150 2268 2198 2434 ludaei
2150 2485 2193 2648 aetate
2152 2683 2199 2923 exstabat.

2054 1234 2118 1592 Argumentum
2057 1629 2115 1774 igitur
2069 1810 2116 2003 fabulae
2070 2037 2116 2165 idem
2071 2202 2118 2358 fuisse
2061 2395 2117 2627 coniicio,
2058 2665 2120 2795 quod
2074 2833 2121 2924 So-

1991 1236 2038 1430 sitheus
1978 1466 2037 1712 tractavit,
1989 1758 2037 1820 de
1989 1856 2036 1994 cuius
1990 2032 2037 2199 sabula
1992 2236 2038 2381 adeas
1992 2417 2039 2743 Eichstaedtii
1978 2778 2035 2925 atque

1910 1235 1959 1507 Hermanni
1894 1553 1958 1761 (Opusc.
1908 1812 1956 1847 I.
1893 1895 1940 1946 p.
1897 1992 1959 2093 54.)
1910 2145 1956 2207 de
1912 2255 1959 2471 dramate
1897 2522 1960 2925 comicosatyrico

1818 1237 1878 1638 d1ssertationes,
1815 1676 1861 1881 quorum
1818 1919 1877 2031 ille,
1819 2069 1877 2326 Photium,
1821 2365 1879 2689 Athenaeum,
1832 2726 1879 2925 Suidam

1750 1239 1793 1290 et
1750 1326 1798 1637 scholiastam
1749 1676 1797 1931 Theocriti
1733 1970 1797 2053 (X,
1735 2089 1799 2193 41.)
1741 2233 1794 2462 secutUS,
1752 2511 1799 2695 haecce
1753 2731 1797 2924 narrat:

1654 1238 1718 1552 „Lityerses,
1670 1589 1718 1758 Midae
1657 1793 1716 1940 filius,
1668 1979 1700 2039 ex
1670 2076 1718 2338 meretrice
1655 2375 1711 2652 susceptus,
1672 2689 1721 2925 habitavit

1580 1239 1637 1497 Celaenis,
1589 1544 1634 1664 urbe
1573 1713 1636 1971 Phrygiae.
1589 2051 1637 2121 Ibi
1573 2159 1633 2397 quotquot
1591 2443 1638 2502 ad
1592 2552 1622 2662 eum
1576 2700 1639 2925 hospites

1499 1239 1556 1618 confluxissent,
1508 1679 1555 1823 lautis
1508 1883 1555 2076 solebat
1493 2139 1557 2297 epulis
1495 2359 1558 2607 excipere.
1512 2701 1558 2766 At
1512 2828 1561 2927 suit

1427 1237 1474 1334 hoc
1413 1369 1476 1635 hospitium
1412 1672 1458 1831 neque
1429 1866 1475 1926 ad
1428 1962 1475 2313 humanitatem
1431 2350 1477 2495 nimis
1430 2531 1478 2730 liberale
1417 2766 1465 2926 neque

1347 1238 1394 1301 ad
1347 1338 1394 1709 diuturnitatem
1347 1758 1394 1935 stabile
1348 1981 1378 2036 ac
1348 2073 1394 2285 firmum.
1350 2365 1398 2489 Nam
1334 2541 1397 2765 hospites
1353 2801 1399 2926 bene

1251 1238 1309 1409 pastos
1267 1446 1313 1495 in
1252 1531 1298 1674 agros
1267 1724 1313 1892 eduxit
1252 1927 1314 2168 iussitque
1268 2218 1300 2382 secum
1254 2421 1311 2616 segetes
1272 2654 1317 2923 demetere.

1187 1240 1236 1552 Inumbrante
1187 1592 1227 1754 autem
1170 1794 1217 2014 vespera,
1172 2061 1230 2208 caput
1189 2242 1236 2369 falce
1190 2405 1237 2613 abscidit
1176 2649 1223 2927 corpusque

1090 1240 1153 1501 manipulis
1106 1540 1153 1808 involutum
1106 1846 1153 2040 domum
1090 2079 1155 2309 portavit.
1110 2353 1157 2512 Huius
1110 2550 1151 2714 tautae
1112 2750 1159 2926 crude-

1027 1240 1075 1393 litatis
1027 1443 1074 1617 vindex
1026 1672 1072 1867 tandem
1011 1917 1066 2062 atque
1010 2120 1059 2386 oppressor
1030 2437 1077 2675 Hercules
1018 2724 1079 2924 exstitit,

931 1244 994 1326 qui
930 1361 995 1640 Lityersam
944 1676 992 1894 occisum
944 1928 992 1977 in
944 2011 994 2336 Maeandrum
932 2372 997 2682 proiice1·et.”
