5010 3336
2915 835 3033 858 ‚ki-:³
3060 844 3075 859 1
3090 846 3114 857 π,
3147 837 3165 855 ”Ῑ

2567 839 2581 844 Α
2594 836 2651 850 <2⁵5
2661 836 2690 850 >2
2700 831 2838 852 <effuga->-

2401 835 2411 840 ⁷
2440 834 2510 847 «ns—³⁴»
2516 835 2544 843 a,
2551 841 2555 843 l

3911 2158 3966 2278 116

3753 1376 3819 1569 plicatis
3760 1603 3821 1870 natalibus,
3775 1916 3822 1976 ad
3772 2025 3820 2383 ostendendum
3771 2417 3821 2735 infortunium
3768 2771 3802 2911 suum
3751 2946 3801 3056 per-

3675 1374 3740 1585 gendum
3694 1619 3740 1711 fuit
3678 1744 3741 2086 Menalippae„
3678 2136 3724 2231 quo
3692 2274 3739 2383 loco
3678 2421 3723 2566 quum
3692 2602 3738 2698 vim
3688 2747 3737 2841 sibi
3689 2888 3720 2915 a
3688 2959 3736 3060 Ne-

3597 1375 3654 1528 ptuno
3613 1544 3661 1723 factam
3614 1750 3645 1861 esse
3598 1897 3654 2203 quereretur,
3596 2236 3659 2574 pulcritudinis
3610 2600 3658 2791 formae
3610 2817 3640 2922 eam
3592 2940 3640 3057 poe-

3533 1375 3580 1544 nituit:

3466 1508 3474 1572 ·—
3467 1640 3475 1701 -
3453 1773 3502 1838 οὐ
3437 1873 3503 1972 γάρ
3453 2010 3504 2150 ἐστιν
3437 2185 3502 2413 ἀσφαλὲς

3358 1506 3423 1878 περαιτέρω
3372 1916 3421 1983 τὸ
3362 2020 3422 2262 κάλλος
3355 2296 3421 2327 ἢ
3356 2364 3421 2569 μέσως
3355 2603 3418 2862 λαβεῖν,

3276 1376 3340 1551 fragm.
3294 1590 3339 1681 inc.
3282 1721 3336 1858 168..
3279 1908 3338 2035 quod
3293 2072 3338 2169 hue
3275 2218 3337 2465 pertinere
3290 2502 3320 2561 ex
3290 2613 3335 2756 Ennii
3288 2791 3337 3061 imitatione

3198 1375 3261 1679 intelligitur,
3214 1716 3259 1778 de
3199 1814 3243 1904 qua
3213 1941 3259 2063 llaec
3213 2100 3259 2253 refert
3212 2289 3258 2478 Gellius
3199 2515 3258 2576 V,
3212 2616 3254 2692 ll.
3210 2732 3254 2823 12:
3195 2889 3255 3059 „Qua-

3136 1379 3181 1436 lis
3135 1472 3181 1628 forma
3135 1666 3164 1689 a
3120 1728 3180 1787 Q.
3133 1828 3180 1985 Ennio
3134 2021 3179 2065 in
3116 2102 3179 2379 Menalippa
3116 2434 3162 2668 perquam
3113 2719 3174 2927 eleganti
3128 2975 3160 3059 vo—

3055 1377 3102 1548 cabulo
3055 1586 3097 1750 stata
3043 1788 3100 1998 dicitur,
3038 2050 3083 2172 quae
3036 2220 3082 2378 neque
3034 2414 3102 2566 κοινὴ
3049 2605 3098 2765 sutura
3049 2802 3094 2866 sit
3034 2900 3079 3060 neque

2958 1376 3023 1550 ποινή,
2960 1588 3005 1730 quam
2975 1766 3022 1972 formam
2972 2021 3019 2331 modicam
2971 2378 3013 2435 et
2968 2482 3017 2825 modestam
2968 2861 3015 3061 Fax-ori-

2894 1376 2925 1465 nus
2894 1500 2926 1594 non
2895 1631 2941 1911 mehercule
2894 1948 2940 2122 inscite
2876 2150 2938 2364 appellat
2890 2398 2936 2696 uxoriam.
2888 2765 2935 2952 Ennius
2888 2977 2919 3060 au—

2814 1375 2856 1475 tem
2816 1522 2861 1570 in
2804 1622 2861 1745 ista,
2800 1805 2845 1948 quam
2802 2004 2859 2132 dixi,
2796 2209 2856 2458 tragoedia
2810 2521 2840 2608 eas
2794 2653 2854 2776 sere
2793 2828 2854 3060 feminas

2735 1376 2781 1444 ait
2736 1479 2782 1721 ineolumi
2719 1749 2783 2013 pudicitia
2721 2051 2763 2173 esse.
2714 2212 2761 2343 quae
2730 2377 2769 2518 stata
2714 2540 2774 2717 forma
2713 2740 2776 2968 sorent.”

2640 1506 2703 1712 {Reliqua
2640 1742 2686 1855 pars
2637 1884 2700 2073 prologi
2637 2102 2699 2345 colloquio
2649 2371 2695 2722 conficiebatur
2632 2750 2695 3061 Menalippae

2560 1375 2618 1521 atque
2567 1569 2622 1797 nutricis,
2575 1834 2622 1883 id
2560 1919 2619 2046 quod
2570 2096 2617 2373 ostenditur
2554 2420 2617 2649 Gregorii
2568 2683 2613 2875 verbis:
2550 2927 2615 2961 ἡ
2565 3006 2617 3062 δὲ

2493 1377 2545 1463 διὰ
2479 1509 2545 1604 τὴν
2494 1651 2539 1747 τοῦ
2480 1795 2542 1991 πατρὸς
2479 2036 2539 2359 προςόοκίαν
2478 2399 2543 2526 τοὺς
2473 2578 2537 2930 γεννηθέντας
2475 2991 2535 3062 εἰς

2397 1377 2462 1667 βούστασιν
2412 1703 2466 1861 ἔδωκε
2396 1897 2455 1959 τῇ
2395 1996 2453 2176 τροφῷ
2407 2212 2454 2388 θεῖναι
2405 2423 2457 2554 κατὰ
2389 2588 2456 2685 τὴν
2388 2720 2457 2937 ἐντολὴν
2403 2964 2450 3061 τοῦ

2320 1376 2382 1834 κατασπείραντος.
2332 1907 2378 1970 Et
2331 2004 2376 2049 in
2314 2086 2375 2237 patris
2313 2275 2372 2468 quidem
2325 2504 2371 2645 Aeoli
2324 2682 2370 2827 bovili
2307 2865 2369 3062 exposi-

2280 2609 2296 2673 79!

2252 1377 2295 1453 tos
2254 1490 2284 1600 esse
2254 1635 2300 1844 infantes
2252 1883 2300 2025 docet
2234 2063 2297 2320 Dionysius
2239 2358 2293 2436 lx,
2244 2477 2290 2563 ll:
2229 2602 2289 2809 εςεθηκε
2243 2845 2293 2891 δ’
2241 2930 2293 3063 αὐτὰ

2162 1377 2222 1449 εἰς
2172 1498 2223 1561 τὰ
2172 1607 2218 1705 τοῦ
2159 1755 2222 1950 πατρὸς
2153 2000 2220 2323 βουφόρβια.
2162 2401 2213 2686 Mandatum
2146 2733 2211 2950 Neptuni
2161 3002 2192 3061 eo

2092 1378 2140 1542 statim
2077 1578 2134 1830 tempore,
2076 1882 2123 1975 quo
2090 2024 2121 2133 cum
2073 2172 2133 2352 virgine
2074 2389 2131 2675 concubuit,
2082 2730 2129 2914 editum
2081 2951 2113 3063 esse

1996 1377 2060 1643 putandum
2011 1680 2053 1768 est.
2011 1840 2059 1953 DIes
1996 1990 2051 2180 autem,
1993 2233 2038 2327 quo
2005 2364 2050 2524 redire
2003 2560 2050 2709 Aeolo
1987 2748 2049 2938 licebat,
2000 2976 2049 3061 ‹le-

1933 1378 1980 1545 finitus
1932 1584 1973 1686 erat·
1918 1720 1978 1880 idem,
1914 1931 1961 2023 quo
1913 2067 1975 2219 priori
1926 2256 1957 2378 anno
1925 2415 1955 2473 ex
1909 2509 1969 2666 patria
1921 2701 1968 2910 abierat:
1918 2956 1961 3063 erat

1838 1379 1900 1529 igitur
1854 1563 1899 1604 is
1836 1641 1899 1748 ipse
1843 1785 1897 1917 dies,
1835 1969 1881 2063 quo
1849 2111 1894 2231 haec
1830 2279 1893 2562 agebantur.
1843 2629 1890 2773 Hunc
1841 2819 1887 2949 diem
1840 2984 1887 3061 fe-

1772 1379 1815 1506 stum
1772 1546 1821 1700 fuisse
1771 1736 1816 1989 universae
1769 2027 1815 2208 civitati
1754 2242 1813 2479 arbitror,
1764 2532 1806 2582 et
1762 2631 1809 2788 coisse
1761 2837 1807 2897 ad
1759 2948 1790 3060 eum

1694 1379 1741 1724 celebrandum
1677 1758 1733 1902 atque
1676 1938 1738 2097 ipsum
1672 2134 1719 2300 regem
1686 2335 1734 2477 laetis
1683 2515 1730 2752 ominibus
1664 2789 1729 3061 faustisque

1598 1377 1660 1740 precationibus
1596 1777 1658 2115 excipiendum
1592 2149 1649 2339 partem
1594 2377 1652 2580 civium,
1588 2638 1649 2720 qui
1601 2766 1647 2902 chori
1599 2950 1630 3064 mu-

1535 1377 1567 1496 nere
1517 1530 1581 1884 sungerentur:
1516 1939 1577 2020 qui
1514 2074 1559 2221 quum
1525 2272 1573 2458 obviam
1523 2495 1570 2649 Aeolo
1506 2685 1566 2969 processuri
1519 3001 1566 3063 ad

1440 1378 1502 1564 regiam
1440 1601 1500 1930 convenirent,
1436 1966 1495 2135 parodi
1445 2171 1491 2440 cantandae
1443 2475 1490 2678 dabatur
1425 2706 1486 3063 opportunitas.

1375 1510 1423 1682 Statim
1372 1720 1421 1896 deinde
1370 1931 1417 2111 Aeolus
1368 2150 1398 2259 cum
1363 2299 1411 2555 comitibus
1365 2594 1409 2639 in
1362 2677 1394 2873 scenam
1344 2910 1407 3060 prod-

1283 1378 1342 1465 iit,
1280 1514 1341 1785 gratulante
1278 1820 1338 1986 cham,
1290 2024 1331 2073 et
1274 2109 1319 2256 quum
1286 2291 1334 2448 laetus
1285 2484 1330 2678 domum
1265 2718 1330 2937 deosque
1264 2975 1311 3062 pa-

1217 1378 1262 1498 trios
1200 1533 1256 1761 receptos
1196 1798 1259 2134 adspexisset,
1208 2186 1237 2211 a
1207 2246 1254 2346 filia
1190 2383 1236 2604 quoque,
1188 2645 1248 2865 quamvis
1186 2903 1247 3060 amnia.¹

1138 1379 1185 1614 salutatus
1136 1652 1177 1743 est.
1131 1812 1181 2012 Interim
1127 2050 1178 2217 famuli
1110 2251 1173 2408 regis,
1110 2462 1156 2609 quum
1107 2664 1153 2815 equos
1121 2862 1168 2913 in
1120 2963 1162 3060 sta-

1057 1376 1105 1492 bula
1041 1536 1104 1854 reducerent,
1048 1921 1082 2115 vaccam
1030 2183 1087 2545 conspexerunt
1041 2596 1090 2861 infantibus
1039 2913 1088 3062 ubera

962 1378 1025 1700 praebentem
974 1738 1016 1788 et
970 1824 1015 2018 taurum
967 2055 1015 2253 eosdem
962 2285 1012 2642 custodientem
946 2671 1004 3062 servantemque,

898 1380 930 1441 ne
882 1476 929 1595 grex
895 1628 943 1776 boum
888 1813 939 2063 obtereret
872 2087 936 2166 *),
886 2219 934 2347 unde
885 2390 933 2499 illos
883 2548 914 2607 ex
882 2654 929 2732 his
879 2773 928 3059 animalibus

778 1452 830 1493 *)
788 1522 829 1659 Varro
788 1688 827 1741 R.
786 1773 826 1829 R.
771 1860 825 1915 11,
784 1947 826 1988 5.
781 2019 823 2067 5:
766 2098 822 2227 Novi,
766 2256 821 2395 inquit
763 2421 819 2510 ille,
773 2543 816 2821 maiestatem
772 2850 813 2985 boum
784 3005 790 3056 ’-

708 1518 755 1750 praeterea
714 1781 756 1871 scio
712 1912 754 2029 hunc
700 2068 737 2187 esse,
709 2227 750 2269 in
696 2301 735 2431 quem
690 2462 746 2733 potissimum
690 2774 744 2971 Iuppiter
704 3011 730 3057 sc
