5010 3336
3932 2148 3988 2229 64

3781 1346 3839 1441 est,
3793 1477 3839 1533 ut
3778 1564 3843 1730 potius
3777 1764 3853 1934 regem
3776 1968 3841 2160 ipsum,
3790 2198 3840 2467 carminum
3775 2503 3840 2716 strepitu
3775 2751 3839 3037 excitatum,

3714 1344 3762 1394 in
3697 1438 3761 1691 publicum
3713 1745 3744 1854 cum
3712 1903 3760 2097 filiabus
3693 2148 3757 2374 prodisse
3710 2410 3754 2609 statuas.
3710 2679 3759 2840 Huius
3708 2876 3756 3039 animo

3620 1342 3682 1631 religionem
3633 1668 3680 1912 incussam
3632 1950 3663 2064 esse
3630 2118 3677 2239 dicit
3629 2272 3678 2518 Diodorus
3616 2540 3638 2553 s
3629 2589 3661 2681 nec
3629 2715 3677 2877 minus
3628 2910 3676 3037 filias

3553 1338 3601 1591 miraculis
3535 1628 3599 2025 obstupefactaS,
3550 2074 3593 2130 ut
3549 2178 3597 2320 deam
3549 2355 3597 2616 crederent
3533 2650 3596 2810 ipsam
3548 2844 3596 3040 venisse

3474 1340 3523 1402 ad
3473 1438 3522 1605 Peliae
3472 1640 3520 1841 domum
3471 1878 3518 2070 beatam
3469 2105 3517 2427 reddendam.
3464 2495 3517 2734 Docuisse
3469 2770 3516 2900 enim
3469 2924 3517 3037 Me-

3380 1339 3442 1509 deam,
3380 1549 3441 1783 Dianam,
3390 1833 3438 2100 draconum
3390 2149 3421 2295 curru
3373 2331 3419 2421 per
3387 2456 3419 2621 acrem
3368 2665 3430 2886 vectam,
3373 2924 3419 3038 per-

3296 1335 3346 1538 agrasse
3296 1572 3343 1794 magnam
3311 1829 3358 1959 orbis
3295 1997 3352 2217 partem;
3310 2273 3356 2333 ab
3307 2372 3356 2543 eadem
3298 2580 3354 2796 Peliam,
3307 2844 3350 2898 ut
3307 2933 3338 3036 ma-

3233 1335 3280 1468 xime
3217 1503 3263 1676 regum
3231 1711 3278 1926 omnium
3215 1962 3276 2143 pietate
3213 2179 3276 2452 insignem„
3226 2504 3275 2719 electum
3214 2767 3258 2906 esse,
3211 2956 3276 3037 qui

3153 1334 3184 1474 sacra
3152 1511 3199 1555 ei
3136 1588 3194 1830 perpetua
3135 1866 3198 2153 cultumque
3137 2187 3196 2503 instituerem
3130 2539 3194 2750 denique
3144 2779 3192 2870 sibi
3146 2898 3177 3034 man-

3073 1334 3120 1504 datum
3059 1541 3104 1670 esse7
3072 1708 3112 1763 ut
3053 1796 3117 1918 regi,
3071 1954 3101 1979 a
3069 2018 3110 2274 senectute
3067 2307 3114 2539 remediis
3052 2580 3113 2873 quibusdam
3064 2911 3112 3033 libe-

2982 1332 3034 1460 rato,
2975 1499 3039 1720 vigorem
2990 1756 3036 2044 restitueret
2982 2079 3036 2359 iuvenilem,
2971 2397 3034 2651 multaque
2985 2686 3032 2779 alia
2984 2815 3031 2877 ad
2984 2918 3031 3034 bea-

2912 1332 2956 1430 tam
2895 1467 2953 1787 sanctamque
2910 1823 2956 1969 vitam
2894 2003 2955 2302 pertinentia
2906 2337 2954 2557 donaret.
2903 2627 2952 2920 Admirante
2903 2946 2934 3033 au-

2830 1329 2870 1433 tem
2831 1459 2879 1594 Pelia
2831 1623 2878 1892 novitatem
2814 1917 2877 2293 promissorum,
2826 2329 2876 2561 Medeam
2809 2591 2870 2869 professam
2811 2899 2854 3030 esse,

2751 1330 2782 1386 se
2735 1424 2798 1675 extemplo
2751 1712 2782 1854 suum
2733 1891 2781 2072 corpus
2748 2109 2795 2345 mutando
2744 2383 2793 2631 dictorum
2743 2664 2791 2817 fidem
2743 2862 2790 3029 firma-

2669 1328 2711 1520 turam:
2671 1570 2717 1775 iussisse
2654 1822 2717 1977 igitur
2670 2033 2715 2091 ab
2668 2128 2699 2222 una
2666 2258 2715 2472 filiarum
2649 2528 2695 2704 puram
2647 2738 2693 2912 aquam
2662 2951 2711 3027 as-

2589 1326 2637 1479 serri:
2575 1517 2621 1612 quo
2581 1647 2637 1799 sact0‚
2589 1838 2636 2057 conclavi
2572 2092 2635 2252 aliquo
2572 2290 2634 2554 inclusam,
2568 2605 2616 2784 corpus
2569 2833 2630 3027 lavisse,

2493 1324 2556 1587 ablutaque
2507 1621 2556 2101 medicamentorum
2507 2137 2554 2182 vi
2490 2216 2547 2363 atquc
2492 2397 2553 2607 effectu,
2486 2647 2551 2903 proprium
2501 2937 2549 3027 ha-

2427 1322 2476 1480 bitum
2412 1518 2459 1858 recuperasse.

2347 1456 2396 1641 Medea
2348 1675 2394 1723 in
2344 1761 2393 1993 conclave
2341 2025 2392 2239 intrante
2338 2274 2389 2542 finiebatur
2338 2579 2382 2719 actus
2328 2745 2386 3024 secundus3

2250 1323 2314 1540 spatium
2250 1584 2313 1823 temporis
2248 1872 2295 2029 usque
2263 2076 2309 2136 ad
2258 2186 2308 2404 reditum
2257 2466 2304 2568 eius
2258 2618 2305 2755 chori
2256 2807 2303 3024 carmine

2185 1321 2234 1725 consumebatur.
2168 1798 2233 2067 Colloquii,
2165 2108 2227 2235 quod
2164 2275 2219 2648 praecesserat,
2162 2685 2225 3021 fragmentum

2104 1320 2147 1482 exstat
2093 1516 2137 1684 unum,
2089 1723 2136 1819 quo
2103 1858 2134 1911 56
2099 1947 2149 2258 incredulum
2097 2295 2129 2409 esse
2097 2444 2128 2532 rex
2096 2568 2143 2813 declarat:
2103 2870 2123 2885 ·

2009 1453 2074 1713 φθείρου·
2022 1749 2072 1808 τὸ
2004 1844 2071 1946 γὰρ
2003 1984 2069 2119 δρᾶν
2016 2155 2067 2253 οὐκ
1999 2289 2067 2437 ἔχων,
1999 2473 2065 2670 λόγους
2001 2704 2067 2870 λέγεις
2001 2894 2066 2960 *).

1943 1315 1992 1500 Medea
1943 1537 1974 1597 ex
1941 1633 1988 1851 conclavi
1926 1887 1985 2103 redienS‚
1935 2143 1967 2255 cum
1933 2290 1981 2547 videretur
1934 2570 1981 2782 numinis
1933 2811 1981 3018 alicuius

1862 1315 1912 1558 beneficio
1859 1604 1909 1911 iuventutem
1858 1955 1900 2005 et
1840 2057 1903 2297 insignem
1838 2350 1900 2571 corporis
1837 2630 1902 3016 pulcritudinem

1766 1315 1813 1657 recuperasse,
1764 1692 1812 1870 magna
1775 1905 1824 2232 admiratione
1758 2267 1805 2464 regem,
1773 2520 1815 2574 ut
1758 2626 1804 2717 par
1764 2752 1816 2885 erat,
1774 2922 1821 3016 im-

1685 1313 1749 1483 plevit.
1701 1552 1748 1696 Fecit
1698 1730 1747 1910 deinde
1693 1945 1743 2421 medicamentorum
1693 2456 1740 2503 vi
1693 2542 1740 2805 simulacra
1692 2841 1741 3016 draco-

1620 1311 1652 1429 num
1604 1465 1652 1735 apparere,
1602 1785 1665 1958 quibus
1599 2008 1646 2098 per
1613 2132 1646 2296 aerem
1612 2335 1645 2396 ex
1595 2433 1660 2772 Hyperboreis
1612 2807 1659 3016 advecta

1540 1311 1587 1402 dea
1541 1439 1588 1498 ad
1540 1535 1587 1723 Peliam
1537 1759 1586 1952 deverti
1531 1986 1582 2253 videretur.
1518 2338 1580 2526 Quibus
1518 2578 1579 2818 ostentis,
1532 2870 1576 3013 natu-

1459 1307 1491 1413 ram
1459 1448 1506 1711 humanam
1439 1750 1502 2114 superantibus,
1451 2147 1492 2313 motus
1438 2343 1483 2448 rex,
1435 2484 1483 2659 magno
1452 2705 1499 2895 honore
1453 2935 1501 3011 di-

1362 1308 1410 1453 gnam
1378 1483 1410 1596 esse
1376 1621 1427 1852 Medeam
1373 1874 1420 2081 credere
1355 2112 1419 2411 omninoque
1370 2442 1418 2603 verbis
1371 2628 1419 2780 fidem
1371 2804 1419 3008 habere.

1299 1309 1347 1440 Tum
1298 1477 1345 1560 illa
1282 1595 1329 1765 regem
1279 1792 1343 2027 ablegatis
1291 2051 1340 2245 filiabus
1291 2274 1339 2436 solum
1280 2460 1334 2619 nacta,
1274 2657 1339 2908 persuasit
1278 2942 1338 3006 ei,

1218 1306 1260 1361 ut
1217 1397 1265 1525 filias
1216 1561 1265 1757 iuberet
1213 1793 1259 1979 sociata
1195 2016 1243 2194 opera,
1195 2232 1258 2466 quidquid
1194 2502 1257 2612 ipsa
1198 2646 1257 2892 iussisset,
1209 2928 1259 3006 ef-

1137 1305 1185 1489 ficere:
1135 1528 1185 1712 debere
1134 1748 1181 1878 enim
1115 1913 1179 2045 regis
1112 2093 1162 2272 corpus
1130 2309 1162 2406 non
1128 2450 1161 2705 servorum
1114 2757 1176 3004 manibus,

1056 1305 1104 1394 sed
1055 1430 1103 1700 liberorum
1050 1735 1099 1988 curatione
1048 2024 1097 2173 divini
1048 2209 1096 2435 beneficii
1031 2468 1094 2717 particeps
1046 2753 1096 2880 fieri.

974 1436 1023 1530 His
957 1567 1020 1853 compositis
970 1888 1002 1976 rex
967 2011 1016 2142 intro
955 2179 1015 2311 abiit,
951 2346 1014 2609 potuitque
967 2634 1016 2836 tertium
968 2862 1017 3002 chori

894 1304 927 1504 carmen
876 1540 942 1804 interponi,
874 1842 923 2001 eoque
884 2035 935 2177 finito
872 2212 934 2375 filiae,
870 2411 934 2566 patris
872 2599 934 2765 iussu,
870 2805 935 2888 qui
885 2923 936 2998 in—

718 1357 772 1399 *)
713 1432 770 1581 Vulgo
713 1609 771 1775 λόγους
710 1805 769 1931 ἔχεις.
