5010 3336
1170 2122 1227 2239 321

1333 2848 1366 3010 rerum
1315 2399 1380 2812 imaginandarum
1315 2288 1363 2365 vel
1315 1964 1378 2255 cogitatione
1313 1592 1378 1939 fingendarum,
1322 1458 1366 1559 tum
1317 1364 1367 1438 fa-

1398 2854 1444 3007 cultas
1396 2600 1442 2805 affectus
1395 2409 1442 2551 animi
1393 1973 1441 2360 vehementiores
1395 1877 1440 1938 ad
1401 1648 1444 1843 naturae
1398 1363 1446 1615 veritatem

1520 3301 1523 3305 ,
1475 2776 1523 3009 imitandi.
1472 2641 1520 2690 ln
1478 2403 1534 2604 utroque
1487 2191 1533 2370 genere
1470 1864 1532 2144 Euripidem
1476 1516 1535 1817 praestitisse
1493 1362 1525 1470 cum

1574 3290 1603 3320 1³-
1553 2927 1600 3009 alii
1560 2796 1599 2894 tum
1551 2514 1613 2761 Longinus
1567 2436 1597 2476 c.
1553 2322 1597 2395 15.
1555 2021 1596 2284 testantur·

1622 2838 1678 2878 ὦ
1630 2629 1692 2803 μῆτερ,
1627 2389 1677 2592 ἱκετεύω
1642 2283 1682 2351 σε
1624 2178 1691 2247 μὴ
1624 1966 1676 2141 ’πίσειέ
1643 1842 1688 1932 μοι

1707 2792 1766 2882 τὰς
1700 2425 1771 2756 αἱματωποὺς
1705 2306 1755 2392 καὶ
1705 1891 1768 2271 δρακοντώδεις
1705 1678 1770 1858 κόρας·

1778 2728 1838 2879 αὗται
1788 2578 1852 2696 γάρ,
1787 2391 1836 2544 αὑται
1786 2139 1851 2359 πλησίον
1786 1803 1851 2108 θρώσκουσί
1804 1649 1850 1770 μου.

1866 2921 1918 3009 καὶ

1945 2805 1995 2863 οἵ
1964 2671 2010 2776 μοι,
1949 2459 1997 2637 κτανεῖ
1960 2344 2009 2431 με·
1948 2213 1997 2309 ποῖ
1945 2000 2010 2183 φύγω;

2054 3291 2084 3332 m,
2049 3174 2079 3176 ι
2028 2907 2086 3010 „Ibi
2034 2732 2091 2872 poeta
2028 2591 2091 2697 ipse
2028 2439 2075 2558 vidit
2027 2231 2074 2404 Furias
2034 2159 2075 2207 et
2026 1753 2091 2135 repraesentavit
2025 1644 2085 1731 sic,
2030 1552 2075 1607 ut
2042 1359 2090 1528 parum

2137 3293 2166 3330 vm
2107 2855 2164 3008 absit,
2106 2692 2167 2805 quin
2106 2497 2154 2642 etiam
2106 2203 2155 2447 auditores
2107 1989 2153 2155 videre
2106 1712 2169 1940 coegerit.
2104 1356 2154 1635 Elaboravit

2202 3300 2245 3324 ,Α
2242 3173 2245 3174 ¹
2186 2813 2247 3006 quidem
2185 2519 2247 2779 Euripides
2186 2439 2232 2485 in
2186 2327 2232 2404 his
2186 2102 2233 2290 duobus
2186 1858 2232 2066 maxime
2184 1562 2243 1830 affectibus,
2185 1355 2232 1525 furore

2284 3307 2326 3325 ’ῃ
2287 3172 2329 3174 ᾗ
2270 2865 2327 3009 atque
2280 2651 2322 2831 amore,
2265 2570 2312 2617 in
2265 2361 2326 2534 quibus
2267 2164 2312 2326 nescio
2281 2070 2312 2129 an
2265 1827 2311 2037 omnium
2263 1356 2325 1799 praestantissimus

2378 3299 2405 3329 ’,χ
2344 2913 2402 3005 sit3
2359 2709 2390 2877 verum
2343 2465 2405 2674 reliquas
2359 2238 2405 2429 quoqne
2344 2060 2390 2204 animi
2344 1711 2405 2025 cogitationes
2347 1464 2388 1675 tractare
2357 1354 2388 1446 co-

2482 3308 2485 3309 *
2415 3172 2424 3174 ’
2426 2864 2469 3005 natus
2427 2736 2468 2828 est.
2421 2572 2481 2666 Qui
2437 2395 2482 2539 quum
2423 2163 2469 2359 minime
2423 1946 2486 2139 ingenio
2421 1727 2485 1921 grandis
2426 1553 2477 1700 esset,
2425 1354 2468 1517 tamen

2534 3288 2567 3308 ÷t
2514 3172 2552 3174 2
2516 2867 2548 3004 suam
2500 2713 2563 2819 ipse
2507 2449 2547 2666 naturam
2502 2114 2562 2400 plerumque
2501 2011 2546 2070 ad
2500 1735 2562 1965 tragicam
2498 1354 2547 1697 sublimitatem

2619 3290 2648 3333 ,Ἢ
2586 2953 2628 3004 et
2580 2556 2641 2920 quibuscunque
2578 2395 2625 2522 inest
2581 2117 2641 2361 granditas
2580 1902 2642 2081 adegit,
2584 1812 2625 1864 ut
2578 1713 2623 1777 ait
2582 1510 2639 1678 poeta:

2669 3170 2724 3173 Ῑ
2656 2739 2720 2872 οὐρῇ
2654 2648 2705 2702 δὲ
2656 2389 2718 2614 πλευράς
2673 2303 2705 2354 τε
2656 2181 2705 2265 καὶ
2656 1983 2721 2146 ἰσχίον
2653 1571 2719 1948 ἀμφοτέρωθεν

2727 3170 2820 3173 j
2735 2597 2798 2875 μαστίεται,
2732 2513 2785 2560 ἑὲ
2735 2434 2784 2478 δ’
2736 2235 2785 2395 αὐτὸν
2732 1932 2799 2201 ἐποτρύνει
2734 1526 2799 1899 μαχέσασθαι.”

2821 3170 2828 3172 “
2817 2786 2865 3003 Alterum
2816 2576 2862 2750 deinde
2817 2270 2878 2541 exemplum
2817 1988 2878 2233 Longinus
2817 1688 2863 1949 orationem
2814 1514 2876 1651 ponit
2812 1352 2861 1478 Solis

2895 2867 2942 3004 frena
2894 2543 2942 2838 Phaethonti
2896 2252 2953 2516 tradentis,
2896 2140 2941 2217 cni
2896 1990 2941 2111 haec
2894 1691 2955 1963 subiungit:
2892 1452 2951 1656 „Nonne
2892 1351 2938 1425 di-

2990 2920 3023 3001 cas
2975 2663 3020 2867 animam
2973 2348 3020 2603 scribentis
2989 2205 3021 2297 una
2974 2108 3020 2157 in
2988 1882 3019 2071 currum
2973 1577 3018 1843 ascendere
2977 1492 3017 1542 et
2985 1349 3018 1444 una

3069 2893 3102 3003 cum
3053 2723 3114 2859 equis
3052 2640 3098 2689 in
3052 2340 3113 2607 periculum
3052 2080 3099 2306 avolare?
3051 1784 3113 2039 Nunquam
3052 1604 3108 1748 enim,
3049 1477 3095 1569 nisi
3065 1349 3113 1439 per

3184 3168 3188 3170 7
3132 2772 3180 3001 coelestia
3131 2658 3177 2739 illa
3131 2488 3193 2623 signa
3147 2362 3177 2454 una
3131 2017 3194 2338 abriperetur,
3130 1870 3177 1988 talia
3129 1555 3191 1840 imaginatus
3125 1348 3175 1530 esset.’'

3196 3168 3261 3170 l
3210 2533 3256 2871 Monodiarum
3209 2294 3255 2467 deinde
3211 1947 3256 2239 mentionem
3209 1771 3255 1890 facit
3208 1347 3270 1718 Aristophanes,

3297 3168 3334 3170 3
3304 2878 3351 2998 quas
3289 2750 3334 2844 hoc
3288 2609 3333 2715 loco
3287 2384 3341 2573 omitto,
3288 2091 3350 2347 separatim
3287 1990 3334 2051 de
3288 1898 3334 1957 iis
3287 1539 3348 1862 expositurus.
3285 1348 3335 1473 Ver-

3368 2889 3427 2998 bis,
3380 2717 3428 2837 quae
3364 2506 3411 2682 deinde
3373 2177 3426 2471 sequnntur,
3366 1725 3428 2125 perspicuitatem
3370 1641 3411 1691 et
3364 1346 3411 1606 dilucidam

3462 2835 3494 2998 rerum
3444 2448 3506 2799 expositionem
3444 2199 3492 2411 denotat.
3444 2079 3490 2128 ln
3444 1860 3490 2043 medias
3459 1748 3490 1825 res
3443 1585 3504 1712 rapit
3442 1481 3489 1551 sic
3442 1346 3488 1448 Eu-

3524 2792 3588 2996 ripides,
3530 2705 3569 2759 ut
3522 2392 3585 2673 planissime
3523 2217 3568 2356 simul
3524 2122 3569 2181 de
3522 1860 3569 2087 universo
3537 1666 3567 1827 rerum
3536 1505 3567 1630 nexu
3521 1344 3567 1469 edo-

3609 2875 3652 2995 ceat.
3601 2665 3649 2808 Multi
3606 2520 3647 2630 sunt
3602 2193 3648 2487 recentiores
3602 2110 3647 2157 in
3601 1757 3662 2084 vituperandis
3599 1483 3661 1724 Euripidis
3614 1344 3660 1459 pro-

3682 2855 3743 2997 logis,
3695 2618 3743 2819 quorum
3680 2241 3726 2581 alucinationes
3695 2009 3737 2205 omnes,
3680 1836 3726 1960 sicut
3678 1568 3740 1801 Aeschyli
3678 1344 3726 1535 Aristo-

3761 2817 3825 2996 phanei
3760 2336 3822 2783 reprehensionem,
3774 2207 3804 2299 uno
3760 2024 3805 2171 verbo
3758 1906 3805 1989 ille
3758 1587 3821 1872 propulsat:

3840 2680 3902 2863 ληρεῖς,
3835 2544 3901 2643 ἐγὼ
3836 2453 3886 2507 δὲ
3831 2295 3894 2419 τοὺς
3836 1969 3899 2261 προλόγους
3837 1767 3895 1935 καλῶς
3835 1583 3885 1732 ποιῶ.

3920 2869 3968 2993 Nam
3934 2696 3981 2833 quae,
3919 2566 3964 2661 hoc
3922 2404 3965 2530 statu
3918 2125 3980 2367 depulsuS,
3918 1819 3979 2090 Aeschylus
3917 1489 3981 1782 exprobrat,
3930 1342 3961 1451 cum

3999 2661 4061 2992 proiectas
4012 2463 4043 2610 esse
3997 2351 4043 2408 ab
3997 2057 4056 2303 omnibus,
4013 1685 4059 1998 quaecunque
3996 1588 4041 1634 in
4009 1341 4040 1535 scenam

4078 3287 4104 3308 u
4078 2707 4138 2990 prodirent,
4075 2413 4138 2634 personis
4076 2038 4137 2349 ampullas
4082 1919 4123 1980 et
4072 1341 4137 1843 sesquipedalia

4160 3284 4186 3327 ‘⁴‘ss
4157 2801 4203 2989 verba
4153 2486 4217 2766 (ληκύθιον
4152 2172 4215 2451 ἀπώλεσεν)
4156 1885 4211 2135 ostendat,
4155 1775 4203 1834 ad
4154 1451 4201 1728 universum
4149 1341 4196 1415 di-

4233 2844 4280 2985 cendi
4249 2616 4297 2797 genus,
4234 2438 4299 2566 quod
4236 2252 4284 2393 nimis
4233 2014 4295 2216 subtile,
4239 1823 4285 1967 tenue
4232 1496 4295 1777 humileque
4243 1340 4278 1449 esse

4315 1668 4361 1730 21
