5010 3336
1108 2064 1163 2182 399

1256 2717 1305 2825 Non
1254 2533 1304 2682 multo
1260 2385 1319 2499 post
1253 1944 1316 2344 Bellerophontes
1251 1807 1299 1908 sive
1251 1672 1298 1774 fato
1250 1540 1298 1638 sive
1263 1446 1297 1505 ex
1249 1310 1297 1412 vul-

1352 2835 1384 2953 nere
1336 2742 1382 2790 in
1350 2540 1398 2698 pugna
1339 2290 1395 2490 accepto
1333 2031 1379 2245 moritur.
1330 1853 1377 1960 Hoc
1345 1712 1377 1805 non
1330 1560 1377 1664 sine
1328 1307 1376 1515 numinis

1415 2735 1472 2953 alienum,
1414 2442 1471 2704 Minervae,
1412 2249 1466 2411 credO‚
1426 2131 1472 2221 qua
1426 1989 1455 2103 usus
1416 1860 1455 1961 erat
1409 1610 1467 1834 fautrice,
1409 1307 1455 1582 interventu

1495 2791 1542 2951 evenit
1490 2692 1554 2756 *).
1491 2467 1537 2623 Huius
1498 2304 1547 2429 erat,
1489 1967 1535 2258 voluntatem
1490 1757 1534 1930 summi
1487 1504 1535 1712 numinis
1492 1303 1549 1452 atque

1572 2754 1621 2950 consilia
1570 2461 1632 2719 explanare
1569 2189 1629 2426 simulque
1567 2093 1612 2154 de
1566 1896 1628 2067 Pegasi
1566 1595 1613 1870 conditione
1572 1511 1613 1561 et
1569 1304 1613 1488 mutato

1666 2769 1715 2952 genere
1649 2568 1696 2721 officii
1648 2359 1711 2515 deque
1646 2154 1694 2325 Glauci
1644 2009 1691 2104 vita
1644 1798 1691 1962 futura.
1645 1556 1692 1750 docere.
1647 1417 1692 1486 Ae
1645 1303 1691 1365 de

1730 2764 1794 2953 Pegaso
1728 2536 1790 2730 quidem
1728 2321 1773 2499 dictum
1730 2209 1772 2284 est
1724 2058 1771 2176 illud
1724 1974 1770 2023 in
1723 1693 1786 1941 Aristoph.
1722 1546 1771 1655 Pac.
1725 1386 1771 1511 721:

1806 2730 1869 2823 ὑφ’
1804 2514 1870 2694 ἅρματ’
1801 2309 1853 2477 ἐλθὼν
1802 2104 1868 2273 Ζηνὸς
1801 1672 1864 2071 ἀστραπηφορεῖ
1800 1551 1863 1643 Ἡ.)

1888 2560 1950 2950 Bellerophontis
1892 2352 1932 2512 autem
1899 2092 1946 2298 magno,
1888 1993 1929 2044 ut
1883 1880 1928 1947 ait
1883 1579 1938 1836 Aelianus,
1881 1302 1944 1527 elatoque

1967 2790 2016 2949 animo
1972 2554 2013 2754 mortem
1964 2170 2022 2517 occumbentis,
1963 2011 2009 2134 haec
1967 1863 2010 1975 sunt
1962 1660 2008 1832 verba:

2038 2778 2095 2818 ὦ
2041 2613 2107 2750 θυμὲ
2071 2420 2080 2481 —
2071 2228 2077 2284 —-
2069 2031 2075 2092 —
2068 1835 2076 1899 —-
2066 1642 2075 1700 -

2119 2698 2190 2822 ἧσθ’
2122 2590 2182 2660 εἰς
2115 2397 2181 2558 θεοὺς
2119 2270 2185 2364 μὲν
2120 2006 2187 2237 εὐσεβής,
2118 1898 2169 1970 ὅτ’
2112 1727 2183 1864 ἧσθ’,
2116 1615 2168 1693 ἀεὶ

2204 2656 2267 2820 ξένοις
2205 2581 2253 2625 τ’
2201 2288 2268 2544 ἐπήρκειςἢ
2201 2136 2251 2250 οὐδ’
2200 1890 2265 2103 ἔκαμνες
2199 1784 2258 1855 εἰς
2197 1547 2263 1751 φίλους.

2286 2641 2333 2820 Mirum
2291 2498 2342 2605 est,
2283 2323 2346 2450 quod
2283 2103 2330 2285 Seneca
2283 1934 2329 2055 dicit
2297 1841 2328 1898 eo
2282 1674 2339 1807 loco,
2295 1531 2342 1626 quo
2293 1298 2336 1486 versus,

2382 2828 2429 2950 quos
2382 2645 2428 2792 supra
2366 2332 2428 2612 posuimus,
2363 2017 2409 2279 convertit:
2360 1815 2421 1971 „Cum
2361 1718 2407 1767 hi
2358 1439 2408 1685 novissimi
2372 1296 2405 1405 ver-

2462 2866 2495 2949 sus
2448 2780 2493 2831 in
2444 2497 2507 2745 tragoedia
2442 2215 2504 2462 Euripidis
2441 1888 2503 2179 pronuntiati
2446 1660 2499 1852 essent,
2444 1484 2485 1614 totus
2453 1296 2500 1449 popu-

2527 2873 2572 2947 lus
2527 2776 2572 2835 ad
2523 2456 2571 2739 eiiciendum
2529 2368 2567 2415 et
2526 2109 2567 2322 actorem
2528 2011 2567 2059 et
2535 1769 2567 1961 carmen
2517 1422 2565 1724 consurrexit
2531 1294 2563 1388 uno

2606 2742 2668 2945 impetu,
2604 2551 2650 2706 donec
2601 2263 2662 2524 Euripides
2601 2182 2647 2227 in
2600 1932 2647 2146 medium
2600 1790 2661 1897 ipse
2599 1523 2661 1755 prosiluit,
2599 1294 2659 1486 petens,

2690 2890 2732 2944 ut
2686 2516 2747 2856 exspectarent
2681 2136 2740 2482 viderentque,
2696 1957 2740 2097 quem
2679 1651 2725 1918 admirator
2676 1512 2723 1617 auri
2676 1295 2722 1477 exitum

2764 2739 2811 2943 faceret.
2761 2516 2808 2670 Dabat
2760 2436 2805 2482 in
2759 2321 2805 2399 illa
2758 2122 2804 2285 sabula
2774 1906 2819 2088 poenas
2757 1449 2819 1872 Bellerophontesq
2768 1293 2814 1412 quas

2843 2897 2890 2946 in
2858 2764 2889 2849 sua
2842 2514 2903 2718 quisque
2840 2361 2885 2467 dat:
2839 2188 2884 2314 nulla
2839 2012 2883 2138 enim
2837 1769 2883 1962 avaritia
2837 1618 2883 1722 sine
2849 1420 2897 1574 poena
2838 1291 2892 1384 est,

2922 2728 2985 2945 quamvis
2922 2575 2967 2692 satis
2920 2476 2966 2538 sit
2920 2337 2982 2442 ipsa
2916 1989 2979 2302 poenarum.⁷'
2916 1688 2963 1920 Profecto
2916 1527 2962 1653 hunc
2927 1288 2960 1491 necesse

3006 2860 3049 2944 aut
3001 2696 3047 2824 aliud
2999 2473 3062 2660 agendo
2999 2344 3044 2439 hoe
2997 2146 3043 2308 drama
2997 1936 3058 2111 legisse
3002 1828 3043 1909 aut
3012 1739 3042 1799 ne
2994 1534 3059 1713 legisse
2993 1290 3054 1504 quidem,

3086 2859 3129 2945 aut
3080 2573 3127 2826 vacillante
3078 2320 3123 2552 memoria
3092 2132 3137 2300 parum
3082 1969 3122 2100 recte
3076 1635 3123 1944 recordatum
3088 1501 3119 1610 esse
3086 1290 3127 1475 eorum,

3175 2817 3223 2940 quae
3159 2592 3222 2783 pridem
3156 2326 3217 2542 legisset.
3155 2003 3214 2256 Quomodo
3157 1827 3202 1954 enim
3152 1440 3201 1773 admirationis
3150 1288 3195 1392 auri

3238 2512 3300 2938 Bellerophontem
3249 2248 3280 2476 accusare
3234 2054 3294 2211 potuit
3233 1877 3295 2020 plane
3234 1554 3292 1833 diserleque
3230 1289 3277 1528 dicentem

3334 2798 3365 2941 unam
3331 2702 3362 2762 ex
3316 2488 3370 2668 tribus,
3314 2241 3367 2447 divitiis,
3312 2013 3375 2203 generis
3313 1735 3360 1977 nobilitate
3314 1287 3374 1686 paupertateque,

3397 2817 3443 2942 hauc
3395 2539 3457 2770 optimam
3392 2253 3453 2490 longeque
3392 2024 3437 2207 duabus
3392 1781 3452 1978 reliquis
3390 1608 3437 1735 vitae
3387 1286 3435 1571 conditioni-

3476 2850 3523 2939 bus
3473 2446 3538 2814 praeferendam
3471 2262 3517 2408 esse?
3470 1989 3517 2195 Ivliccine
3476 1893 3517 1947 ut
3486 1692 3516 1860 aurum
3468 1398 3514 1658 admiratus
3466 1285 3522 1361 sit,

3555 2857 3617 2938 qui
3558 2622 3617 2822 propter
3552 2468 3598 2591 hanc
3551 2078 3597 2440 admirationem
3550 1767 3596 2042 universum
3564 1587 3611 1738 genus
3545 1283 3594 1557 mortalium

3639 2654 3698 2938 aspernatus
3637 2540 3678 2616 est
3646 2222 3691 2509 omnemque
3629 1944 3676 2187 homiuum
3643 1603 3692 1916 congressum
3627 1420 3673 1576 vitare
3640 1284 3672 1398 con-

3847 2825 3902 2875 >l²)
3847 2607 3889 2796 Pausan.
3845 2502 3899 2568 11,
3842 2424 3885 2465 4.
3859 2342 3899 2383 p.
3841 2201 3884 2310 119:
3839 1973 3896 2163 Ἀθηνᾶν
3839 1861 3897 1947 γὰρ
3841 1708 3884 1833 θεῶν
3839 1477 3895 1671 μάλιστα
3852 1280 3894 1448 συγκα-

3914 2495 3972 2802 τεργάσασθαι
3912 2402 3956 2457 τά
3928 2320 3956 2366 τε
3910 2167 3955 2280 ἄλλα
3910 1794 3968 2130 Βελλεροφόντῃ
3911 1641 3966 1753 φασὶ
3910 1524 3953 1602 καὶ
3908 1414 3960 1474 (ὃς
3907 1279 3951 1362 τὸν

3983 2582 4041 2799 Πήγασόν
3984 2496 4027 2539 οὶ
3984 2215 4040 2467 παραδοίη,
3981 1878 4039 2179 χειρωσαμένη
3998 1789 4026 1838 τε
3980 1675 4023 1751 καὶ
3979 1445 4023 1629 ἐνθεῖσα
3978 1283 4033 1398 αὐτὴ

4057 2736 4113 2797 τῷ
4056 2584 4111 2705 ἵππῳ
4055 2356 4109 2553 χαλινόν.

4126 2820 4180 2895 ῑῗῆζ)
4127 2664 4180 2792 Quod
4125 2343 4178 2625 Asclepiades
4125 2177 4173 2304 loco,
4136 2003 4175 2135 quem
4135 1831 4175 1965 supra
4121 1548 4176 1791 posuimuS‚
4120 1279 4174 1502 Pegasum

4196 2599 4237 2797 Aurorae
4194 2353 4236 2560 traditum
4207 2222 4235 2315 esse
4192 1959 4243 2179 affirmat,
4191 1736 4233 1909 aliunde
4190 1509 4246 1694 petitum
4192 1380 4239 1470 est3
4187 1280 4229 1337 cf.

4265 2594 4307 2792 Orestem
4263 2341 4319 2562 Euripidis
4278 2270 4305 2314 v.
4260 2144 4304 2241 995.
4266 2069 4305 2112 et
4261 1819 4316 2041 Lycophr.
4276 1744 4303 1787 v.
4261 1646 4303 1714 17.

2370 783 2397 792 ν-
2409 786 2415 788 >
2446 782 2535 793 „zu-²

2602 718 2605 726 r

2543 780 2683 791 ἔγεντ’-ἐξ
2690 776 2928 789 -ΗἾ-ηᾞῐ--ε
2942 779 2991 785 2-1„
3003 784 3010 785 ε
3022 784 3025 785 ⁷

2992 699 3104 721 N-*

3075 670 3117 701 ἦ..

3098 771 3325 783 ’ψ-ν--εεννε-νςὲςτν
3332 765 3556 781 ‘cst-w&

3549 770 3638 780 -ιι-;,

3633 768 3705 779 μὴν,
