5010 3336
1154 2184 1209 2301 333

1305 2785 1357 3070 dentissime
1302 2606 1366 2754 igitur
1316 2474 1349 2577 rem
1299 2368 1347 2439 sic
1299 2128 1347 2335 instituit
1300 1925 1361 2093 poeta,
1299 1829 1344 1884 ut
1311 1690 1345 1783 non
1297 1516 1361 1646 prius
1299 1434 1349 1483 in

1391 2758 1450 3068 conspectum
1381 2546 1429 2723 theatri
1379 2269 1443 2514 prodiret,
1392 2064 1438 2234 quam,
1375 1607 1423 2029 vehementissimo
1378 1430 1426 1572 dolo-

1467 3003 1513 3069 ris
1466 2760 1529 2971 primum
1460 2434 1523 2726 erumpentis
1459 2212 1519 2398 impetu
1455 1992 1511 2178 sedatO,
1456 1782 1501 1957 mentis
1472 1591 1503 1754 rursus
1472 1429 1504 1562 com·

1560 2978 1608 3068 pos
1543 2732 1590 2930 consilia
1540 2544 1587 2689 iniret
1535 2114 1584 2494 ulciscendorum
1533 1754 1579 2066 inimicorum.
1535 1426 1599 1675 Delegavit

1632 2906 1671 3067 autem
1635 2681 1668 2851 munus
1619 2395 1665 2634 fortunam
1615 2258 1661 2361 eius
1613 1983 1673 2223 animique
1610 1734 1658 1950 habitum
1613 1425 1661 1697 declarandi

1703 2992 1758 3067 iis,
1702 2858 1763 2954 qui,
1714 2638 1747 2821 summa
1713 2511 1744 2617 cum
1711 2433 1742 2487 ea
1692 2081 1740 2405 familiaritate
1691 1798 1748 2053 coniuncti,
1696 1725 1737 1773 et
1707 1546 1753 1698 aeque
1694 1426 1740 1513 do-

1780 2922 1828 3066 lendo
1784 2821 1827 2870 et
1778 2665 1825 2787 mala
1775 2473 1823 2628 futura
1771 2094 1836 2439 praesagiendo
1784 1882 1832 2059 pavore
1776 1550 1832 1848 spectatores
1772 1424 1818 1515 im-

1860 2915 1907 3067 buere
1861 2669 1921 2882 possent.
1854 2473 1900 2605 Beue
1852 2222 1912 2438 sciteque
1850 2067 1896 2192 idem
1849 1816 1908 2041 instituit,
1854 1711 1909 1779 ut,
1856 1423 1912 1676 postquam

1940 2907 1986 3066 nutrix
1935 2608 1984 2872 timendum
1947 2463 1979 2572 esse
1931 2209 1987 2427 dixisset,
1944 2112 1975 2172 ne
1943 1986 1975 2079 non
1928 1819 1974 1963 modo
1929 1748 1975 1794 in
1944 1619 1987 1719 eos,
1946 1556 1975 1582 a
1928 1423 1991 1529 qui-

2017 2973 2066 3064 bus
2032 2884 2063 2937 se
2014 2681 2062 2851 iniuria
2011 2426 2059 2648 affectam
2026 2280 2057 2390 esse
2008 2009 2065 2246 crederet,
2006 1766 2054 1973 Medeae
2007 1519 2054 1739 immanis
2008 1422 2054 1496 ul-

2095 2851 2144 3065 ciscendi
2093 2669 2140 2818 libido
2096 2310 2155 2635 grassaretur,
2088 2189 2135 2274 sed
2086 2011 2133 2154 etiam
2101 1863 2132 1975 suos
2086 1725 2148 1830 ipsa
2087 1514 2134 1691 liberos
2101 1418 2134 1479 ex

2175 2896 2222 3066 Iasone
2176 2581 2236 2861 procreatos
2174 2390 2217 2547 morte
2168 2106 2223 2356 afficeret,
2165 1894 2211 2055 statim
2165 1740 2227 1843 ipsa
2166 1418 2213 1691 miserrima

2253 2860 2301 3065 materni
2251 2644 2300 2827 furoris
2249 2405 2314 2591 piacula
2247 2307 2294 2355 in
2249 1948 2308 2259 conspectum
2244 1514 2303 1897 adducerentur,
2248 1417 2292 1468 et

2332 2866 2395 3064 quidem
2331 2706 2379 2832 laeta
2343 2389 2389 2671 securaque,
2342 2330 2372 2355 a
2325 2029 2389 2294 puerilibus
2323 1573 2371 1995 exercitationibus
2324 1417 2372 1542 duce

2416 2743 2475 3064 praeceptore
2408 2442 2456 2709 redeuntia.

2489 2623 2536 2931 Prooemium
2485 2366 2533 2568 nutricis
2483 1992 2546 2315 indignatione
2486 1720 2545 1950 metuque
2481 1415 2529 1685 concitatae

2568 2822 2633 3061 imprimis
2582 2643 2630 2788 grave
2570 2296 2625 2608 ornatumque
2570 2170 2623 2261 est,
2563 2087 2609 2135 id
2562 1924 2623 2051 quod
2562 1754 2609 1899 etiam
2567 1543 2608 1730 veteres
2576 1416 2607 1518 me-

2650 2968 2697 3059 rito
2647 2678 2695 2932 laudarunt
2642 2589 2708 2654 *).
2644 2352 2704 2523 Neque
2649 2159 2689 2318 tamen
2640 1865 2688 2124 defuerunt
2640 1613 2687 1831 homines
2640 1412 2701 1578 frigidi

2728 2786 2790 3060 ineptique‚
2726 2654 2786 2735 qui
2722 2338 2770 2606 rectissima
2737 2075 2783 2292 quaeque
2736 1975 2767 2029 ac
2720 1526 2783 1939 praestantissima
2735 1413 2767 1493 re-

2806 2670 2871 3059 prehenderent,
2802 2492 2849 2623 velut
2800 2135 2847 2444 Timachidas
2800 1925 2847 2086 nescio
2799 1769 2861 1875 quis
2814 1574 2860 1718 aegre
2798 1413 2857 1540 tulit,

2886 2930 2949 3057 quod
2888 2581 2947 2895 praepostere
2881 2392 2945 2548 primo
2895 2180 2926 2343 navem
2878 2099 2925 2144 in
2894 1933 2925 2065 mare
2878 1625 2932 1899 demissam,
2877 1410 2924 1588 deinde

2964 2807 3013 3058 materiam
2977 2571 3009 2758 caesam
2975 2414 3008 2524 esse
2956 1795 3021 2367 commemoraretur)
2955 1611 3003 1715 Nec
2956 1410 3003 1565 minus

3043 2846 3092 3058 absurde
3041 2626 3103 2813 quidam
3039 2505 3103 2589 (ad
3055 2431 3086 2473 v.
3036 2292 3099 2395 97.)
3036 1904 3101 2248 reprehendit,
3034 1728 3097 1855 quod
3034 1408 3081 1681 lamentati-

3138 2939 3171 3056 ones
3121 2695 3169 2903 Medeae
3119 2382 3176 2663 audiantur,
3133 2227 3163 2334 cum
3123 2018 3163 2178 tamen
3114 1810 3178 1971 paullo
3120 1667 3161 1777 ante
3113 1506 3160 1632 dicta
3113 1407 3160 1472 sit

3203 2849 3252 3055 κεῖσθαι
3200 2624 3256 2799 ἄσιτος
3197 2465 3258 2591 σῶμ’
3194 2259 3258 2429 ὑφεῖσ’
3193 1960 3257 2222 ἀλγηδόσι.
3192 1709 3241 1891 Verum
3192 1562 3239 1675 talia
3193 1406 3240 1529 levia

3285 2942 3329 3054 sunt
3280 2734 3340 2910 vixque
3276 2397 3324 2691 conferenda
3290 2248 3322 2357 cum
3290 1976 3321 2196 errorum
3273 1595 3335 1942 perversitate,
3287 1406 3334 1548 quam

3363 2890 3407 3054 nostra
3363 2726 3403 2855 aetas
3356 2482 3419 2691 peperit.

3435 2700 3483 2920 Tandem
3434 2463 3490 2665 Medea,
3448 2274 3494 2418 quum
3436 2082 3479 2223 antea
3446 1854 3493 2047 semper
3445 1671 3492 1821 prona
3429 1508 3475 1639 humi
3429 1403 3475 1475 ia-

3517 2857 3574 3050 cuisset,
3514 2662 3561 2830 dolore
3514 2496 3571 2635 victa,
3512 2310 3558 2468 cibum
3527 2030 3573 2281 respuens,
3510 1795 3556 2003 lacrimis
3508 1403 3567 1767 contabescens,

3595 2918 3658 3050 rupis
3595 2713 3650 2881 instar,
3592 2601 3639 2676 cui
3592 2391 3638 2563 fluctus
3590 2133 3647 2361 alludunt,
3590 1899 3636 2096 immota
3595 1571 3650 1882 torpensque,
3591 1401 3634 1534 muta

3679 2855 3738 3048 praeter
3671 2449 3719 2821 exclamationes
3669 2184 3731 2413 quasdem
3674 2100 3715 2147 et
3668 1834 3729 2067 gemitus,
3668 1664 3712 1783 haec
3666 1484 3728 1628 igitur
3664 1400 3712 1451 in

3757 2861 3800 3048 tantum
3752 2671 3798 2827 subito
3750 2421 3797 2635 furorem
3748 2150 3811 2383 erumpit,
3752 1986 3794 2117 tanto
3746 1740 3793 1950 clamore
3761 1654 3791 1707 se
3753 1570 3791 1618 et
3744 1401 3791 1543 mari-

3837 2943 3880 3047 tum
3847 2799 3878 2908 cum
3845 2588 3894 2764 sponsa
3834 2355 3891 2554 totaque
3827 2179 3875 2321 domo
3827 2014 3889 2144 regia
3830 1714 3886 1965 exsecrat,
3828 1536 3871 1668 tanta
3824 1400 3872 1495 ira-

4025 2940 4077 2986 ⁹⁶)
4024 2736 4065 2908 Schol.:
4021 2442 4064 2688 ἐπαινεῖται
4018 2350 4063 2398 δὲ
4016 2282 4073 2310 ἡ
4016 2066 4072 2235 εἰςβολὴ
4015 1948 4059 2024 διὰ
4015 1859 4059 1909 τὸ
4017 1552 4073 1819 περιπαθῶς
4010 1396 4070 1512 ἄγαν

4091 2796 4146 2906 ἔχειν
4091 2690 4134 2766 καὶ
4094 2568 4139 2665 ταῖς
4089 2338 4146 2537 ἐκβολαῖς
4082 2259 4130 2307 εὖ
4087 1970 4142 2229 κεχρῆσθαι.

4162 2931 4215 3011 W)
4162 2749 4204 2907 Merito
4162 2652 4202 2706 ob
4160 2566 4202 2611 id
4159 2293 4214 2527 castigatus
4162 2186 4199 2249 est
4170 2121 4198 2148 a
4156 1845 4200 2082 scholiasta
4154 1783 4200 1807 ό
4152 1514 4211 1740 ἀγνοήσας
4149 1396 4196 1476 τὰν

4229 2732 4287 2901 τρόπον
4230 2622 4287 2703 τῆς
4228 2374 4286 2594 ποιήσεως
4225 2095 4283 2346 ποιητικόν.

3548 702 3565 709 A
3615 712 3618 713 γ

3096 724 3098 726 .
3117 740 3124 745 ἡ
3447 731 3496 750 .›

3092 808 3101 810 -
3125 800 3611 811 -a-s--s--a—-v-qu
3648 798 3739 807 ae-n,
3762 803 3775 806 -

3204 828 3234 833 „-
3252 828 3258 831 .
3274 827 3308 833 ,-.
3327 826 3427 832 ‚m
3459 822 3914 832 -,......-...‡„„..-.‘,..-....2-„-..„
3928 822 3967 826 -,.

3955 812 3958 813 ⁷
3972 789 4153 836 :12:³³

3980 770 4023 781 .·‘-
4041 768 4057 778 ιν
4086 771 4101 776 ..
4121 767 4249 778 “db-h,
4264 766 4288 775 ,μ

3787 775 3791 778 ,
3836 772 3927 783 ,,,.,.,

3799 795 3959 805 ,ε-ἱκ--ν-φ-ε-

4302 764 4349 774 -κι
4371 767 4375 772 v
