5010 3336
2478 3267 2507 3324 ,1.’111

1044 2111 1099 2227 491

1202 2703 1265 2866 lpsum
1195 2399 1250 2667 canticum,
1191 2232 1253 2361 quod
1188 1961 1244 2196 diximus,
1201 1899 1232 1924 a
1181 1684 1231 1865 laetitia
1180 1591 1228 1650 ad
1179 1338 1227 1555 dolorem

1280 2703 1331 2995 deflectitur.
1275 2454 1323 2635 Iniecta
1272 2277 1318 2406 enim
1268 2077 1330 2230 patris
1265 1756 1320 2028 mentione,
1277 1600 1309 1708 cum
1259 1336 1307 1553 Xuthum

1360 2778 1408 2993 laetitiae
1355 2456 1420 2745 participem
1351 2312 1396 2419 {ieri
1348 2116 1394 2279 iubeat
1346 1772 1398 2081 adolescenS,
1340 1538 1387 1722 Creusa
1339 1443 1385 1505 ad
1337 1334 1383 1410 fa-

1438 2847 1487 2993 tenda
1453 2739 1494 2812 ea,
1449 2580 1495 2704 quae
1432 2391 1477 2544 filium
1427 2218 1474 2363 celari
1425 1992 1481 2193 studuit,
1421 1668 1469 1953 adducitur:
1434 1538 1481 1631 qua
1418 1466 1463 1515 in
1431 1332 1462 1447 con—

1516 2775 1564 2993 fessione
1530 2630 1560 2740 cum
1511 2408 1575 2596 pudore
1506 2237 1554 2373 dolor
1504 1972 1561 2219 miscetur,
1516 1789 1563 1935 quum
1497 1466 1545 1752 recordetur
1499 1329 1541 1433 tum

1596 2838 1643 2990 durae
1591 2495 1639 2803 necessitatis
1623 2461 1644 2473 ‚
1602 2333 1648 2423 qua
1586 2128 1629 2297 coacta
1581 1858 1627 2094 infantem
1580 1772 1624 1822 iu
1578 1527 1624 1723 deserto
1589 1328 1637 1482 specu

1672 2728 1733 2990 abiecerit,
1676 2590 1717 2690 tum
1667 2377 1715 2553 atrocis
1664 2091 1720 2342 fortunae,
1676 1962 1721 2055 qua
1663 1772 1705 1929 mater
1661 1687 1703 1737 et
1656 1524 1702 1655 filius
1669 1434 1701 1488 se
1653 1324 1700 1400 in-

1754 2834 1799 2988 vicem
1750 2502 1798 2785 interficere
1744 2298 1792 2455 conati
1743 2147 1788 2255 sint.
1739 1970 1786 2080 Non
1735 1654 1785 1925 dissimulat
1733 1323 1781 1610 adolescens

1836 2772 1890 2986 metum,
1844 2658 1876 2719 ne
1831 2470 1874 2623 mater
1822 2240 1869 2424 furtiva
1818 2010 1867 2206 Venere
1818 1812 1864 1977 vitiata
1813 1509 1878 1777 effugiendi
1811 1322 1859 1473 dede-

1911 2857 1958 2984 coris
1923 2650 1955 2821 caussa
1905 2534 1952 2615 dei
1903 2390 1950 2488 vim
1900 1980 1965 2345 potentiamque
1904 1775 1958 1945 stupro
1896 1473 1958 1741 praetexat.
1890 1319 1937 1405 Illa

1996 2932 2038 2984 et
1984 2591 2035 2900 iureiurando
1982 2245 2029 2554 sanctissimo
1979 2081 2024 2209 dicta
1976 1788 2023 2046 confirmat
1978 1690 2020 1740 et
1972 1559 2020 1640 dei
1985 1319 2034 1527 respon-

2084 2873 2116 2980 sum
2066 2639 2113 2837 minime
2062 2518 2109 2615 illis
2075 2220 2123 2494 repugnare
2059 2038 2104 2199 docet.
2052 1645 2101 1971 Nihilominus
2050 1317 2103 1623 adolescens,

2147 2932 2194 2984 id
2144 2768 2208 2896 quod
2143 2534 2191 2733 minime
2140 2228 2187 2500 mirandum
2141 2087 2194 2190 est,
2135 1960 2182 2039 dei
2133 1772 2197 1927 ipsius
2130 1455 2178 1735 testimonio
2143 1316 2176 1422 rem

2224 2703 2274 2981 confirmari
2222 2506 2283 2668 cupit:
2218 2402 2264 2461 ad
2234 2222 2279 2365 quem
2213 1839 2263 2185 consulendum
2227 1654 2272 1803 quum
2210 1574 2256 1622 in
2213 1311 2272 1539 penetra-

2307 2914 2353 2980 lia
2306 2695 2351 2879 intrare
2301 2481 2359 2660 vellet,
2300 2386 2345 2433 in
2296 2145 2355 2340 fastigio
2294 1909 2341 2100 aedium
2290 1602 2337 1873 Minervam
2286 1312 2350 1566 conspicit,

2400 2834 2432 2978 curru
2398 2710 2445 2800 per
2396 2515 2427 2676 aerem
2385 2274 2435 2479 vectam,
2383 2186 2422 2239 ut
2375 2046 2420 2154 rice
2370 1787 2435 2028 Apollinis
2370 1547 2417 1752 obscura
2367 1305 2430 1513 aperiat,

2465 2774 2511 2977 deorum
2460 2521 2509 2721 consilia
2457 2237 2519 2478 explicet,
2454 2028 2501 2189 sutura
2451 1718 2514 1982 praedicat.
2448 1447 2495 1634 Adiicit
2445 1307 2493 1399 dea

2559 2852 2605 2976 quae
2542 2755 2588 2816 ad
2542 2643 2588 2719 sui
2538 2440 2602 2608 populi
2537 2204 2599 2405 gloriam
2533 1892 2598 2170 pertinent,
2519 1593 2575 1849 'ambarum
2527 1304 2574 1558 continen-

2624 2853 2670 2975 tium
2626 2573 2668 2815 terrarum
2618 2443 2664 2534 sibi
2618 2066 2670 2406 obversarum,
2611 1883 2658 2030 Asiae
2608 1505 2671 1849 Europaeque,
2606 1303 2652 1473 littora

2718 2864 2749 2973 cum
2700 2655 2747 2829 insulis
2696 2222 2745 2619 interiacentibus
2694 2128 2739 2185 ab
2691 1964 2738 2091 Ionis
2688 1723 2753 1932 posteris
2686 1415 2734 1684 habitatum
2683 1301 2742 1379 iri,

2796 2910 2828 2971 ex
2779 2709 2827 2877 Xutho
2785 2512 2825 2674 autem
2782 2413 2822 2463 et
2774 2193 2820 2377 Creusa
2772 1946 2819 2157 orituros
2783 1783 2821 1898 eOS,
2766 1652 2828 1735 qui
2763 1300 2812 1619 Doriensibus

2864 2823 2923 2971 atque
2857 2565 2906 2777 Achaeis
2854 2355 2916 2520 stirpis
2856 2079 2898 2307 auctores
2849 1919 2895 2031 sint.
2846 1757 2892 1850 His
2844 1470 2907 1703 expositis
2844 1298 2891 1426 bene

2955 2890 2987 2969 res
2943 2802 2985 2852 et
2935 2448 2984 2767 salutaritera
2933 2333 2979 2427 diis
2930 1951 2978 2309 administratas
2941 1811 2973 1922 esse
2940 1622 2972 1791 omnes
2922 1296 2984 1587 intelligunt,

3024 2915 3066 2966 et
3018 2749 3076 2881 laeti,
3020 2512 3079 2714 agentes
3013 2382 3058 2474 diis
3010 2149 3074 2347 gratias,
3024 2002 3055 2111 cum
3007 1840 3054 1967 bona
3021 1686 3067 1805 spe,
3004 1439 3051 1651 ducente
3001 1297 3060 1404 dea,

3098 2742 3146 2962 Athenas
3096 2380 3141 2707 revertuntur.

3172 2619 3221 2833 Multum
3185 2402 3233 2582 operae
3166 2187 3214 2365 frustra
3164 1927 3213 2152 insumsit
3163 1832 3211 1893 G.
3162 1479 3217 1806 Hermannus,
3175 1294 3222 1442 quum

3254 2741 3302 2962 studeret
3250 2492 3297 2705 Creusae
3264 2182 3311 2455 personam,
3261 2049 3293 2146 non
3243 1871 3302 2015 Ionis,
3241 1556 3306 1836 primariam
3255 1410 3287 1520 esse
3238 1294 3285 1376 ef-

3336 2795 3382 2964 ficere.
3330 2608 3378 2717 Non
3344 2360 3376 2559 curasse
3328 2222 3374 2317 hoc
3329 1983 3389 2179 poetam
3330 1885 3371 1934 et
3321 1617 3369 1837 consulto
3319 1292 3380 1567 ambiguum

3414 2779 3462 2963 fecisse
3410 2509 3466 2744 arbitror;
3407 2187 3467 2455 eademque
3419 1838 3469 2153 personarum
3402 1682 3448 1803 ratio
3406 1545 3447 1649 tum
3400 1459 3445 1509 in
3396 1291 3460 1423 [phi-

3494 2819 3559 2959 genia
3489 2572 3538 2785 Taurica
3494 2422 3534 2526 tum
3488 2338 3533 2386 in
3486 2058 3549 2304 plerisque
3483 1846 3531 2022 sabulis
3484 1592 3544 1810 apparet.
3478 1290 3525 1523 Ceterum

3573 2799 3637 2958 primo
3568 2613 3616 2763 actori
3574 2414 3631 2577 partes
3566 2136 3622 2376 Creusae,
3562 1873 3610 2087 secundo
3562 1711 3610 1840 Ionis
3559 1477 3607 1660 delatas
3557 1288 3603 1444 fuisse

3652 2811 3699 2957 facile
3648 2480 3711 2793 intelligitur3
3647 2276 3693 2447 tertius
3643 2002 3700 2250 Mercurii,
3642 1807 3700 1973 Xuthi,
3638 1490 3703 1772 paedagogi,
3635 1286 3695 1463 nuntii,

3730 2746 3794 2957 Pythiae
3732 2660 3774 2710 et
3726 2380 3773 2633 Minervae
3732 2197 3786 2365 partes
3722 1741 3785 2175 complectebatur.
3718 1434 3773 1673 Xuthum,
3731 1288 3761 1398 cum

3812 2901 3859 2951 in
3807 2670 3870 2867 fastigio
3808 2460 3854 2635 montis
3803 1983 3851 2430 connnorareturin
3802 1810 3849 1964 sacris
3804 1541 3863 1789 operatus,
3796 1286 3857 1503 effugere

3890 2730 3953 2953 potuisse
3903 2622 3943 2695 ea,
3902 2461 3949 2585 quae
3890 2328 3931 2436 ante
3883 2058 3946 2295 templum
3886 1971 3928 2022 et
3882 1890 3928 1938 in
3882 1733 3928 1855 urbe
3880 1444 3943 1707 agerentur
3889 1286 3936 1409 quo-

3984 2742 4030 2950 rumque
3967 2456 4014 2707 universus
3964 2120 4023 2420 Delphorum
3961 1862 4025 2073 populus
3960 1580 4023 1829 particeps
3959 1382 4014 1542 esset,
3957 1282 3999 1332 et

4047 2724 4110 2948 potuisse
4046 2628 4093 2690 de
4045 2377 4093 2592 celandis
4044 2265 4101 2341 iis,
4058 2106 4104 2228 quae
4041 1870 4088 2090 Minerva
4039 1677 4103 1836 palam
4033 1284 4100 1643 pronuntiaret,

4125 2717 4188 2948 cogitari,
4141 2558 4172 2669 cum
4124 2310 4171 2515 veritate
4138 2059 4184 2276 pugnare
4120 1817 4170 2027 videtur.
4118 1646 4165 1747 Sed
4116 1509 4163 1612 eius
4111 1282 4175 1474 generis

4205 2642 4253 2947 incommoda
4221 2567 4251 2595 a
4203 2389 4252 2521 nullo
4202 2235 4250 2343 fere
4202 1960 4249 2181 dramate
4200 1736 4248 1911 absunt
4210 1531 4258 1690 neque
4194 1280 4255 1484 propter
