5010 3336
4036 2146 4092 2227 40

3907 1342 3951 1391 et
3906 1425 3955 1563 binas
3904 1598 3952 1674 vel
3903 1710 3945 1874 ternas
3886 1911 3933 2144 personas
3896 2180 3944 2229 in
3895 2265 3928 2413 scena
3878 2436 3937 2635 agentes
3885 2662 3938 2862 videat‘?
3881 2899 3934 3025 Tres

3827 1339 3874 1467 enim
3809 1500 3858 1739 personas
3822 1772 3872 1888 huic
3804 1923 3852 2118 quoque
3815 2154 3864 2385 dramatis
3798 2434 3859 2563 parti
3795 2608 3855 2826 agendae
3802 2871 3851 3025 suffe—

3746 1339 3796 1471 cisse
3729 1515 3793 1785 intelliges,
3742 1838 3789 1881 si
3736 1928 3789 2184 Minervae
3720 2232 3766 2487 personam
3730 2538 3764 2634 non
3710 2688 3767 3023 conspectam,

3668 1338 3716 1426 sed
3666 1472 3710 1658 tantum
3648 1709 3712 1988 loquentem
3655 2034 3704 2249 auditam
3652 2286 3685 2398 esse
3634 2462 3697 2717 reputabis
3634 2744 3698 2813 ³⁴¹).
3643 2882 3693 3023 Euri-

3572 1333 3636 1504 pideS‚
3571 1553 3618 1701 quum
3584 1737 3631 1787 in
3564 1825 3628 2123 explicandis
3563 2158 3623 2245 iis,
3558 2298 3604 2423 quae
3570 2459 3612 2597 extra
3567 2634 3600 2830 scenam
3547 2866 3596 3017 agun-

3498 1331 3553 1432 tur,
3505 1469 3553 1686 omnium
3487 1723 3545 1979 poetarum
3482 2017 3546 2419 diligentissimus
3476 2469 3531 2631 esset,
3485 2686 3529 2846 tamen
3481 2892 3531 3023 idem

3429 1332 3477 1460 scite
3408 1504 3473 1902 prudenterque,
3419 1966 3465 2005 si
3401 2056 3448 2149 qua
3409 2199 3460 2603 manifestissime
3390 2654 3439 2889 expressa
3403 2937 3434 3022 an-

3333 1330 3393 1503 gustos
3345 1549 3394 1644 loci
3325 1692 3388 2059 temporisque,
3322 2108 3383 2284 quibus
3331 2331 3364 2410 res
3311 2446 3377 2850 includebantur,
3322 2898 3371 3022 fines

3254 1327 3317 1595 migratura
3250 1632 3306 1786 erant,
3257 1826 3306 2109 obscuravit
3237 2145 3302 2443 celavitque:
3248 2480 3295 2611 velut
3246 2646 3294 2695 in
3242 2730 3292 2936 Hecuba
3240 2961 3290 3023 de

3189 1326 3238 1492 reditu
3188 1528 3235 1575 in
3168 1622 3217 1791 agrum
3163 1840 3230 2134 Troianum,
3173 2187 3221 2235 in
3157 2284 3203 2380 quo
3153 2427 3218 2677 Polyxena
3160 2724 3212 3022 immolanda

3102 1325 3159 1441 fuit,
3109 1478 3142 1540 ne
3103 1575 3150 1776 verbum
3086 1815 3147 2011 quidem
3093 2046 3143 2197 dixit:
3091 2249 3139 2377 intra
3088 2431 3136 2574 unius
3086 2611 3133 2738 enim
3069 2779 3129 3020 carminis,

3016 1325 3076 1457 quod
3030 1494 3060 1519 a
3024 1558 3074 1711 choro
3005 1761 3062 2009 cantatur,
2998 2062 3060 2273 spatium
3008 2324 3053 2508 tantam
3006 2560 3037 2666 rem
2988 2711 3050 2885 perfici
2983 2929 3033 3019 po-

2948 1321 2998 1481 tuisse
2944 1510 2979 1656 nemo
2941 1686 2975 1782 non
2921 1806 2986 2086 miraretur,
2934 2126 2980 2165 si
2930 2190 2977 2370 mentio
2925 2399 2975 2545 fieret
2924 2570 2973 2775 itineris.
2920 2830 2970 3020 Eadem

2867 1321 2916 1514 ratione
2865 1563 2913 1611 in
2861 1661 2910 1753 hac
2857 1804 2907 1968 fabula
2851 2006 2901 2241 cubilium
2849 2278 2898 2385 loca
2844 2419 2891 2786 accuratissime
2841 2827 2890 3017 descri-

2788 1321 2837 1442 bere
2769 1478 2833 1672 omisit,
2765 1718 2813 1879 neque
2760 1915 2820 2131 urgenda
2770 2168 2812 2283 sunt
2753 2333 2799 2456 quae
2765 2513 2814 2575 de
2762 2610 2812 2850 industria
2759 2887 2807 3017 cela-

2705 1319 2756 1404 vit.
2702 1473 2754 1741 Extremus
2697 1777 2747 1914 locus
2676 1950 2740 2228 assignatur
2672 2263 2738 2568 Thracibus,
2684 2617 2726 2666 et
2679 2702 2730 3015 nihilominus

2628 1318 2659 1348 a
2622 1383 2677 1692 Graecorum
2618 1731 2665 1904 castris
2613 1940 2659 2120 remoti
2609 2170 2658 2327 fuisse
2607 2375 2655 2604 dicuntur
2590 2652 2651 2749 sic,
2589 2795 2644 2873 ut,
2599 2925 2646 3016 nisi

2542 1317 2597 1643 Troianorum
2538 1680 2587 1923 cubilibus
2522 1959 2581 2208 traiectis,
2530 2246 2575 2306 ad
2529 2342 2575 2453 illos
2511 2489 2568 2752 penetrare
2505 2788 2567 3013 specula-

2465 1316 2512 1454 tores
2448 1488 2509 1713 potuisse
2444 1746 2499 2005 negentur.
2449 2077 2501 2401 Statuendum
2431 2455 2494 2604 igitur
2443 2652 2484 2729 est
2438 2789 2490 3012 Thraces

2371 1313 2428 1431 post
2383 1466 2433 1708 Troianos
2377 1744 2427 2011 collocatos
2371 2034 2423 2192 fuisse
2356 2221 2417 2309 sic,
2355 2346 2410 2414 ut,
2351 2455 2397 2604 quum
2349 2631 2402 2823 partem
2357 2853 2407 3010 Grae-

2307 1313 2354 1385 cis
2303 1422 2352 1675 adversam
2287 1711 2349 1793 hi,
2298 1844 2346 1918 illi
2292 1966 2326 2186 aversam
2290 2223 2333 2272 et
2290 2306 2336 2367 ad
2286 2403 2333 2577 urbem
2266 2613 2322 2896 vergentem
2276 2935 2321 3007 te—

2211 1311 2266 1519 nerent,
2220 1578 2267 1787 extremi
2201 1822 2264 2022 utrique
2210 2069 2260 2297 collocati
2207 2332 2256 2487 fnisse
2204 2523 2247 2662 recte
2194 2709 2246 3006 dicerentur.

2146 1312 2196 1413 Sed
2144 1448 2192 1565 huic
2140 1602 2187 1775 rationi
2134 1809 2182 2007 obstare
2116 2042 2179 2259 videtur,
2112 2307 2174 2437 quod
2121 2489 2174 2714 Minerva
2114 2752 2168 3005 Thracum

2064 1310 2113 1488 cubilia
2047 1525 2109 1679 digito
2054 1717 2104 1983 ostendens
2035 2032 2096 2253 proxima
2046 2300 2095 2382 illa
2044 2429 2075 2542 esse
2038 2590 2090 2821 Hectoris
2034 2858 2082 3006 cubili

1971 1309 2034 1566 significat.
1976 1637 2028 1809 Potest
1973 1843 2018 2008 tamen
1969 2043 2018 2166 haec
1949 2221 1998 2416 quoque
1961 2459 2010 2727 difficultas
1940 2775 2004 2910 tolli,
1954 2961 2001 3004 si

1902 1306 1955 1541 Hectoris
1899 1579 1946 1741 cubile
1897 1776 1944 1823 in
1890 1860 1938 2095 extremis
1885 2132 1936 2454 Troianorum
1880 2493 1929 2735 cubilibus
1878 2756 1909 2810 ea
1861 2839 1916 3000 parte,

1812 1306 1858 1400 qua
1822 1428 1871 1551 haec
1817 1577 1869 1829 Thracum
1811 1860 1861 2100 cubilibus
1792 2135 1856 2480 iungebantur,
1798 2519 1850 2813 collocatum
1792 2840 1845 3001 fuisse

1739 1307 1789 1596 statuamus.

1655 1435 1708 1786 Admirabilem
1651 1851 1685 1963 esse
1644 2025 1696 2260 dramatis
1638 2313 1685 2607 structuram
1636 2660 1679 2712 et
1635 2767 1682 2828 ad
1631 2888 1663 2994 mo-

1580 1301 1630 1487 vendos
1561 1562 1619 1869 spectatores
1552 1943 1615 2248 aptissimam
1560 2315 1607 2435 satis
1557 2498 1605 2547 in
1553 2611 1604 2863 lustrando
1550 2934 1582 2994 eo

1498 1301 1546 1579 ostendisse
1495 1612 1542 1731 mihi
1489 1766 1540 1954 videor.
1484 2022 1533 2180 Huius
1480 2204 1524 2366 autem
1478 2389 1525 2461 rei
1475 2494 1526 2787 efficiendae
1470 2820 1505 2995 caussa

1406 1297 1470 1440 plura
1400 1468 1467 1734 Euripides
1408 1771 1456 1965 novavit
1406 2000 1449 2050 et
1405 2083 1436 2110 a
1385 2144 1447 2364 vestigiis
1397 2414 1445 2619 Homeri
1378 2666 1441 2863 saepius
1389 2911 1421 2992 re-

1340 1296 1388 1476 cessit:
1322 1511 1370 1673 neque
1330 1709 1379 1839 enim
1325 1876 1375 2047 eadem
1321 2084 1369 2246 omnia
1302 2277 1361 2393 ‘apta
1316 2430 1359 2545 sunt
1300 2579 1363 2755 spissis
1309 2782 1360 2991 theatris

1261 1295 1309 1400 sive
1241 1435 1291 1640 magnae
1231 1673 1301 2048 frequentisque
1240 2099 1289 2308 civitatis
1220 2359 1285 2569 popum,
1218 2621 1277 2767 atque
1212 2815 1262 2988 regum

1178 1293 1228 1507 convivis
1158 1531 1224 1833 rhapsodum
1148 1861 1214 2201 audientibus3
1159 2231 1206 2318 sed
1143 2336 1203 2590 quaedam,
1139 2622 1185 2717 quo
1149 2742 1198 2861 fiant
1148 2884 1180 2985 ma—

1081 1291 1151 1565 nifestiora‚
1076 1608 1139 1845 augenda,
1080 1884 1131 2165 extollenda
1079 2204 1123 2253 et
1061 2293 1123 2529 oppositIS
1072 2555 1119 2700 rebus
1068 2727 1116 2985 contrariis

1018 1294 1036 1745 -ᾕῇ
1024 2452 1049 2475 2

911 1346 964 1386 *)
922 1420 962 1489 Cf.
916 1526 959 1674 Vater.
913 1698 955 1864 Vindic.
898 1893 937 1936 p.
898 1966 952 2070 LV„
894 2104 946 2176 qui
891 2201 946 2379 quidem
898 2411 940 2585 duobus
895 2612 937 2837 actoribus
891 2867 936 2981 hane

845 1432 892 1635 fabulam
842 1666 880 1813 actam
839 1840 868 1936 esse
837 1970 880 2063 sine
832 2082 878 2243 idonea
828 2267 859 2423 caussa
812 2449 867 2698 suspicatus
823 2724 861 2801 cst.
