5010 3336
3939 2151 3999 2273 254

3800 1368 3848 1486 puS,
3812 1539 3846 1635 non
3808 1672 3859 1846 effodit
3793 1880 3855 2081 oculos,
3800 2133 3835 2229 non
3779 2263 3847 2513 abrumpit
3790 2546 3843 2695 vitam
3768 2731 3837 2921 laqueo,
3777 2955 3826 3042 sed

3720 1365 3767 1540 magno
3730 1574 3779 1733 animo
3727 1768 3776 1873 fert
3707 1908 3757 2226 quaecunque
3717 2260 3764 2386 mala
3714 2422 3762 2502 dei
3694 2538 3760 2894 imposuerunt.

3648 1497 3701 1813 Commodius
3628 1848 3693 2117 utiliusque
3641 2152 3688 2210 ab
3620 2247 3687 2487 Euripide
3616 2537 3663 2680 quam
3628 2729 3658 2755 a
3607 2792 3673 3040 Sophocle

3572 1361 3622 1574 fabulam
3565 1614 3616 1966 conformatam
3562 2004 3595 2115 esse
3560 2167 3591 2226 ex
3557 2261 3606 2339 his
3551 2375 3600 2587 arbitror
3538 2620 3596 2923 intellectum
3537 2959 3587 3037 iri.

3495 1360 3544 1481 Nam
3493 1519 3536 1569 et
3474 1605 3521 1758 quae,
3484 1807 3534 1969 iudice
3466 2005 3529 2298 Aristotele,
3474 2334 3522 2417 hic
3470 2451 3519 2611 minus
3462 2645 3514 2926 verisimilia
3459 2962 3506 3036 ef-

3399 1357 3463 1581 finxerat,
3396 1618 3457 1798 vitavit,
3406 1836 3447 1884 et
3402 1919 3449 2073 multo
3384 2110 3448 2296 planius
3379 2332 3426 2548 sensum,
3374 2586 3435 2666 qui
3366 2699 3435 2894 fabulae
3378 2916 3425 3033 sub—

3333 1354 3382 1512 iectus
3318 1550 3373 1654 est,
3322 1690 3374 2058 demonstravit.
3303 2128 3367 2300 Neque
3295 2335 3362 2587 Euripidis
3305 2624 3354 2792 drama
3301 2824 3342 2906 aut
3298 2939 3346 3030 So·

3240 1352 3302 1545 phoclis
3250 1586 3293 1668 aut
3230 1701 3294 2034 reliquorum,
3225 2069 3286 2148 qui
3237 2190 3285 2238 in
3232 2273 3281 2446 eodem
3213 2487 3266 2771 argumento
3217 2812 3266 3030 ornando

3159 1348 3222 1546 plurimi
3152 1583 3218 1918 elaborarunt,
3160 1970 3210 2148 fabulis
3150 2200 3204 2513 obscuratum
3145 2561 3194 2717 fuisse
3142 2768 3173 2827 ex
3122 2875 3171 3027 opere

3080 1347 3141 1558 quodam
3088 1594 3137 1781 caelato
3066 1815 3132 2128 intelligitur,
3062 2178 3109 2273 quo
3067 2320 3115 2602 excaecatio
3046 2639 3113 2817 Oedipi
3059 2854 3091 2913 ea
3057 2946 3088 3025 ra-

3002 1345 3062 1512 tione,
2995 1560 3041 1701 quam
3005 1746 3054 1884 finxit
2984 1918 3051 2208 Euripides,
2973 2258 3030 2684 repraesentatum
2982 2730 3029 2795 cf.
2974 2833 3028 3022 Welck.

2918 1342 2966 1391 p.
2928 1426 2977 1538 539.
2911 1610 2977 1885 Scriptores
2910 1910 2962 2092 autem,
2902 2130 2964 2211 qui
2915 2239 2962 2296 ad
2911 2324 2959 2438 illud
2887 2471 2951 2789 respexerint,
2895 2827 2940 3023 exstant

2839 1339 2901 1586 Aelianus,
2829 1624 2896 1939 Athenaeus,
2824 1978 2888 2185 Strabo,
2817 2224 2883 2544 PlutarchuS,
2810 2581 2875 2866 Erotianus,
2816 2902 2865 3017 Cle-

2772 1338 2805 1476 mens
2756 1509 2818 1666 Alex.,
2751 1706 2814 1964 Stobaeus,
2741 2001 2808 2283 Hesychius
2735 2308 2799 2502 aliique,
2732 2539 2779 2660 quos
2727 2692 2775 2839 supra
2737 2861 2786 3015 nomi-

2676 1335 2739 1585 navimus3
2669 1623 2734 1838 denique
2664 1872 2728 2010 plura
2658 2047 2726 2302 Euripidis
2666 2337 2719 2554 imitatus
2663 2590 2706 2668 est
2658 2702 2713 2905 Seneca.

2372 1870 2425 1937 Β.
2359 2019 2421 2454 Aeolus.

2239 1455 2288 1528 De
2221 1574 2277 1861 argumento
2225 1919 2279 2192 luculenter
2221 2244 2269 2391 docet
2202 2438 2267 2697 Dionysius
2210 2746 2262 2856 Hal.
2206 2893 2259 2998 Art.

2158 1322 2209 1449 rhet.
2143 1486 2207 1568 lx,
2144 1600 2203 1704 11.,
2140 1751 2186 1847 quo
2150 1892 2200 2000 loco
2129 2037 2192 2260 exempla
2126 2297 2173 2483 ponens
2137 2518 2183 2616 τοῦ
2120 2648 2189 2799 ἕτερα
2115 2831 2184 3000 λέγειν

2081 1319 2131 1407 καὶ
2062 1451 2132 1599 ἔτερα
2070 1644 2126 1959 διοικεῖσθαι
2068 2005 2117 2129 haec
2063 2172 2113 2299 inter
2061 2345 2108 2436 alia
2043 2471 2105 2692 profert:
2049 2746 2103 2877 ἀλλὰ
2046 2908 2098 2997 καὶ

1980 1317 2050 1615 Εὐριπίδης
1994 1660 2045 1727 δι’
1990 1776 2044 1917 ὅλων
1972 1961 2037 2138 λόγων
1964 2183 2034 2488 διοικήσεως
1957 2531 2022 2702 σχῆμα
1955 2743 2019 2994 περαίνει.

1900 1316 1968 1594 Πρότερον
1912 1620 1965 1675 δὲ
1895 1702 1962 1949 δείξωμεν
1906 1976 1960 2033 έν
1888 2057 1956 2160 ὅλῳ
1884 2191 1953 2415 δράματι
1896 2441 1950 2498 ἐν
1878 2520 1946 2664 μέρει
1890 2688 1941 2790 τινὶ
1869 2823 1933 2994 σχῆμα

1820 1314 1888 1701 διοικούμενον.
1827 1764 1885 1856 Ἐν
1812 1897 1871 1967 τῷ
1806 2017 1875 2193 Αἰόλῳ
1820 2239 1870 2268 ὁ
1800 2316 1865 2608 Μακαρεύς
1808 2642 1862 2782 ἐστιν
1787 2815 1857 2991 ὁμιλή-

1745 1312 1796 1407 σας
1737 1441 1797 1505 τῇ
1733 1541 1802 1745 ἀδελφῇ
1746 1781 1798 1869 καὶ
1731 1901 1793 2206 λανθάνων,
1737 2244 1787 2333 καὶ
1717 2370 1781 2755 συμβουλεύων
1709 2788 1769 2860 τῷ
1722 2894 1756 2990 πα-

1661 1308 1725 1391 τρὶ
1662 1438 1723 1529 τὰς
1651 1580 1720 1813 ἀδελφὰς
1652 1858 1710 1968 τοῖς
1642 2015 1711 2266 ἀδελφοῖς
1635 2319 1700 2643 συνοικίσαι,
1644 2696 1697 2783 ἵνα
1643 2816 1694 2875 τὸ
1641 2912 1692 2986 οἰ-

1591 1305 1640 1454 κεῖον
1570 1489 1640 1831 διοικήσηται.
1580 1883 1631 1992 Καὶ
1566 2016 1630 2186 οὕτως
1556 2206 1627 2572 ἐσχημάτισται
1565 2600 1617 2629 ὁ
1549 2650 1615 2806 λόγος
1543 2826 1604 2984 κοινῇ

1494 1299 1561 1488 γνώμῃ
1507 1537 1557 1625 καὶ
1483 1676 1551 1976 συμβουλῇ.
1494 2059 1543 2199 Alter
1491 2251 1538 2394 testis
1486 2441 1519 2536 non
1484 2570 1532 2727 minus
1465 2759 1530 2982 locuples

1432 1299 1473 1379 est
1409 1412 1478 1900 Pseiuloplutarchus
1418 1938 1465 1985 in
1400 2020 1461 2266 parallelis
1395 2300 1442 2347 p.
1390 2380 1455 2662 3120128).
1404 2689 1434 2733 n.
1401 2756 1449 2834 28.
1399 2866 1433 2978 cum

1349 1299 1401 1515 Stobaeo
1344 1542 1395 1703 Serm.
1326 1728 1391 1904 LXIV,
1336 1932 1381 2010 35.
1319 2041 1365 2089 p.
1334 2118 1380 2243 404:
1315 2292 1379 2514 Αἴολος,
1323 2549 1373 2655 τῶν
1321 2682 1373 2815 κατὰ
1302 2847 1370 2977 Τυρ-

1255 1298 1324 1489 ῥηνίαν
1251 1524 1319 1771 βασιλεὺς
1244 1817 1308 2022 τόπων,
1235 2075 1304 2220 ἔσχεν
1236 2264 1300 2316 ἐξ
1230 2351 1302 2642 Ἀμφιθέας
1223 2674 1290 2977 θυγατέρας

1178 1292 1243 1347 ἓξ
1188 1374 1241 1464 καὶ
1174 1492 1237 1643 ἴσους
1164 1667 1232 1910 α’ῤῥενας.
1155 1977 1226 2270 Μακαρεὺς
1166 2298 1218 2354 δὲ
1165 2380 1216 2411 ὁ
1159 2445 1212 2748 νεώτατο
1149 2767 1190 2793 ς
1141 2819 1210 2973 ἔρωτι

1091 1292 1161 1563 διέφθειρε
1085 1607 1151 1763 μίαν,
1079 1812 1146 1848 ἦ
1092 1896 1144 1951 δὲ
1087 1991 1139 2210 παιδίον
1069 2244 1139 2465 ἐκύησεν
1066 2489 1132 2554 *).
1073 2630 1127 2870 Τεκοῦσα
1071 2915 1124 2972 δὲ

961 1363 1015 1402 *)
968 1433 1013 1617 Rectius
961 1647 1007 1799 Stob.:
957 1846 1008 1911 οἷν
955 1952 1004 1976 ὁ
937 2018 994 2425 πρεσβύτατος
929 2462 987 2714 Μακαρεύς
924 2750 982 2970 Κανάκης

887 1427 941 1508 τῆς
880 1548 943 1750 Οἷὸἒλφῆς
875 1790 934 2001 ἐρασθεὶς
867 2039 927 2251 ἐβιάσατο
864 2290 920 2376 τὴν
857 2418 915 2761 προειρημένην.
866 2819 909 2967 Minus

827 1426 871 1545 enim
820 1579 866 1757 deceret
812 1782 860 2018 minimum
808 2055 848 2161 natu
805 2199 849 2297 vice
804 2331 847 2529 omnium
799 2562 842 2701 verba
797 2731 840 2883 facere
795 2922 834 2965 et

741 1423 799 1697 redarguere
736 1731 785 1920 patrem.
