5010 3336
3067 3258 3093 3300 “il

1158 2094 1215 2215 459

1320 2780 1383 2969 Quibus
1314 2568 1364 2745 auditis
1312 2451 1360 2534 Ino
1310 2354 1358 2415 de
1307 2105 1356 2319 moribus
1301 1766 1367 2057 ingenioque
1314 1644 1347 1732 suo
1299 1467 1348 1612 verba
1295 1314 1344 1433 facit

1402 2862 1457 2965 sic,
1404 2772 1445 2825 ut
1410 2545 1442 2737 omnem
1389 2154 1439 2508 dubitationem
1383 1901 1430 2118 aemulae
1382 1677 1427 1865 demat:

1474 2558 1537 2833 ἐπίσταμαι
1469 2467 1520 2522 δὲ
1467 2275 1518 2432 πάνθ’
1462 2159 1513 2235 ὅσ’
1460 1937 1525 2119 εὐγενῆ
1456 1721 1524 1900 χρεών,

1559 2676 1620 2829 σιγᾶν
1555 2588 1602 2643 θ’
1549 2416 1617 2552 ’ὅπου
1542 2284 1613 2379 χρὴ
1541 2164 1594 2250 καὶ
1541 1964 1605 2130 λέγειν
1538 1864 1588 1929 ἵν’
1535 1584 1599 1827 ἀσφαλές,

1634 2700 1697 2832 ὁρᾶν
1634 2612 1683 2668 θ’
1633 2544 1681 2576 ἃ
1630 2428 1680 2508 δεῖ
1644 2338 1691 2399 με
1623 2176 1687 2304 κούχ
1621 2009 1684 2140 ὁρᾶν
1620 1941 1668 1973 ἃ
1616 1839 1683 1907 μὴ
1615 1608 1679 1805 πρέπει,

1712 2610 1779 2831 γαστρὸς
1713 2372 1776 2577 κρατεῖν
1703 2251 1755 2336 δέ·
1701 2127 1754 2214 καὶ
1700 1995 1765 2095 γὰρ
1696 1901 1748 1957 ἐν
1700 1628 1747 1868 κακοῖσιν
1687 1481 1746 1593 οὗσ’

1790 2471 1856 2827 ἐλευθέρωσιν
1782 2029 1850 2438 ἐμπεπαίδευμαι
1778 1781 1842 1996 τρόποις
1777 1694 1841 1763 *).

1875 2822 1936 2957 Quae
1875 2547 1936 2771 ambigue
1869 2347 1918 2501 omnia
1867 2171 1913 2298 dicta
1879 2008 1911 2119 esse
1863 1742 1925 1961 apparet.
1855 1530 1904 1653 Cum
1852 1300 1902 1475 deinde

1953 2702 2002 2956 Themisto
1955 2543 2001 2668 intro
1949 2309 2007 2509 abisset,
1946 2200 1992 2282 lno
1943 2032 1990 2164 haud
1939 1779 1989 1997 obscuris
1937 1588 1985 1747 verbis
1933 1298 1982 1553 consilium

2051 2814 2082 2953 suum
2033 2577 2097 2779 aperuit.
2027 2239 2089 2492 Tanquam
2025 2098 2071 2190 iam
2026 1924 2086 2063 parta
2018 1692 2066 1891 victoria
2016 1565 2064 1657 sibi
2012 1295 2077 1533 gratulata

2121 2875 2162 2953 est
2130 2717 2161 2842 nunc
2112 2488 2159 2683 demum
2106 2387 2153 2437 in
2103 2076 2169 2336 pristinum
2101 1800 2147 2026 fortunae
2101 1575 2143 1754 statum
2110 1473 2141 1528 se
2091 1295 2140 1439 resti-

2194 2857 2254 2951 tui,
2207 2681 2241 2808 nunc
2189 2322 2245 2637 felicitatem,
2184 2192 2230 2275 diu
2180 1905 2244 2144 sopitam,
2176 1720 2241 1859 quasi
2190 1644 2222 1672 e
2186 1438 2221 1610 somno
2185 1295 2219 1404 sus-

2273 2783 2321 2949 citari:

2346 2587 2398 2816 εὕδουσα
2344 2503 2395 2550 δ’
2339 2306 2400 2474 Ἰνοῦς
2336 2023 2404 2271 συμφορὰ
2327 1820 2387 1990 πολὺν
2332 1594 2398 1788 χρόνον

2433 2714 2478 2818 νῦν
2427 2561 2492 2680 ὄμμ’
2422 2342 2489 2522 ἐγείρει
2420 2230 2484 2325 **).

2510 2753 2571 2940 Quibus
2509 2574 2556 2717 dictis
2506 2479 2553 2539 ad
2520 2340 2551 2444 rem
2500 1960 2565 2306 perficiendam
2497 1872 2544 1921 in
2496 1692 2543 1838 aedes
2508 1602 2539 1656 se
2489 1351 2538 1566 contulit.

2590 2623 2637 2814 Chorus
2600 2437 2650 2579 opem
2583 2162 2639 2390 deorum,
2594 2039 2626 2098 ex
2591 1776 2639 1981 quorum
2574 1565 2635 1716 stirpe
2569 1284 2634 1505 prognati

2673 2829 2715 2939 sunt
2668 2623 2727 2795 liberi,
2664 2265 2724 2589 auxilinmque
2660 1973 2722 2231 implorat,
2660 1868 2703 1922 ut
2656 1543 2703 1833 succurrant
2650 1283 2698 1509 caedem-

2765 2845 2811 2937 que
2747 2575 2796 2810 nefariam
2746 2329 2792 2541 arceant.

2827 2657 2875 2808 Redit
2827 2578 2872 2626 in
2838 2352 2871 2544 scenam
2821 2215 2878 2316 Ino,
2833 2064 2865 2177 suos
2816 1848 2863 2027 liberos
2814 1683 2859 1815 vivos
2826 1507 2858 1648 manu
2809 1277 2869 1478 ducens,

2906 2601 2955 2935 Themistonis
2909 2382 2951 2543 autem
2897 2042 2947 2326 interfectos
2896 1941 2942 1991 in
2897 1626 2955 1892 conspectu
2903 1387 2954 1574 ponens
2888 1275 2934 1342 si-

2987 2733 3050 2932 mulque
3001 2548 3044 2684 rem,
2980 2256 3046 2497 quomodo
2980 2070 3039 2208 gesta
2975 1942 3033 2034 sit,
2986 1629 3036 1890 exponens.
2968 1384 3019 1562 Adfuit
2967 1272 3014 1354 illa

3065 2624 3114 2933 Themistoni
3062 2390 3111 2589 caedem
3057 2120 3124 2356 patranti3
3071 2020 3102 2075 re
3058 1762 3117 1987 peracta,
3050 1597 3097 1723 hanc
3048 1421 3096 1565 iussit
3062 1271 3094 1387 con-

3148 2797 3194 2933 tinuo
3162 2732 3192 2760 e
3142 2478 3191 2698 cubiculo
3142 2309 3188 2443 abire
3143 2226 3185 2275 et
3151 2002 3191 2191 curare,
3139 1921 3181 1973 ut
3133 1838 3178 1887 in
3130 1515 3178 1804 famularum
3127 1270 3190 1481 aliquam

3225 2745 3271 2929 crimen
3239 2604 3269 2711 cum
3236 2478 3282 2565 spe
3217 2243 3265 2443 fallendi
3215 1892 3262 2214 conferretur.
3209 1702 3256 1828 Tum
3208 1419 3255 1676 celerrime
3221 1270 3253 1383 suos

3304 2748 3351 2926 liberos
3317 2684 3349 2712 e
3298 2428 3348 2649 cubiculo
3296 2177 3353 2392 deduxit,
3300 2062 3351 2141 ut,
3292 1746 3356 2026 priusquam
3303 1570 3334 1709 error
3300 1268 3347 1530 cognosce-

3388 2772 3441 2926 retur,
3379 2569 3428 2741 ultioni
3376 2319 3424 2535 aemulae
3374 1955 3421 2283 subtraheret.
3370 1682 3430 1898 Quorum
3365 1423 3413 1655 maiorem
3368 1267 3423 1398 natu,

3461 2635 3518 2923 Learchum,
3459 2552 3505 2613 ad
3460 2332 3520 2519 patrem
3471 2241 3501 2294 se
3452 1980 3500 2204 conferre
3454 1896 3498 1945 et
3446 1614 3496 1869 comitibus
3444 1473 3491 1577 eius
3459 1383 3490 1436 se
3442 1264 3489 1349 ad-

3541 2722 3604 2923 iungere
3539 2536 3597 2688 iubet,
3552 2342 3597 2499 neque
3535 2173 3596 2306 prius
3532 1938 3579 2135 domum
3529 1724 3585 1903 redire,
3540 1554 3589 1693 quam
3523 1381 3570 1518 finita
3537 1262 3569 1345 ve-

3620 2725 3668 2920 natione
3624 2547 3682 2688 pater
3620 2228 3663 2514 revertatur.
3612 1915 3669 2159 Alterum,
3607 1544 3664 1879 Melicertem,
3607 1405 3650 1510 tuto
3600 1261 3649 1370 loco

3701 2869 3747 2917 in
3699 2660 3746 2835 vicinia
3695 2236 3744 2627 abscondendum
3695 2046 3739 2197 curat.

3778 2467 3842 2785 Interpositus
3779 2364 3822 2438 est
3774 2147 3831 2339 choruS,
3784 2024 3832 2118 quo
3766 1826 3816 1999 nefarii
3763 1563 3812 1794 facinoris
3761 1363 3808 1538 horror
3775 1257 3806 1340 ex-

3860 2592 3925 2913 primeretur,
3870 2449 3918 2542 quo
3853 2185 3900 2398 clamore
3850 1939 3898 2149 excitata
3846 1647 3894 1906 Themisto
3854 1254 3901 1610 accurrensque

3941 2863 3987 2913 in
3954 2625 4001 2827 corpora
3936 2328 3983 2590 liberorum
3948 2204 3979 2289 sua
3946 2036 3979 2179 manu
3927 1643 3976 2011 interfectorum
3921 1430 3970 1616 incidit.
3918 1253 3967 1383 Mul-

4025 2810 4067 2910 tum
4019 2595 4065 2753 fuisse
4014 2262 4078 2547 Euripidem
4001 2152 4058 2209 in*
4009 1944 4057 2111 dolore
4008 1723 4056 1888 matris
3999 1360 4052 1662 ostendendo
4002 1251 4044 1300 et

4200 2798 4253 2849 ⁷¹²)
4199 2698 4239 2765 Cf.
4197 2393 4240 2669 Schneidcw.
4193 2225 4235 2361 Conii.
4192 2081 4232 2192 critt.
4205 2006 4244 2049 p.
4188 1908 4229 1976 62.
4189 1671 4242 1839 Quarto
4194 1500 4224 1631 versu
4170 1366 4222 1461 0136'
4189 1248 4230 1328 pro

4263 2698 4309 2762 α’)’ν
4266 2467 4322 2670 reposui,
4269 2240 4306 2435 ceterum
4262 2110 4304 2212 vide
4260 1930 4302 2082 Valck.
4258 1761 4299 1900 Diatr.
4271 1685 4310 1729 p.
4251 1559 4294 1657 175.

4338 2796 4392 2871 ἢ)
4338 2625 4392 2768 Vulgo
4338 2431 4381 2594 ἰδοῦσα
4349 2322 4390 2403 pro
4330 2080 4377 2291 εὕδουσα.
4327 1822 4373 2021 Correxit
4326 1520 4369 1794 WclckcruS.

2296 839 2310 860 ==›.
2293 818 2316 829 r]
