5010 3336
993 2085 1045 2163 37

1141 2638 1201 2954 sittutesque,
1140 2303 1186 2601 exercituum
1134 2087 1195 2266 clades,
1136 1859 1181 2048 urbium
1137 1749 1183 1823 vel
1134 1404 1182 1714 defensiones
1136 1298 1181 1369 vel

1220 2677 1266 2955 eversiones
1219 2380 1266 2640 ostendunt
1234 2346 1272 2365 ;
1214 2175 1260 2297 aliae
1214 1922 1260 2130 miseriis
1215 1774 1261 1877 aliis
1230 1575 1277 1724 super
1213 1418 1261 1534 alias
1214 1299 1261 1369 in-

1299 2804 1359 2958 gestis
1298 2503 1361 2780 deprimunt
1295 2294 1342 2478 animos
1296 1913 1355 2259 spectatorum,
1292 1755 1339 1877 aliae
1294 1480 1340 1725 hilaritate
1308 1298 1341 1458 rerum

1392 2801 1439 2955 paene
1379 2618 1424 2767 risum
1375 2354 1422 2583 excitant.
1372 2188 1419 2284 Sed
1387 2019 1418 2141 unus
1372 1731 1418 1983 character
1373 1652 1419 1698 iu
1378 1484 1421 1615 tanta
1374 1296 1420 1451 varieff

1460 2858 1503 2957 tate
1460 2601 1503 2824 constans
1457 2332 1512 2565 servatur,
1452 2165 1514 2294 quod
1452 2058 1497 2131 sui
1451 1844 1498 2025 saeculi
1466 1648 1498 1811 mores
1453 1292 1514 1613 institutaque

1535 2696 1599 2957 Euripides
1534 2588 1581 2648 ad
1533 2314 1596 2542 pristinos
1530 2044 1578 2267 homines
1534 1722 1593 1989 gentesque
1532 1404 1587 1676 transtulit,
1536 1292 1578 1341 et

1615 2798 1678 2957 qualia
1615 2644 1677 2750 ipse
1612 2408 1659 2601 videbat
1610 2112 1657 2363 hominum
1610 1836 1671 2053 ingenia,
1625 1683 1656 1779 non
1608 1478 1671 1636 qualia
1614 1292 1657 1433 antea

1693 2802 1741 2955 fuisse
1692 2432 1751 2771 tradebantur,
1690 2126 1752 2395 expressit:
1689 1946 1750 2083 isque
1690 1659 1736 1912 character
1689 1519 1735 1631 huic
1692 1292 1750 1485 tragoe-

1773 2847 1820 2956 diae
1773 2640 1819 2814 iufixus
1777 2526 1818 2603 est
1768 2052 1819 2492 manifestissimus.
1768 1725 1828 1984 Quomodo
1768 1530 1829 1679 igitur
1767 1293 1831 1483 Sopho—

1852 2893 1898 2956 cli
1852 2715 1899 2859 tribui
1854 2488 1915 2681 potest,
1849 2357 1911 2440 qui
1847 2220 1895 2312 hac
1847 2070 1910 2178 ipsa
1848 1837 1895 2022 ratione
1847 1534 1909 1784 Euripidis
1863 1351 1910 1498 opera
1864 1291 1893 1317 a

1932 2857 1979 2957 suis
1930 2698 1978 2821 dixit
1929 2419 1977 2662 differre?
1927 2133 1976 2352 Alterum
1926 1836 1974 2096 discrimen
1931 1698 1986 1801 est,
1926 1489 1988 1644 quod,
1942 1294 1988 1440 quum

2012 2910 2059 2959 in
2008 2564 2072 2863 simplicibus
2006 2242 2057 2517 fabularum
2007 1901 2069 2198 argumentis
2006 1584 2070 1855 Sophocles
2006 1300 2069 1550 acquieve

2090 2863 2150 2958 rit,
2089 2557 2151 2818 Euripides
2088 2356 2151 2523 plures
2086 2106 2134 2319 actiones
2086 1821 2134 2073 miscendo
2091 1736 2133 1784 et
2086 1481 2148 1701 pluribus
2084 1293 2132 1448 homi*

2186 2843 2218 2957 num
2169 2603 2217 2816 consiliis
2184 2471 2215 2576 rem
2167 2180 2215 2447 intricando
2166 1967 2213 2157 fabulas
2165 1604 2229 1937 amplificavit7
2166 1289 2227 1570 primusque

2249 2740 2298 2957 omnium
2252 2476 2310 2707 angustos
2247 2265 2311 2441 prioris
2247 1951 2308 2230 tragoediae
2246 1795 2293 1918 fines
2245 1518 2309 1753 migravit.
2242 1290 2289 1447 Huius

2343 2763 2390 2955 quoque
2327 2569 2373 2719 moris
2326 2243 2388 2519 exemplum
2325 1998 2372 2198 minime
2326 1688 2373 1950 obscurum
2323 1530 2371 1646 huic
2321 1290 2371 1494 dramati

2408 2789 2455 2956 inesse
2406 2597 2453 2757 video.
2404 2366 2451 2528 Potuit
2405 2206 2451 2330 enim
2404 1973 2452 2170 Dolonis
2408 1703 2462 1935 conatus,
2403 1612 2450 1654 si
2419 1470 2450 1567 non
2402 1288 2465 1431 plane

2486 2776 2545 2954 omitti,
2490 2606 2532 2742 certe
2490 2461 2531 2572 ante
2484 2187 2531 2427 actionum
2484 1958 2531 2150 initium
2483 1811 2546 1925 poni
2487 1632 2544 1776 atque
2483 1440 2528 1597 obiter
2497 1290 2527 1408 nar-

2566 2843 2627 2957 rari,
2564 2715 2612 2807 nisi
2579 2506 2624 2683 augere
2567 2328 2624 2472 atque
2562 2110 2608 2293 variare
2562 1885 2608 2076 fabulae
2565 1491 2624 1850 argumentum,
2564 1288 2623 1453 spreta

2644 2647 2707 2957 simplicitate
2642 2367 2704 2613 vitatoque
2641 2038 2689 2334 assiduitatis
2641 1827 2700 2005 taedio,
2641 1520 2689 1792 studuisset
2639 1290 2702 1487 Euripi-

2726 2851 2772 2955 des.
2723 2646 2770 2785 Haec
2726 2563 2768 2612 et
2722 2411 2780 2531 alia,
2721 2158 2783 2359 quaein
2726 1927 2786 2124 promtu
2726 1744 2781 1881 sunt,
2720 1646 2767 1688 si
2722 1287 2783 1599 reputassent

2804 2886 2853 2955 illi
2802 2667 2865 2851 antiqui
2801 2461 2861 2632 critici7
2801 2363 2848 2426 de
2801 2052 2864 2329 Sophocleo
2802 1733 2849 2015 charactere
2815 1454 2862 1699 nunquam
2798 1290 2860 1419 cogi—

2888 2754 2931 2956 tassent.
2881 2436 2928 2668 Ceterum
2896 2243 2943 2401 neque
2882 2020 2928 2198 multos
2897 1827 2943 1984 neque
2895 1706 2927 1791 eos
2879 1492 2926 1672 iudicio
2882 1288 2926 1457 acutos

2968 2870 3012 2954 aut
2962 2618 3009 2835 doctrina
2961 2464 3007 2583 satis
2960 2212 3007 2427 eruditos
2959 1995 3021 2175 fuisse,
2961 1876 3022 1958 qui
2958 1617 3022 1843 Euripidi
2958 1488 3005 1582 hoc
2957 1286 3003 1453 drama

3044 2657 3100 2954 adimerent,
3056 2562 3087 2620 ex
3040 2320 3103 2537 plurimis
3039 1905 3101 2295 gravissimorum
3040 1680 3087 1879 testium
3037 1466 3085 1661 indiciis
3052 1286 3100 1440 appa-

3128 2863 3179 2954 ret,
3137 2705 3184 2827 quae
3120 2566 3167 2673 vide
3119 2404 3181 2530 apud
3117 2140 3167 2372 Vaterum
3137 2053 3182 2103 p.
3121 1956 3165 2018 17
3134 1781 3181 1915 seqq.
3118 1616 3178 1713 Qui
3132 1466 3163 1585 vero
3116 1286 3179 1444 depri—

3206 2795 3248 2954 meret
3200 2599 3261 2762 operis
3200 2332 3245 2567 honorem
3202 2246 3245 2296 et
3198 1999 3245 2213 deterius
3200 1845 3247 1965 illud
3214 1710 3246 1822 esse
3197 1463 3255 1682 duceret,
3211 1285 3257 1429 quam

3278 2822 3341 2952 quod
3278 2728 3324 2787 ab
3277 2457 3339 2692 Euripide
3278 2346 3322 2423 vel
3278 2215 3323 2312 ullo
3279 2054 3325 2181 bono
3284 1871 3340 2019 poeta
3278 1691 3325 1838 scribi
3276 1413 3338 1657 potuerit,
3291 1287 3322 1370 an-

3360 2709 3421 2953 tiquorum
3356 2387 3403 2665 criticorum
3371 2196 3402 2339 nemo
3357 1890 3403 2145 invenitur.
3356 1769 3403 1821 In
3360 1569 3418 1735 partes
3355 1286 3417 1535 Euripidis

3438 2842 3486 2954 nolo
3434 2419 3498 2797 Aristophanem
3438 2181 3497 2376 poetam
3450 2044 3496 2132 pro
3438 1866 3481 1994 teste
3434 1638 3493 1820 citare„
3449 1286 3495 1590 quamquam,

3533 2828 3580 2953 quae
3518 2715 3563 2793 est
3515 2576 3562 2680 eius
3514 2307 3562 2541 abutendi
3513 2054 3562 2276 versibus
3514 1724 3577 2018 tragicorum
3512 1527 3573 1681 ratio,
3511 1288 3561 1480 Acharw

3596 2731 3645 2954 nensium
3610 2627 3642 2697 vv.
3595 2479 3641 2590 281.
3595 2319 3642 2444 282:

3671 2454 3737 2624 βάλλε,
3671 2246 3737 2417 βάλλε,
3673 2040 3736 2210 βάλλε,
3674 1831 3739 2003 βάλλε,

3754 2507 3802 2627 παῖε
3756 2374 3811 2475 πᾶς
3752 2249 3803 2342 τὸν
3754 2021 3818 2214 μιαρόν

3850 2891 3882 2950 ex
3832 2676 3881 2845 Rheso
3833 2558 3897 2623 (v.
3836 2409 3881 2507 660
3832 2202 3897 2365 seqq.)
3835 1909 3899 2152 depromti
3850 1748 3883 1859 esse
3839 1480 3899 1702 possunt.
3832 1288 3880 1397 Cri-

3913 2867 3959 2950 tici
3913 2507 3961 2823 Alexandrini
3914 2299 3975 2463 quanti
3914 2161 3960 2257 hoc
3916 1949 3963 2115 drama
3914 1671 3975 1909 fecerint,
3913 1500 3961 1613 inde
3915 1285 3975 1451 potest

3993 2688 4051 2950 aestimari,
3994 2522 4056 2651 quod
3999 2439 4039 2488 et
3993 2096 4041 2407 Aristarchus
3997 2012 4041 2061 et
3994 1622 4051 1979 Parmeniscus,
3994 1459 4041 1589 illius
3990 1287 4039 1433 disci-

4071 2789 4133 2949 pulus,
4072 2380 4119 2740 commentariis
4072 1970 4135 2331 explicaverunt
4073 1836 4137 1925 (cf.
4074 1635 4121 1789 schol.
4073 1527 4120 1590 ad
4086 1434 4118 1479 v.
4072 1289 4118 1398 510.

4151 2838 4196 2949 515.
4149 2664 4214 2799 526.)
4155 2575 4199 2626 et
4151 2177 4214 2541 Dionysodorus
4152 2077 4199 2127 in
4152 1890 4210 2045 libro,
4169 1688 4216 1835 quem
4154 1581 4200 1643 de
4150 1287 4199 1534 erroribus
