<?xml version="1.0" encoding="UTF-8"?>
<!DOCTYPE html PUBLIC "-//W3C//DTD XHTML 1.0 Transitional//EN"
    "http://www.w3.org/TR/xhtml1/DTD/xhtml1-transitional.dtd">
<html xmlns="http://www.w3.org/1999/xhtml" xml:lang="en" lang="en">
 <head>
  <title>
</title>
<meta http-equiv="Content-Type" content="text/html;charset=utf-8" />
  <meta name='ocr-system' content='tesseract 3.04.00' />
  <meta name='ocr-capabilities' content='ocr_page ocr_carea ocr_par ocr_line ocrx_word'/>
</head>
<body>
  <div class='ocr_page' id='page_1' title='image "./euripidesrestitu00hartuoft_raw_0235.png"; bbox 0 0 5010 3336; ppageno 0'>
   <div class='ocr_carea' id='block_1_1' title="bbox 4 3336 3336 3336">
    <p class='ocr_par' dir='ltr' id='par_1_1' title="bbox 4 3336 3336 3336">
     <span class='ocr_line' id='line_1_1' title="bbox 4 3336 1123 3336; textangle 90"><span class='ocrx_word' id='word_1_1' title='bbox 4 3336 366 3336; x_wconf 95' lang='lat' dir='ltr'> </span> <span class='ocrx_word' id='word_1_2' title='bbox 4 3336 1123 3336; x_wconf 95' lang='lat' dir='ltr'> </span> 
     </span>
     <span class='ocr_line' id='line_1_2' title="bbox 4 3336 3336 3336; textangle 90"><span class='ocrx_word' id='word_1_3' title='bbox 4 3336 3336 3336; x_wconf 95' lang='lat' dir='ltr'>                                              </span> 
     </span>
    </p>
   </div>
   <div class='ocr_carea' id='block_1_2' title="bbox 1837 3260 1857 3326">
    <p class='ocr_par' dir='ltr' id='par_1_2' title="bbox 1837 3260 1857 3326">
     <span class='ocr_line' id='line_1_3' title="bbox 1837 3260 1857 3326; textangle 90"><span class='ocrx_word' id='word_1_4' title='bbox 1837 3260 1857 3326; x_wconf 34' lang='lat'>„„„„„</span> 
     </span>
    </p>
   </div>
   <div class='ocr_carea' id='block_1_3' title="bbox 1991 3260 2019 3331">
    <p class='ocr_par' dir='ltr' id='par_1_3' title="bbox 1991 3260 2019 3331">
     <span class='ocr_line' id='line_1_4' title="bbox 1991 3260 2019 3331; textangle 90"><span class='ocrx_word' id='word_1_5' title='bbox 1991 3260 2019 3331; x_wconf 45' lang='lat' dir='ltr'>..mi</span> 
     </span>
    </p>
   </div>
   <div class='ocr_carea' id='block_1_4' title="bbox 2799 3261 2819 3325">
    <p class='ocr_par' dir='ltr' id='par_1_4' title="bbox 2799 3261 2819 3325">
     <span class='ocr_line' id='line_1_5' title="bbox 2799 3261 2807 3311; textangle 90"><span class='ocrx_word' id='word_1_6' title='bbox 2799 3308 2806 3311; x_wconf 55' lang='lat' dir='ltr'>i</span> <span class='ocrx_word' id='word_1_7' title='bbox 2803 3261 2807 3267; x_wconf 89' lang='lat'><em>.</em></span> 
     </span>
     <span class='ocr_line' id='line_1_6' title="bbox 2808 3272 2819 3325; textangle 90"><span class='ocrx_word' id='word_1_8' title='bbox 2808 3272 2819 3325; x_wconf 49' lang='grc'>......</span> 
     </span>
    </p>
   </div>
   <div class='ocr_carea' id='block_1_5' title="bbox 1152 3330 3232 3336">
    <p class='ocr_par' dir='ltr' id='par_1_5' title="bbox 1152 3330 3232 3336">
     <span class='ocr_line' id='line_1_7' title="bbox 1152 3330 3232 3336; textangle 90"><span class='ocrx_word' id='word_1_9' title='bbox 1152 3330 3232 3336; x_wconf 95' lang='lat' dir='ltr'> </span> 
     </span>
    </p>
   </div>
   <div class='ocr_carea' id='block_1_6' title="bbox 4074 3263 4109 3329">
    <p class='ocr_par' dir='ltr' id='par_1_6' title="bbox 4074 3263 4109 3329">
     <span class='ocr_line' id='line_1_8' title="bbox 4074 3263 4109 3329; textangle 90"><span class='ocrx_word' id='word_1_10' title='bbox 4106 3328 4109 3329; x_wconf 16' lang='lat'>¹</span> <span class='ocrx_word' id='word_1_11' title='bbox 4074 3263 4102 3302; x_wconf 55' lang='grc' dir='ltr'>Μ’</span> 
     </span>
    </p>
   </div>
   <div class='ocr_carea' id='block_1_7' title="bbox 3764 3332 4309 3335">
    <p class='ocr_par' dir='ltr' id='par_1_7' title="bbox 3764 3332 4309 3335">
     <span class='ocr_line' id='line_1_9' title="bbox 3764 3332 4309 3335; textangle 90"><span class='ocrx_word' id='word_1_12' title='bbox 3764 3332 4309 3335; x_wconf 95' lang='lat' dir='ltr'> </span> 
     </span>
    </p>
   </div>
   <div class='ocr_carea' id='block_1_8' title="bbox 1040 2097 1095 2213">
    <p class='ocr_par' dir='ltr' id='par_1_8' title="bbox 1040 2097 1095 2213">
     <span class='ocr_line' id='line_1_10' title="bbox 1040 2097 1095 2213; textangle 90"><span class='ocrx_word' id='word_1_13' title='bbox 1040 2097 1095 2213; x_wconf 76' lang='grc' dir='ltr'>21Ί</span> 
     </span>
    </p>
   </div>
   <div class='ocr_carea' id='block_1_9' title="bbox 1181 1302 4245 2988">
    <p class='ocr_par' dir='ltr' id='par_1_9' title="bbox 1181 1302 4245 2988">
     <span class='ocr_line' id='line_1_11' title="bbox 1181 1334 1256 2986; textangle 90"><span class='ocrx_word' id='word_1_14' title='bbox 1193 2841 1241 2986; x_wconf 89' lang='lat' dir='ltr'>domo</span> <span class='ocrx_word' id='word_1_15' title='bbox 1188 2533 1256 2794; x_wconf 82' lang='lat' dir='ltr'>prodiens,</span> <span class='ocrx_word' id='word_1_16' title='bbox 1191 2434 1235 2486; x_wconf 92' lang='lat' dir='ltr'>ut</span> <span class='ocrx_word' id='word_1_17' title='bbox 1187 2340 1234 2389; x_wconf 89' lang='lat' dir='ltr'>in</span> <span class='ocrx_word' id='word_1_18' title='bbox 1201 2206 1248 2298; x_wconf 86' lang='lat' dir='ltr'>qua</span> <span class='ocrx_word' id='word_1_19' title='bbox 1185 2115 1232 2161; x_wconf 92' lang='lat' dir='ltr'>ei</span> <span class='ocrx_word' id='word_1_20' title='bbox 1184 1876 1232 2074; x_wconf 86' lang='lat' dir='ltr'>funesta</span> <span class='ocrx_word' id='word_1_21' title='bbox 1182 1657 1231 1832; x_wconf 86' lang='lat' dir='ltr'>morari</span> <span class='ocrx_word' id='word_1_22' title='bbox 1197 1529 1230 1625; x_wconf 91' lang='lat' dir='ltr'>non</span> <span class='ocrx_word' id='word_1_23' title='bbox 1181 1334 1242 1497; x_wconf 90' lang='lat' dir='ltr'>liceat,</span> 
     </span>
     <span class='ocr_line' id='line_1_12' title="bbox 1262 1333 1328 2985; textangle 90"><span class='ocrx_word' id='word_1_24' title='bbox 1278 2933 1320 2985; x_wconf 92' lang='lat' dir='ltr'>et</span> <span class='ocrx_word' id='word_1_25' title='bbox 1270 2575 1320 2898; x_wconf 75' lang='lat' dir='ltr'>calamitatem</span> <span class='ocrx_word' id='word_1_26' title='bbox 1267 2414 1328 2540; x_wconf 78' lang='lat' dir='ltr'>regis</span> <span class='ocrx_word' id='word_1_27' title='bbox 1264 2191 1327 2378; x_wconf 85' lang='lat' dir='ltr'>optimi,</span> <span class='ocrx_word' id='word_1_28' title='bbox 1262 2013 1310 2154; x_wconf 89' lang='lat' dir='ltr'>amici</span> <span class='ocrx_word' id='word_1_29' title='bbox 1263 1635 1317 1986; x_wconf 84' lang='lat' dir='ltr'>humanissimi,</span> <span class='ocrx_word' id='word_1_30' title='bbox 1262 1463 1310 1598; x_wconf 85' lang='lat' dir='ltr'>cuius</span> <span class='ocrx_word' id='word_1_31' title='bbox 1263 1333 1325 1438; x_wconf 82' lang='lat' dir='ltr'>pie-</span> 
     </span>
     <span class='ocr_line' id='line_1_13' title="bbox 1342 1330 1410 2986; textangle 90"><span class='ocrx_word' id='word_1_32' title='bbox 1358 2884 1399 2986; x_wconf 84' lang='lat' dir='ltr'><strong>tate</strong></span> <span class='ocrx_word' id='word_1_33' title='bbox 1355 2680 1398 2848; x_wconf 83' lang='lat' dir='ltr'>mutua</span> <span class='ocrx_word' id='word_1_34' title='bbox 1359 2304 1410 2648; x_wconf 84' lang='lat' dir='ltr'>generosorum</span> <span class='ocrx_word' id='word_1_35' title='bbox 1342 2003 1389 2267; x_wconf 91' lang='lat' dir='ltr'>amicorum</span> <span class='ocrx_word' id='word_1_36' title='bbox 1343 1734 1389 1969; x_wconf 87' lang='lat' dir='ltr'>beneficia</span> <span class='ocrx_word' id='word_1_37' title='bbox 1342 1478 1389 1698; x_wconf 80' lang='lat' dir='ltr'>certatim</span> <span class='ocrx_word' id='word_1_38' title='bbox 1355 1330 1404 1444; x_wconf 90' lang='lat' dir='ltr'>pro-</span> 
     </span>
     <span class='ocr_line' id='line_1_14' title="bbox 1419 1331 1486 2985; textangle 90"><span class='ocrx_word' id='word_1_39' title='bbox 1435 2729 1486 2985; x_wconf 79' lang='lat' dir='ltr'>vocantur,</span> <span class='ocrx_word' id='word_1_40' title='bbox 1441 2586 1473 2679; x_wconf 92' lang='lat' dir='ltr'>non</span> <span class='ocrx_word' id='word_1_41' title='bbox 1425 2433 1470 2536; x_wconf 89' lang='lat' dir='ltr'>sine</span> <span class='ocrx_word' id='word_1_42' title='bbox 1421 2217 1468 2385; x_wconf 87' lang='lat' dir='ltr'>dolore</span> <span class='ocrx_word' id='word_1_43' title='bbox 1421 1892 1467 2171; x_wconf 87' lang='lat' dir='ltr'>ostendens.</span> <span class='ocrx_word' id='word_1_44' title='bbox 1420 1714 1466 1823; x_wconf 89' lang='lat' dir='ltr'>Tali</span> <span class='ocrx_word' id='word_1_45' title='bbox 1421 1519 1484 1666; x_wconf 83' lang='lat' dir='ltr'>igitur</span> <span class='ocrx_word' id='word_1_46' title='bbox 1419 1331 1466 1486; x_wconf 90' lang='lat' dir='ltr'>amico</span> 
     </span>
     <span class='ocr_line' id='line_1_15' title="bbox 1498 1330 1570 2984; textangle 90"><span class='ocrx_word' id='word_1_47' title='bbox 1524 2837 1570 2984; x_wconf 87' lang='lat' dir='ltr'>quum</span> <span class='ocrx_word' id='word_1_48' title='bbox 1504 2626 1568 2803; x_wconf 88' lang='lat' dir='ltr'>privari</span> <span class='ocrx_word' id='word_1_49' title='bbox 1518 2536 1550 2589; x_wconf 89' lang='lat' dir='ltr'>se</span> <span class='ocrx_word' id='word_1_50' title='bbox 1500 2309 1564 2502; x_wconf 80' lang='lat' dir='ltr'><strong>Apollo,</strong></span> <span class='ocrx_word' id='word_1_51' title='bbox 1501 1990 1547 2270; x_wconf 88' lang='lat' dir='ltr'>servitutem</span> <span class='ocrx_word' id='word_1_52' title='bbox 1498 1824 1561 1953; x_wconf 87' lang='lat' dir='ltr'>apud</span> <span class='ocrx_word' id='word_1_53' title='bbox 1499 1656 1545 1789; x_wconf 92' lang='lat' dir='ltr'>illum</span> <span class='ocrx_word' id='word_1_54' title='bbox 1500 1483 1561 1632; x_wconf 85' lang='lat' dir='ltr'>patris</span> <span class='ocrx_word' id='word_1_55' title='bbox 1499 1330 1545 1462; x_wconf 89' lang='lat' dir='ltr'>iussu</span> 
     </span>
     <span class='ocr_line' id='line_1_16' title="bbox 1577 1330 1641 2984; textangle 90"><span class='ocrx_word' id='word_1_56' title='bbox 1586 2751 1639 2984; x_wconf 76' lang='lat' dir='ltr'>serviens,</span> <span class='ocrx_word' id='word_1_57' title='bbox 1598 2622 1630 2716; x_wconf 91' lang='lat' dir='ltr'>non</span> <span class='ocrx_word' id='word_1_58' title='bbox 1578 2267 1638 2595; x_wconf 87' lang='lat' dir='ltr'>sustinuisset,</span> <span class='ocrx_word' id='word_1_59' title='bbox 1594 1984 1641 2230; x_wconf 90' lang='lat' dir='ltr'>quumque</span> <span class='ocrx_word' id='word_1_60' title='bbox 1578 1826 1625 1954; x_wconf 91' lang='lat' dir='ltr'>diem</span> <span class='ocrx_word' id='word_1_61' title='bbox 1578 1754 1624 1799; x_wconf 92' lang='lat' dir='ltr'>ei</span> <span class='ocrx_word' id='word_1_62' title='bbox 1577 1530 1624 1729; x_wconf 85' lang='lat' dir='ltr'>fatalem</span> <span class='ocrx_word' id='word_1_63' title='bbox 1593 1330 1640 1507; x_wconf 90' lang='lat' dir='ltr'>appro-</span> 
     </span>
     <span class='ocr_line' id='line_1_17' title="bbox 1656 1328 1726 2987; textangle 90"><span class='ocrx_word' id='word_1_64' title='bbox 1664 2748 1726 2987; x_wconf 84' lang='lat' dir='ltr'>pinquare</span> <span class='ocrx_word' id='word_1_65' title='bbox 1660 2467 1708 2713; x_wconf 89' lang='lat' dir='ltr'>divinandi</span> <span class='ocrx_word' id='word_1_66' title='bbox 1659 2184 1718 2433; x_wconf 70' lang='lat' dir='ltr'>facultate,</span> <span class='ocrx_word' id='word_1_67' title='bbox 1674 2055 1721 2147; x_wconf 89' lang='lat' dir='ltr'>qua</span> <span class='ocrx_word' id='word_1_68' title='bbox 1658 1856 1721 2023; x_wconf 88' lang='lat' dir='ltr'>pollet,</span> <span class='ocrx_word' id='word_1_69' title='bbox 1657 1475 1719 1819; x_wconf 79' lang='lat' dir='ltr'>praevidisset,</span> <span class='ocrx_word' id='word_1_70' title='bbox 1656 1328 1702 1440; x_wconf 93' lang='lat' dir='ltr'>dolo</span> 
     </span>
     <span class='ocr_line' id='line_1_18' title="bbox 1734 1328 1804 2988; textangle 90"><span class='ocrx_word' id='word_1_71' title='bbox 1742 2809 1790 2988; x_wconf 84' lang='lat' dir='ltr'>Parcas</span> <span class='ocrx_word' id='word_1_72' title='bbox 1741 2562 1804 2771; x_wconf 87' lang='lat' dir='ltr'>decepit,</span> <span class='ocrx_word' id='word_1_73' title='bbox 1755 2407 1803 2525; x_wconf 90' lang='lat' dir='ltr'>quas</span> <span class='ocrx_word' id='word_1_74' title='bbox 1742 2184 1785 2371; x_wconf 90' lang='lat' dir='ltr'>constat</span> <span class='ocrx_word' id='word_1_75' title='bbox 1753 2005 1799 2163; x_wconf 91' lang='lat' dir='ltr'>neque</span> <span class='ocrx_word' id='word_1_76' title='bbox 1738 1926 1783 1972; x_wconf 84' lang='lat' dir='ltr'>vi</span> <span class='ocrx_word' id='word_1_77' title='bbox 1736 1783 1800 1891; x_wconf 83' lang='lat' dir='ltr'>cogi</span> <span class='ocrx_word' id='word_1_78' title='bbox 1751 1591 1797 1752; x_wconf 90' lang='lat' dir='ltr'>neque</span> <span class='ocrx_word' id='word_1_79' title='bbox 1734 1328 1797 1557; x_wconf 89' lang='lat' dir='ltr'>precibus</span> 
     </span>
     <span class='ocr_line' id='line_1_19' title="bbox 1812 1324 1885 2987; textangle 90"><span class='ocrx_word' id='word_1_80' title='bbox 1821 2810 1868 2987; x_wconf 89' lang='lat' dir='ltr'>molliri</span> <span class='ocrx_word' id='word_1_81' title='bbox 1836 2596 1885 2772; x_wconf 89' lang='lat' dir='ltr'>posse,</span> <span class='ocrx_word' id='word_1_82' title='bbox 1819 2184 1883 2559; x_wconf 88' lang='lat' dir='ltr'>impetravitque</span> <span class='ocrx_word' id='word_1_83' title='bbox 1819 2094 1865 2151; x_wconf 91' lang='lat' dir='ltr'>ab</span> <span class='ocrx_word' id='word_1_84' title='bbox 1816 1998 1863 2057; x_wconf 91' lang='lat' dir='ltr'>iis</span> <span class='ocrx_word' id='word_1_85' title='bbox 1816 1781 1875 1962; x_wconf 83' lang='lat' dir='ltr'>invitis,</span> <span class='ocrx_word' id='word_1_86' title='bbox 1820 1691 1862 1744; x_wconf 89' lang='lat' dir='ltr'>ut</span> <span class='ocrx_word' id='word_1_87' title='bbox 1813 1401 1873 1656; x_wconf 75' lang='lat' dir='ltr'>Admetus,</span> <span class='ocrx_word' id='word_1_88' title='bbox 1812 1324 1859 1364; x_wconf 89' lang='lat' dir='ltr'>si</span> 
     </span>
     <span class='ocr_line' id='line_1_20' title="bbox 1894 1324 1963 2985; textangle 90"><span class='ocrx_word' id='word_1_89' title='bbox 1900 2875 1961 2985; x_wconf 91' lang='lat' dir='ltr'>quis</span> <span class='ocrx_word' id='word_1_90' title='bbox 1916 2750 1963 2839; x_wconf 90' lang='lat' dir='ltr'>pro</span> <span class='ocrx_word' id='word_1_91' title='bbox 1915 2657 1946 2714; x_wconf 92' lang='lat' dir='ltr'>eo</span> <span class='ocrx_word' id='word_1_92' title='bbox 1900 2498 1947 2621; x_wconf 88' lang='lat' dir='ltr'>alius</span> <span class='ocrx_word' id='word_1_93' title='bbox 1898 2319 1945 2462; x_wconf 89' lang='lat' dir='ltr'>morti</span> <span class='ocrx_word' id='word_1_94' title='bbox 1912 2229 1944 2283; x_wconf 86' lang='lat' dir='ltr'>se</span> <span class='ocrx_word' id='word_1_95' title='bbox 1895 1919 1953 2194; x_wconf 89' lang='lat' dir='ltr'>obtulisset,</span> <span class='ocrx_word' id='word_1_96' title='bbox 1895 1775 1958 1883; x_wconf 88' lang='lat' dir='ltr'>ipse</span> <span class='ocrx_word' id='word_1_97' title='bbox 1894 1404 1941 1739; x_wconf 79' lang='lat' dir='ltr'>exsolveretur</span> <span class='ocrx_word' id='word_1_98' title='bbox 1906 1324 1939 1380; x_wconf 90' lang='lat' dir='ltr'>ac</span> 
     </span>
     <span class='ocr_line' id='line_1_21' title="bbox 1974 1322 2043 2986; textangle 90"><span class='ocrx_word' id='word_1_99' title='bbox 1979 2796 2041 2986; x_wconf 77' lang='lat' dir='ltr'>longius</span> <span class='ocrx_word' id='word_1_100' title='bbox 1979 2612 2026 2761; x_wconf 81' lang='lat' dir='ltr'>vitam</span> <span class='ocrx_word' id='word_1_101' title='bbox 1980 2531 2026 2575; x_wconf 93' lang='lat' dir='ltr'>ei</span> <span class='ocrx_word' id='word_1_102' title='bbox 1977 2225 2043 2498; x_wconf 89' lang='lat' dir='ltr'>producere</span> <span class='ocrx_word' id='word_1_103' title='bbox 1976 2002 2025 2191; x_wconf 90' lang='lat' dir='ltr'>liceret.</span> <span class='ocrx_word' id='word_1_104' title='bbox 1974 1759 2023 1933; x_wconf 89' lang='lat' dir='ltr'>Decuit</span> <span class='ocrx_word' id='word_1_105' title='bbox 1978 1566 2020 1726; x_wconf 91' lang='lat' dir='ltr'>autem</span> <span class='ocrx_word' id='word_1_106' title='bbox 1978 1448 2019 1529; x_wconf 90' lang='lat' dir='ltr'>aut</span> <span class='ocrx_word' id='word_1_107' title='bbox 1987 1322 2036 1416; x_wconf 90' lang='lat' dir='ltr'>pa-</span> 
     </span>
     <span class='ocr_line' id='line_1_22' title="bbox 2052 1322 2119 2987; textangle 90"><span class='ocrx_word' id='word_1_108' title='bbox 2062 2860 2106 2987; x_wconf 89' lang='lat' dir='ltr'>trem</span> <span class='ocrx_word' id='word_1_109' title='bbox 2063 2741 2106 2823; x_wconf 90' lang='lat' dir='ltr'>aut</span> <span class='ocrx_word' id='word_1_110' title='bbox 2064 2477 2117 2708; x_wconf 84' lang='lat' dir='ltr'>matrem,</span> <span class='ocrx_word' id='word_1_111' title='bbox 2057 2254 2119 2428; x_wconf 88' lang='lat' dir='ltr'>quibus</span> <span class='ocrx_word' id='word_1_112' title='bbox 2060 2171 2103 2219; x_wconf 87' lang='lat' dir='ltr'>et</span> <span class='ocrx_word' id='word_1_113' title='bbox 2071 1938 2118 2138; x_wconf 82' lang='lat' dir='ltr'>parvum</span> <span class='ocrx_word' id='word_1_114' title='bbox 2055 1780 2101 1905; x_wconf 69' lang='lat' dir='ltr'>ritae</span> <span class='ocrx_word' id='word_1_115' title='bbox 2052 1533 2116 1745; x_wconf 89' lang='lat' dir='ltr'>spatium</span> <span class='ocrx_word' id='word_1_116' title='bbox 2066 1322 2114 1499; x_wconf 89' lang='lat' dir='ltr'>super-</span> 
     </span>
     <span class='ocr_line' id='line_1_23' title="bbox 2132 1322 2201 2985; textangle 90"><span class='ocrx_word' id='word_1_117' title='bbox 2143 2835 2199 2985; x_wconf 81' lang='lat' dir='ltr'>esset,</span> <span class='ocrx_word' id='word_1_118' title='bbox 2153 2638 2201 2797; x_wconf 88' lang='lat' dir='ltr'>neque</span> <span class='ocrx_word' id='word_1_119' title='bbox 2138 2339 2199 2602; x_wconf 87' lang='lat' dir='ltr'>quidquam</span> <span class='ocrx_word' id='word_1_120' title='bbox 2134 2045 2198 2304; x_wconf 91' lang='lat' dir='ltr'>praesidii,</span> <span class='ocrx_word' id='word_1_121' title='bbox 2134 1811 2198 2009; x_wconf 76' lang='lat' dir='ltr'>privatis</span> <span class='ocrx_word' id='word_1_122' title='bbox 2133 1671 2179 1775; x_wconf 88' lang='lat' dir='ltr'>filio</span> <span class='ocrx_word' id='word_1_123' title='bbox 2132 1438 2190 1636; x_wconf 87' lang='lat' dir='ltr'>iuvene,</span> <span class='ocrx_word' id='word_1_124' title='bbox 2146 1322 2177 1403; x_wconf 87' lang='lat' dir='ltr'>re-</span> 
     </span>
     <span class='ocr_line' id='line_1_24' title="bbox 2208 1320 2279 2986; textangle 90"><span class='ocrx_word' id='word_1_125' title='bbox 2217 2654 2279 2986; x_wconf 75' lang='lat' dir='ltr'>linqueretur,</span> <span class='ocrx_word' id='word_1_126' title='bbox 2222 2400 2264 2605; x_wconf 88' lang='lat' dir='ltr'>mortem</span> <span class='ocrx_word' id='word_1_127' title='bbox 2232 2275 2279 2364; x_wconf 87' lang='lat' dir='ltr'>pro</span> <span class='ocrx_word' id='word_1_128' title='bbox 2216 2146 2262 2238; x_wconf 90' lang='lat' dir='ltr'>hoc</span> <span class='ocrx_word' id='word_1_129' title='bbox 2214 1983 2261 2111; x_wconf 90' lang='lat' dir='ltr'>haud</span> <span class='ocrx_word' id='word_1_130' title='bbox 2216 1662 2260 1947; x_wconf 82' lang='lat' dir='ltr'>cunctanter</span> <span class='ocrx_word' id='word_1_131' title='bbox 2212 1479 2259 1627; x_wconf 89' lang='lat' dir='ltr'>obire.</span> <span class='ocrx_word' id='word_1_132' title='bbox 2208 1320 2257 1412; x_wconf 88' lang='lat' dir='ltr'>His</span> 
     </span>
     <span class='ocr_line' id='line_1_25' title="bbox 2288 1319 2355 2984; textangle 90"><span class='ocrx_word' id='word_1_133' title='bbox 2312 2869 2343 2984; x_wconf 80' lang='lat' dir='ltr'>vero</span> <span class='ocrx_word' id='word_1_134' title='bbox 2297 2450 2355 2819; x_wconf 85' lang='lat' dir='ltr'>recusantibus,</span> <span class='ocrx_word' id='word_1_135' title='bbox 2295 2202 2343 2398; x_wconf 86' lang='lat' dir='ltr'>Admeti</span> <span class='ocrx_word' id='word_1_136' title='bbox 2309 2015 2353 2161; x_wconf 86' lang='lat' dir='ltr'>uxor,</span> <span class='ocrx_word' id='word_1_137' title='bbox 2294 1841 2340 1964; x_wconf 91' lang='lat' dir='ltr'>flore</span> <span class='ocrx_word' id='word_1_138' title='bbox 2290 1537 2339 1798; x_wconf 88' lang='lat' dir='ltr'>iuventutis</span> <span class='ocrx_word' id='word_1_139' title='bbox 2288 1319 2351 1503; x_wconf 78' lang='lat' dir='ltr'>vigens,</span> 
     </span>
     <span class='ocr_line' id='line_1_26' title="bbox 2369 1319 2437 2980; textangle 90"><span class='ocrx_word' id='word_1_140' title='bbox 2392 2894 2423 2980; x_wconf 84' lang='lat' dir='ltr'>sua</span> <span class='ocrx_word' id='word_1_141' title='bbox 2381 2704 2423 2861; x_wconf 88' lang='lat' dir='ltr'>morte</span> <span class='ocrx_word' id='word_1_142' title='bbox 2376 2448 2437 2668; x_wconf 82' lang='lat' dir='ltr'>coniugis</span> <span class='ocrx_word' id='word_1_143' title='bbox 2375 2266 2421 2412; x_wconf 80' lang='lat' dir='ltr'>vitam</span> <span class='ocrx_word' id='word_1_144' title='bbox 2374 1989 2420 2229; x_wconf 87' lang='lat' dir='ltr'>redimere</span> <span class='ocrx_word' id='word_1_145' title='bbox 2370 1686 2418 1951; x_wconf 90' lang='lat' dir='ltr'>constituit.</span> <span class='ocrx_word' id='word_1_146' title='bbox 2369 1438 2416 1619; x_wconf 86' lang='lat' dir='ltr'>Uxoris</span> <span class='ocrx_word' id='word_1_147' title='bbox 2384 1319 2415 1404; x_wconf 89' lang='lat' dir='ltr'>au-</span> 
     </span>
     <span class='ocr_line' id='line_1_27' title="bbox 2447 1317 2515 2981; textangle 90"><span class='ocrx_word' id='word_1_148' title='bbox 2463 2882 2503 2981; x_wconf 87' lang='lat' dir='ltr'>tem</span> <span class='ocrx_word' id='word_1_149' title='bbox 2470 2714 2502 2845; x_wconf 89' lang='lat' dir='ltr'>mors</span> <span class='ocrx_word' id='word_1_150' title='bbox 2455 2501 2501 2679; x_wconf 85' lang='lat' dir='ltr'>vicaria</span> <span class='ocrx_word' id='word_1_151' title='bbox 2454 2352 2515 2465; x_wconf 89' lang='lat' dir='ltr'>quin</span> <span class='ocrx_word' id='word_1_152' title='bbox 2452 2069 2515 2315; x_wconf 88' lang='lat' dir='ltr'>probanda</span> <span class='ocrx_word' id='word_1_153' title='bbox 2451 1884 2498 2035; x_wconf 87' lang='lat' dir='ltr'>fuerit</span> <span class='ocrx_word' id='word_1_154' title='bbox 2467 1792 2497 1848; x_wconf 88' lang='lat' dir='ltr'>ac</span> <span class='ocrx_word' id='word_1_155' title='bbox 2448 1521 2497 1759; x_wconf 87' lang='lat' dir='ltr'>redemtio</span> <span class='ocrx_word' id='word_1_156' title='bbox 2447 1317 2495 1486; x_wconf 90' lang='lat' dir='ltr'>luben-</span> 
     </span>
     <span class='ocr_line' id='line_1_28' title="bbox 2526 1316 2596 2981; textangle 90"><span class='ocrx_word' id='word_1_157' title='bbox 2536 2792 2581 2981; x_wconf 84' lang='lat' dir='ltr'>tissime</span> <span class='ocrx_word' id='word_1_158' title='bbox 2534 2476 2596 2755; x_wconf 87' lang='lat' dir='ltr'>accipienda</span> <span class='ocrx_word' id='word_1_159' title='bbox 2534 2187 2589 2423; x_wconf 82' lang='lat' dir='ltr'>Admeto,</span> <span class='ocrx_word' id='word_1_160' title='bbox 2536 2074 2578 2126; x_wconf 89' lang='lat' dir='ltr'>et</span> <span class='ocrx_word' id='word_1_161' title='bbox 2531 1924 2591 2028; x_wconf 80' lang='lat' dir='ltr'>regi</span> <span class='ocrx_word' id='word_1_162' title='bbox 2534 1828 2576 1877; x_wconf 91' lang='lat' dir='ltr'>et</span> <span class='ocrx_word' id='word_1_163' title='bbox 2527 1413 2593 1781; x_wconf 76' lang='lat' dir='ltr'>patrifamilias,</span> <span class='ocrx_word' id='word_1_164' title='bbox 2526 1316 2573 1366; x_wconf 89' lang='lat' dir='ltr'>in</span> 
     </span>
     <span class='ocr_line' id='line_1_29' title="bbox 2606 1316 2674 2980; textangle 90"><span class='ocrx_word' id='word_1_165' title='bbox 2614 2846 2660 2980; x_wconf 90' lang='lat' dir='ltr'>cuins</span> <span class='ocrx_word' id='word_1_166' title='bbox 2613 2670 2660 2810; x_wconf 89' lang='lat' dir='ltr'>unius</span> <span class='ocrx_word' id='word_1_167' title='bbox 2612 2476 2659 2632; x_wconf 86' lang='lat' dir='ltr'>salute</span> <span class='ocrx_word' id='word_1_168' title='bbox 2618 2390 2659 2439; x_wconf 93' lang='lat' dir='ltr'>et</span> <span class='ocrx_word' id='word_1_169' title='bbox 2610 2047 2674 2355; x_wconf 89' lang='lat' dir='ltr'>popularium</span> <span class='ocrx_word' id='word_1_170' title='bbox 2615 1945 2656 1996; x_wconf 93' lang='lat' dir='ltr'>et</span> <span class='ocrx_word' id='word_1_171' title='bbox 2609 1644 2657 1911; x_wconf 92' lang='lat' dir='ltr'>liberorum</span> <span class='ocrx_word' id='word_1_172' title='bbox 2607 1479 2655 1609; x_wconf 89' lang='lat' dir='ltr'>salus</span> <span class='ocrx_word' id='word_1_173' title='bbox 2606 1316 2653 1445; x_wconf 87' lang='lat' dir='ltr'>nite-</span> 
     </span>
     <span class='ocr_line' id='line_1_30' title="bbox 2687 1315 2753 2981; textangle 90"><span class='ocrx_word' id='word_1_174' title='bbox 2699 2829 2751 2981; x_wconf 85' lang='lat' dir='ltr'>retur,</span> <span class='ocrx_word' id='word_1_175' title='bbox 2707 2651 2739 2793; x_wconf 88' lang='lat' dir='ltr'>nemo</span> <span class='ocrx_word' id='word_1_176' title='bbox 2692 2391 2739 2614; x_wconf 87' lang='lat' dir='ltr'>dubitare</span> <span class='ocrx_word' id='word_1_177' title='bbox 2695 2164 2753 2355; x_wconf 88' lang='lat' dir='ltr'>potest,</span> <span class='ocrx_word' id='word_1_178' title='bbox 2689 2021 2736 2115; x_wconf 89' lang='lat' dir='ltr'>nisi</span> <span class='ocrx_word' id='word_1_179' title='bbox 2689 1896 2750 1976; x_wconf 90' lang='lat' dir='ltr'>qui</span> <span class='ocrx_word' id='word_1_180' title='bbox 2687 1683 2735 1847; x_wconf 86' lang='lat' dir='ltr'>officia</span> <span class='ocrx_word' id='word_1_181' title='bbox 2700 1315 2750 1631; x_wconf 87' lang='lat' dir='ltr'>personarum</span> 
     </span>
     <span class='ocr_line' id='line_1_31' title="bbox 2766 1312 2833 2980; textangle 90"><span class='ocrx_word' id='word_1_182' title='bbox 2772 2698 2818 2980; x_wconf 87' lang='lat' dir='ltr'>discernere</span> <span class='ocrx_word' id='word_1_183' title='bbox 2770 2468 2833 2654; x_wconf 88' lang='lat' dir='ltr'>nequit.</span> <span class='ocrx_word' id='word_1_184' title='bbox 2769 2166 2816 2397; x_wconf 86' lang='lat' dir='ltr'>Ceterum</span> <span class='ocrx_word' id='word_1_185' title='bbox 2773 1959 2815 2119; x_wconf 90' lang='lat' dir='ltr'>morte</span> <span class='ocrx_word' id='word_1_186' title='bbox 2766 1714 2829 1912; x_wconf 91' lang='lat' dir='ltr'>quidem</span> <span class='ocrx_word' id='word_1_187' title='bbox 2766 1437 2814 1678; x_wconf 88' lang='lat' dir='ltr'>Admetus</span> <span class='ocrx_word' id='word_1_188' title='bbox 2781 1312 2829 1403; x_wconf 88' lang='lat' dir='ltr'>per</span> 
     </span>
     <span class='ocr_line' id='line_1_32' title="bbox 2844 1312 2913 2981; textangle 90"><span class='ocrx_word' id='word_1_189' title='bbox 2851 2728 2913 2981; x_wconf 85' lang='lat' dir='ltr'>coniugem</span> <span class='ocrx_word' id='word_1_190' title='bbox 2850 2427 2909 2693; x_wconf 87' lang='lat' dir='ltr'>liberatur,</span> <span class='ocrx_word' id='word_1_191' title='bbox 2847 2285 2896 2373; x_wconf 90' lang='lat' dir='ltr'>sed</span> <span class='ocrx_word' id='word_1_192' title='bbox 2848 2119 2894 2251; x_wconf 90' lang='lat' dir='ltr'>idem</span> <span class='ocrx_word' id='word_1_193' title='bbox 2846 1939 2893 2084; x_wconf 87' lang='lat' dir='ltr'>huius</span> <span class='ocrx_word' id='word_1_194' title='bbox 2846 1767 2893 1902; x_wconf 89' lang='lat' dir='ltr'>obitu</span> <span class='ocrx_word' id='word_1_195' title='bbox 2846 1562 2893 1730; x_wconf 90' lang='lat' dir='ltr'>dolore</span> <span class='ocrx_word' id='word_1_196' title='bbox 2844 1312 2892 1528; x_wconf 85' lang='lat' dir='ltr'>afficitur</span> 
     </span>
     <span class='ocr_line' id='line_1_33' title="bbox 2924 1313 2993 2980; textangle 90"><span class='ocrx_word' id='word_1_197' title='bbox 2935 2812 2990 2980; x_wconf 88' lang='lat' dir='ltr'>tanto,</span> <span class='ocrx_word' id='word_1_198' title='bbox 2934 2580 2993 2758; x_wconf 87' lang='lat' dir='ltr'>quanto</span> <span class='ocrx_word' id='word_1_199' title='bbox 2929 2312 2975 2545; x_wconf 88' lang='lat' dir='ltr'>maiorem</span> <span class='ocrx_word' id='word_1_200' title='bbox 2927 2198 2974 2277; x_wconf 76' lang='lat' dir='ltr'>vix</span> <span class='ocrx_word' id='word_1_201' title='bbox 2942 2103 2973 2161; x_wconf 84' lang='lat' dir='ltr'>ex</span> <span class='ocrx_word' id='word_1_202' title='bbox 2926 1971 2974 2069; x_wconf 90' lang='lat' dir='ltr'>ulla</span> <span class='ocrx_word' id='word_1_203' title='bbox 2924 1841 2971 1934; x_wconf 90' lang='lat' dir='ltr'>alia</span> <span class='ocrx_word' id='word_1_204' title='bbox 2940 1752 2972 1807; x_wconf 90' lang='lat' dir='ltr'>re</span> <span class='ocrx_word' id='word_1_205' title='bbox 2925 1459 2987 1717; x_wconf 85' lang='lat' dir='ltr'>percipere</span> <span class='ocrx_word' id='word_1_206' title='bbox 2929 1313 2987 1425; x_wconf 90' lang='lat' dir='ltr'>pot-</span> 
     </span>
     <span class='ocr_line' id='line_1_34' title="bbox 3004 1311 3071 2980; textangle 90"><span class='ocrx_word' id='word_1_207' title='bbox 3015 2888 3057 2980; x_wconf 87' lang='lat' dir='ltr'>est.</span> <span class='ocrx_word' id='word_1_208' title='bbox 3008 2629 3071 2797; x_wconf 90' lang='lat' dir='ltr'>ltaque</span> <span class='ocrx_word' id='word_1_209' title='bbox 3008 2323 3054 2579; x_wconf 88' lang='lat' dir='ltr'>dimidium</span> <span class='ocrx_word' id='word_1_210' title='bbox 3010 2094 3054 2279; x_wconf 87' lang='lat' dir='ltr'>tantum</span> <span class='ocrx_word' id='word_1_211' title='bbox 3005 1872 3053 2043; x_wconf 87' lang='lat' dir='ltr'>salutis</span> <span class='ocrx_word' id='word_1_212' title='bbox 3005 1576 3068 1827; x_wconf 89' lang='lat' dir='ltr'>accepisse</span> <span class='ocrx_word' id='word_1_213' title='bbox 3004 1311 3063 1522; x_wconf 85' lang='lat' dir='ltr'>videtur,</span> 
     </span>
     <span class='ocr_line' id='line_1_35' title="bbox 3082 1311 3137 2980; textangle 90"><span class='ocrx_word' id='word_1_214' title='bbox 3090 2885 3137 2980; x_wconf 89' lang='lat' dir='ltr'>nisi</span> <span class='ocrx_word' id='word_1_215' title='bbox 3094 2759 3136 2841; x_wconf 92' lang='lat' dir='ltr'>aut</span> <span class='ocrx_word' id='word_1_216' title='bbox 3089 2668 3134 2712; x_wconf 86' lang='lat' dir='ltr'>vi</span> <span class='ocrx_word' id='word_1_217' title='bbox 3092 2539 3134 2621; x_wconf 88' lang='lat' dir='ltr'>aut</span> <span class='ocrx_word' id='word_1_218' title='bbox 3092 2391 3134 2495; x_wconf 84' lang='lat' dir='ltr'>arte</span> <span class='ocrx_word' id='word_1_219' title='bbox 3086 2207 3133 2355; x_wconf 88' lang='lat' dir='ltr'>etiam</span> <span class='ocrx_word' id='word_1_220' title='bbox 3085 1957 3134 2171; x_wconf 85' lang='lat' dir='ltr'>Alcestis</span> <span class='ocrx_word' id='word_1_221' title='bbox 3089 1765 3132 1921; x_wconf 89' lang='lat' dir='ltr'>morte</span> <span class='ocrx_word' id='word_1_222' title='bbox 3085 1483 3132 1729; x_wconf 87' lang='lat' dir='ltr'>liberetur.</span> <span class='ocrx_word' id='word_1_223' title='bbox 3082 1311 3130 1412; x_wconf 86' lang='lat' dir='ltr'>Ne·</span> 
     </span>
     <span class='ocr_line' id='line_1_36' title="bbox 3164 1310 3231 2979; textangle 90"><span class='ocrx_word' id='word_1_224' title='bbox 3185 2881 3231 2979; x_wconf 90' lang='lat' dir='ltr'>que</span> <span class='ocrx_word' id='word_1_225' title='bbox 3167 2626 3214 2830; x_wconf 85' lang='lat' dir='ltr'>difficile</span> <span class='ocrx_word' id='word_1_226' title='bbox 3171 2458 3214 2592; x_wconf 88' lang='lat' dir='ltr'>esset</span> <span class='ocrx_word' id='word_1_227' title='bbox 3166 2213 3228 2425; x_wconf 88' lang='lat' dir='ltr'>Apollini</span> <span class='ocrx_word' id='word_1_228' title='bbox 3165 2029 3224 2168; x_wconf 87' lang='lat' dir='ltr'>telis,</span> <span class='ocrx_word' id='word_1_229' title='bbox 3164 1808 3226 1981; x_wconf 90' lang='lat' dir='ltr'>quibus</span> <span class='ocrx_word' id='word_1_230' title='bbox 3178 1569 3225 1764; x_wconf 87' lang='lat' dir='ltr'>semper</span> <span class='ocrx_word' id='word_1_231' title='bbox 3167 1310 3210 1524; x_wconf 87' lang='lat' dir='ltr'>armatus</span> 
     </span>
     <span class='ocr_line' id='line_1_37' title="bbox 3241 1310 3306 2977; textangle 90"><span class='ocrx_word' id='word_1_232' title='bbox 3253 2886 3306 2977; x_wconf 90' lang='lat' dir='ltr'>est,</span> <span class='ocrx_word' id='word_1_233' title='bbox 3248 2650 3305 2849; x_wconf 90' lang='lat' dir='ltr'>Orcum,</span> <span class='ocrx_word' id='word_1_234' title='bbox 3246 2292 3292 2612; x_wconf 84' lang='lat' dir='ltr'>cummaxime</span> <span class='ocrx_word' id='word_1_235' title='bbox 3244 2199 3290 2257; x_wconf 91' lang='lat' dir='ltr'>ad</span> <span class='ocrx_word' id='word_1_236' title='bbox 3244 1879 3291 2163; x_wconf 84' lang='lat' dir='ltr'>initiandam</span> <span class='ocrx_word' id='word_1_237' title='bbox 3243 1414 3305 1842; x_wconf 81' lang='lat' dir='ltr'>devovendamque</span> <span class='ocrx_word' id='word_1_238' title='bbox 3241 1310 3290 1395; x_wconf 92' lang='lat' dir='ltr'>Al-</span> 
     </span>
     <span class='ocr_line' id='line_1_38' title="bbox 3320 1308 3387 2978; textangle 90"><span class='ocrx_word' id='word_1_239' title='bbox 3325 2822 3375 2978; x_wconf 86' lang='lat' dir='ltr'>cestin</span> <span class='ocrx_word' id='word_1_240' title='bbox 3340 2678 3371 2786; x_wconf 90' lang='lat' dir='ltr'>cum</span> <span class='ocrx_word' id='word_1_241' title='bbox 3324 2482 3387 2643; x_wconf 76' lang='lat' dir='ltr'>gladio</span> <span class='ocrx_word' id='word_1_242' title='bbox 3324 2110 3382 2445; x_wconf 88' lang='lat' dir='ltr'>accedentem,</span> <span class='ocrx_word' id='word_1_243' title='bbox 3323 1803 3385 2075; x_wconf 83' lang='lat' dir='ltr'>repellere:</span> <span class='ocrx_word' id='word_1_244' title='bbox 3321 1668 3368 1754; x_wconf 87' lang='lat' dir='ltr'>sed</span> <span class='ocrx_word' id='word_1_245' title='bbox 3322 1435 3383 1630; x_wconf 89' lang='lat' dir='ltr'>eripere</span> <span class='ocrx_word' id='word_1_246' title='bbox 3320 1308 3367 1400; x_wconf 89' lang='lat' dir='ltr'>diis</span> 
     </span>
     <span class='ocr_line' id='line_1_39' title="bbox 3400 1306 3468 2977; textangle 90"><span class='ocrx_word' id='word_1_247' title='bbox 3404 2801 3453 2977; x_wconf 84' lang='lat' dir='ltr'>inseris</span> <span class='ocrx_word' id='word_1_248' title='bbox 3403 2520 3468 2753; x_wconf 87' lang='lat' dir='ltr'>praedam</span> <span class='ocrx_word' id='word_1_249' title='bbox 3402 2365 3465 2473; x_wconf 80' lang='lat' dir='ltr'>lege</span> <span class='ocrx_word' id='word_1_250' title='bbox 3402 2194 3448 2318; x_wconf 79' lang='lat' dir='ltr'>lovis</span> <span class='ocrx_word' id='word_1_251' title='bbox 3407 1926 3457 2145; x_wconf 80' lang='lat' dir='ltr'>vetatur3</span> <span class='ocrx_word' id='word_1_252' title='bbox 3401 1685 3462 1863; x_wconf 86' lang='lat' dir='ltr'>quippe</span> <span class='ocrx_word' id='word_1_253' title='bbox 3415 1482 3461 1627; x_wconf 89' lang='lat' dir='ltr'>quum</span> <span class='ocrx_word' id='word_1_254' title='bbox 3400 1306 3447 1432; x_wconf 83' lang='lat' dir='ltr'>hanc</span> 
     </span>
     <span class='ocr_line' id='line_1_40' title="bbox 3479 1307 3548 2978; textangle 90"><span class='ocrx_word' id='word_1_255' title='bbox 3485 2818 3548 2978; x_wconf 88' lang='lat' dir='ltr'>ipsam</span> <span class='ocrx_word' id='word_1_256' title='bbox 3484 2724 3531 2783; x_wconf 88' lang='lat' dir='ltr'>ob</span> <span class='ocrx_word' id='word_1_257' title='bbox 3498 2447 3541 2685; x_wconf 83' lang='lat' dir='ltr'>caussam,</span> <span class='ocrx_word' id='word_1_258' title='bbox 3482 2283 3543 2410; x_wconf 92' lang='lat' dir='ltr'>quod</span> <span class='ocrx_word' id='word_1_259' title='bbox 3480 1897 3543 2256; x_wconf 73' lang='lat' dir='ltr'>Aesculapium,</span> <span class='ocrx_word' id='word_1_260' title='bbox 3479 1718 3525 1862; x_wconf 85' lang='lat' dir='ltr'>vitam</span> <span class='ocrx_word' id='word_1_261' title='bbox 3479 1485 3525 1690; x_wconf 81' lang='lat' dir='ltr'>mortuiS</span> <span class='ocrx_word' id='word_1_262' title='bbox 3479 1307 3525 1455; x_wconf 86' lang='lat' dir='ltr'>resti-</span> 
     </span>
     <span class='ocr_line' id='line_1_41' title="bbox 3557 1307 3622 2976; textangle 90"><span class='ocrx_word' id='word_1_263' title='bbox 3567 2737 3622 2976; x_wconf 86' lang='lat' dir='ltr'>tuentem,</span> <span class='ocrx_word' id='word_1_264' title='bbox 3562 2500 3622 2700; x_wconf 83' lang='lat' dir='ltr'>adiuvit,</span> <span class='ocrx_word' id='word_1_265' title='bbox 3560 2292 3607 2463; x_wconf 88' lang='lat' dir='ltr'>exsilio</span> <span class='ocrx_word' id='word_1_266' title='bbox 3576 2202 3606 2257; x_wconf 91' lang='lat' dir='ltr'>ac</span> <span class='ocrx_word' id='word_1_267' title='bbox 3560 1937 3606 2169; x_wconf 78' lang='lat' dir='ltr'>servitute</span> <span class='ocrx_word' id='word_1_268' title='bbox 3557 1633 3608 1912; x_wconf 87' lang='lat' dir='ltr'>mulctetur.</span> <span class='ocrx_word' id='word_1_269' title='bbox 3557 1307 3619 1562; x_wconf 84' lang='lat' dir='ltr'>Relinqui-</span> 
     </span>
     <span class='ocr_line' id='line_1_42' title="bbox 3636 1307 3703 2975; textangle 90"><span class='ocrx_word' id='word_1_270' title='bbox 3647 2880 3700 2975; x_wconf 88' lang='lat' dir='ltr'>tur,</span> <span class='ocrx_word' id='word_1_271' title='bbox 3647 2789 3689 2843; x_wconf 90' lang='lat' dir='ltr'>ut</span> <span class='ocrx_word' id='word_1_272' title='bbox 3641 2524 3689 2753; x_wconf 88' lang='lat' dir='ltr'>comitate</span> <span class='ocrx_word' id='word_1_273' title='bbox 3645 2439 3688 2489; x_wconf 93' lang='lat' dir='ltr'>et</span> <span class='ocrx_word' id='word_1_274' title='bbox 3639 2167 3703 2404; x_wconf 89' lang='lat' dir='ltr'>speciosis</span> <span class='ocrx_word' id='word_1_275' title='bbox 3638 1837 3700 2129; x_wconf 79' lang='lat' dir='ltr'>argumentis</span> <span class='ocrx_word' id='word_1_276' title='bbox 3636 1615 3685 1799; x_wconf 89' lang='lat' dir='ltr'>Orcum</span> <span class='ocrx_word' id='word_1_277' title='bbox 3636 1531 3684 1589; x_wconf 90' lang='lat' dir='ltr'>ad</span> <span class='ocrx_word' id='word_1_278' title='bbox 3652 1307 3700 1505; x_wconf 89' lang='lat' dir='ltr'>permu-</span> 
     </span>
     <span class='ocr_line' id='line_1_43' title="bbox 3716 1306 3782 2975; textangle 90"><span class='ocrx_word' id='word_1_279' title='bbox 3721 2779 3770 2975; x_wconf 89' lang='lat' dir='ltr'>tandam</span> <span class='ocrx_word' id='word_1_280' title='bbox 3720 2508 3769 2729; x_wconf 89' lang='lat' dir='ltr'>Alcestin</span> <span class='ocrx_word' id='word_1_281' title='bbox 3736 2346 3767 2455; x_wconf 90' lang='lat' dir='ltr'>cum</span> <span class='ocrx_word' id='word_1_282' title='bbox 3717 2026 3782 2309; x_wconf 77' lang='lat' dir='ltr'>grandaevis</span> <span class='ocrx_word' id='word_1_283' title='bbox 3716 1706 3780 1990; x_wconf 88' lang='lat' dir='ltr'>parentibus</span> <span class='ocrx_word' id='word_1_284' title='bbox 3717 1423 3763 1670; x_wconf 86' lang='lat' dir='ltr'>adducere</span> <span class='ocrx_word' id='word_1_285' title='bbox 3732 1306 3763 1387; x_wconf 84' lang='lat' dir='ltr'>co-</span> 
     </span>
     <span class='ocr_line' id='line_1_44' title="bbox 3796 1306 3861 2976; textangle 90"><span class='ocrx_word' id='word_1_286' title='bbox 3807 2822 3848 2976; x_wconf 85' lang='lat' dir='ltr'>netur.</span> <span class='ocrx_word' id='word_1_287' title='bbox 3800 2488 3861 2753; x_wconf 87' lang='lat' dir='ltr'>Postquam</span> <span class='ocrx_word' id='word_1_288' title='bbox 3799 2352 3857 2450; x_wconf 86' lang='lat' dir='ltr'>ille,</span> <span class='ocrx_word' id='word_1_289' title='bbox 3803 2262 3845 2315; x_wconf 89' lang='lat' dir='ltr'>ut</span> <span class='ocrx_word' id='word_1_290' title='bbox 3803 2150 3844 2227; x_wconf 87' lang='lat' dir='ltr'>est</span> <span class='ocrx_word' id='word_1_291' title='bbox 3798 1952 3857 2117; x_wconf 80' lang='lat' dir='ltr'>duruS,</span> <span class='ocrx_word' id='word_1_292' title='bbox 3796 1758 3844 1895; x_wconf 85' lang='lat' dir='ltr'>ferus</span> <span class='ocrx_word' id='word_1_293' title='bbox 3796 1306 3857 1721; x_wconf 84' lang='lat' dir='ltr'>truculentusque,</span> 
     </span>
     <span class='ocr_line' id='line_1_45' title="bbox 3875 1304 3941 2972; textangle 90"><span class='ocrx_word' id='word_1_294' title='bbox 3880 2790 3928 2972; x_wconf 88' lang='lat' dir='ltr'>nullam</span> <span class='ocrx_word' id='word_1_295' title='bbox 3879 2496 3927 2757; x_wconf 70' lang='lat' dir='ltr'>voluntatis</span> <span class='ocrx_word' id='word_1_296' title='bbox 3894 2301 3939 2459; x_wconf 89' lang='lat' dir='ltr'>neque</span> <span class='ocrx_word' id='word_1_297' title='bbox 3877 2083 3941 2265; x_wconf 83' lang='lat' dir='ltr'>gratiae</span> <span class='ocrx_word' id='word_1_298' title='bbox 3892 1930 3924 2047; x_wconf 88' lang='lat' dir='ltr'>suae</span> <span class='ocrx_word' id='word_1_299' title='bbox 3877 1671 3924 1909; x_wconf 87' lang='lat' dir='ltr'>rationem</span> <span class='ocrx_word' id='word_1_300' title='bbox 3876 1459 3923 1643; x_wconf 86' lang='lat' dir='ltr'>habere</span> <span class='ocrx_word' id='word_1_301' title='bbox 3875 1304 3933 1438; x_wconf 78' lang='lat' dir='ltr'>vidit,</span> 
     </span>
     <span class='ocr_line' id='line_1_46' title="bbox 3953 1304 4020 2971; textangle 90"><span class='ocrx_word' id='word_1_302' title='bbox 3964 2717 4005 2971; x_wconf 71' lang='lat' dir='ltr'>venturum</span> <span class='ocrx_word' id='word_1_303' title='bbox 3958 2472 4005 2680; x_wconf 88' lang='lat' dir='ltr'>alterum</span> <span class='ocrx_word' id='word_1_304' title='bbox 3958 2240 4005 2436; x_wconf 88' lang='lat' dir='ltr'>Admeti</span> <span class='ocrx_word' id='word_1_305' title='bbox 3957 2000 4003 2204; x_wconf 90' lang='lat' dir='ltr'>amicum</span> <span class='ocrx_word' id='word_1_306' title='bbox 3956 1709 4020 1964; x_wconf 86' lang='lat' dir='ltr'>praedicit,</span> <span class='ocrx_word' id='word_1_307' title='bbox 3955 1566 4017 1648; x_wconf 89' lang='lat' dir='ltr'>qui</span> <span class='ocrx_word' id='word_1_308' title='bbox 3971 1502 4001 1529; x_wconf 88' lang='lat' dir='ltr'>a</span> <span class='ocrx_word' id='word_1_309' title='bbox 3970 1412 4001 1468; x_wconf 91' lang='lat' dir='ltr'>se</span> <span class='ocrx_word' id='word_1_310' title='bbox 3953 1304 4000 1377; x_wconf 90' lang='lat' dir='ltr'>in-</span> 
     </span>
     <span class='ocr_line' id='line_1_47' title="bbox 4031 1304 4100 2971; textangle 90"><span class='ocrx_word' id='word_1_311' title='bbox 4037 2797 4083 2971; x_wconf 88' lang='lat' dir='ltr'>choata</span> <span class='ocrx_word' id='word_1_312' title='bbox 4037 2559 4100 2781; x_wconf 85' lang='lat' dir='ltr'>perficiat</span> <span class='ocrx_word' id='word_1_313' title='bbox 4042 2486 4084 2533; x_wconf 88' lang='lat' dir='ltr'>et</span> <span class='ocrx_word' id='word_1_314' title='bbox 4038 2218 4084 2470; x_wconf 89' lang='lat' dir='ltr'>mulierem</span> <span class='ocrx_word' id='word_1_315' title='bbox 4052 2110 4099 2200; x_wconf 88' lang='lat' dir='ltr'>per</span> <span class='ocrx_word' id='word_1_316' title='bbox 4037 2002 4083 2095; x_wconf 83' lang='lat' dir='ltr'>vim</span> <span class='ocrx_word' id='word_1_317' title='bbox 4036 1854 4083 1983; x_wconf 88' lang='lat' dir='ltr'>Orco</span> <span class='ocrx_word' id='word_1_318' title='bbox 4036 1649 4098 1839; x_wconf 89' lang='lat' dir='ltr'>eripiat.</span> <span class='ocrx_word' id='word_1_319' title='bbox 4033 1486 4081 1623; x_wconf 89' lang='lat' dir='ltr'>Haec</span> <span class='ocrx_word' id='word_1_320' title='bbox 4031 1304 4090 1472; x_wconf 88' lang='lat' dir='ltr'>locuti,</span> 
     </span>
     <span class='ocr_line' id='line_1_48' title="bbox 4110 1303 4178 2971; textangle 90"><span class='ocrx_word' id='word_1_321' title='bbox 4116 2796 4176 2971; x_wconf 88' lang='lat' dir='ltr'>quibus</span> <span class='ocrx_word' id='word_1_322' title='bbox 4122 2641 4163 2773; x_wconf 90' lang='lat' dir='ltr'>totus</span> <span class='ocrx_word' id='word_1_323' title='bbox 4133 2444 4163 2611; x_wconf 90' lang='lat' dir='ltr'>rerum</span> <span class='ocrx_word' id='word_1_324' title='bbox 4118 2183 4163 2423; x_wconf 88' lang='lat' dir='ltr'>decursus</span> <span class='ocrx_word' id='word_1_325' title='bbox 4115 1841 4178 2156; x_wconf 81' lang='lat' dir='ltr'>praedicitur,</span> <span class='ocrx_word' id='word_1_326' title='bbox 4114 1679 4162 1803; x_wconf 89' lang='lat' dir='ltr'>alter</span> <span class='ocrx_word' id='word_1_327' title='bbox 4129 1627 4160 1654; x_wconf 88' lang='lat' dir='ltr'>a</span> <span class='ocrx_word' id='word_1_328' title='bbox 4112 1451 4159 1595; x_wconf 91' lang='lat' dir='ltr'>domo</span> <span class='ocrx_word' id='word_1_329' title='bbox 4110 1303 4169 1421; x_wconf 82' lang='lat' dir='ltr'>abit,</span> 
     </span>
     <span class='ocr_line' id='line_1_49' title="bbox 4190 1302 4245 2970; textangle 90"><span class='ocrx_word' id='word_1_330' title='bbox 4193 2844 4242 2970; x_wconf 85' lang='lat' dir='ltr'>alter</span> <span class='ocrx_word' id='word_1_331' title='bbox 4194 2756 4242 2817; x_wconf 89' lang='lat' dir='ltr'>ad</span> <span class='ocrx_word' id='word_1_332' title='bbox 4194 2385 4245 2729; x_wconf 88' lang='lat' dir='ltr'>immolandam</span> <span class='ocrx_word' id='word_1_333' title='bbox 4195 2135 4244 2357; x_wconf 87' lang='lat' dir='ltr'>Alcestin</span> <span class='ocrx_word' id='word_1_334' title='bbox 4195 1982 4244 2110; x_wconf 91' lang='lat' dir='ltr'>intro</span> <span class='ocrx_word' id='word_1_335' title='bbox 4211 1894 4244 1947; x_wconf 89' lang='lat' dir='ltr'>se</span> <span class='ocrx_word' id='word_1_336' title='bbox 4193 1659 4243 1866; x_wconf 81' lang='lat' dir='ltr'>confert.</span> <span class='ocrx_word' id='word_1_337' title='bbox 4190 1302 4240 1589; x_wconf 83' lang='lat' dir='ltr'>Absolutum</span> 
     </span>
    </p>
   </div>
  </div>
 </body>
</html>
