5010 3336
3824 2026 3879 2146 342

3682 1252 3728 1326 ius
3683 1362 3732 1572 narratio
3685 1619 3733 1683 de
3686 1730 3735 1946 Glaucae
3671 1983 3734 2306 Creontisque
3686 2340 3736 2555 interitu.
3681 2625 3733 2920 Intrantibus

3601 1252 3650 1468 Medeae
3594 1502 3651 1643 filiis,
3606 1698 3653 1884 Glauce
3605 1931 3652 2098 oculos
3606 2135 3653 2310 avertit
3592 2345 3649 2489 atque
3590 2525 3653 2786 expalluit3
3602 2833 3650 2925 sed

3523 1250 3571 1437 Iasonis
3525 1474 3572 1725 blanditiis
3527 1763 3567 1810 et
3511 1846 3572 1998 magis
3525 2036 3571 2184 etiam
3526 2222 3572 2460 donorum
3526 2496 3574 2742 illecebris
3510 2774 3567 2925 mota,

3443 1251 3489 1354 viro
3444 1392 3491 1554 omnia
3445 1606 3493 1787 annuit.
3429 1867 3494 2059 Vixque
3444 2104 3491 2187 ille
3445 2236 3476 2344 cum
3447 2395 3493 2558 liberis
3432 2608 3493 2926 discesserat,

3362 1252 3394 1362 cum
3347 1402 3410 1596 peplum
3365 1633 3412 1792 induit
3365 1829 3407 1879 et
3365 1913 3396 2138 coronam
3350 2192 3413 2341 capiti
3350 2390 3414 2681 applicavit,
3350 2732 3413 2927 imagini

3284 1252 3315 1370 suae
3285 1411 3330 1458 in
3268 1510 3331 1710 speculo
3284 1759 3332 1975 arridens
3270 2026 3331 2326 multumque
3287 2374 3333 2528 oculis
3288 2578 3333 2637 ad
3284 2685 3331 2926 cervicem

3189 1252 3250 1536 respiciens.
3205 1607 3252 1729 Dum
3205 1769 3252 1944 deinde
3189 1983 3245 2176 compta
3198 2213 3253 2522 obambulat,
3206 2579 3252 2739 subito
3189 2775 3251 2928 palle-

3124 1253 3155 1395 scens
3109 1433 3165 1747 tremensque
3109 1784 3171 2073 corripitur,
3126 2127 3172 2278 oculis
3126 2315 3172 2390 vel
3127 2422 3172 2597 clausis
3126 2634 3172 2711 vel
3125 2747 3171 2930 distor-

3033 1252 3090 1330 tis,
3032 1367 3085 1529 muta,
3028 1580 3075 1753 spuma
3045 1800 3075 1886 ore
3035 1922 3092 2199 defluente3
3046 2250 3086 2349 tum
3029 2388 3092 2603 graviter
3029 2638 3092 2930 ingemiscit,

2965 1254 2996 1433 corona
2965 1467 3012 1686 flammas
2965 1723 3011 1981 emittente
2950 2016 3012 2273 peplisque
2965 2308 3012 2494 viscera
2950 2528 3011 2928 depascentibus·

2884 1253 2933 1474 Tandem
2885 1533 2915 1624 una
2885 1672 2915 1780 cum
2869 1828 2926 1997 patre,
2872 2051 2933 2132 qui
2886 2186 2932 2362 auxilio
2885 2401 2931 2637 *accurrit
2870 2683 2932 2931 filiamque

2790 1255 2853 1582 amplectitur,
2806 1620 2853 1829 flammis
2806 1866 2853 2138 miserrime
2805 2175 2852 2493 consumitur.

2726 1384 2773 1475 His
2711 1515 2772 1735 cognitis,
2725 1771 2773 1951 Medea
2727 1980 2772 2074 iam
2726 2113 2757 2206 non
2716 2244 2773 2595 cunctandum,
2726 2644 2772 2731 sed
2726 2769 2774 2931 statim

2645 1254 2692 1438 necatis
2646 1476 2693 1640 liberis
2647 1669 2676 1696 e
2645 1727 2687 1857 terra
2645 1884 2693 2218 excedendum
2646 2253 2677 2366 esse
2630 2391 2693 2632 intelligit.
2630 2704 2694 2932 Accingi-

2566 1255 2607 1336 tur
2549 1369 2612 1517 igitur
2565 1553 2611 1611 ad
2554 1651 2612 1868 caedem,
2548 1908 2595 2049 quam
2565 2087 2596 2182 non
2566 2218 2612 2376 miuus
2566 2416 2613 2509 sibi
2550 2546 2614 2657 ipsi,
2551 2696 2598 2838 quam
2568 2872 2614 2931 il-

2474 1257 2533 1336 lis,
2485 1372 2533 1555 inferre
2484 1590 2531 1796 videtur.

2405 1391 2452 1581 Caedes
2404 1618 2450 1743 intus
2388 1792 2450 1988 quidem
2387 2034 2450 2317 perficitur,
2406 2373 2452 2459 sed
2406 2506 2447 2603 tam
2390 2653 2452 2931 perspicue,

2324 1256 2366 1309 ut
2324 1352 2355 1444 vox
2308 1495 2354 1757 puerorum
2324 1808 2369 1943 chori
2307 1991 2355 2134 opem
2309 2186 2371 2549 implorantium
2326 2588 2356 2645 eo
2310 2682 2371 2789 ipso
2327 2826 2357 2937 mo-

2233 1255 2285 1450 mento,
2228 1502 2275 1595 quo
2232 1640 2290 2027 interficiuntur,
2242 2077 2289 2321 audiatur.
2246 2395 2293 2585 lnteriun
2247 2636 2292 2720 ille
2246 2770 2293 2936 Solem

2149 1256 2212 1606 Telluremque
2155 1642 2209 1941 obtestatur,
2164 1978 2205 2033 ut
2165 2068 2211 2254 facinus
2149 2292 2211 2583 prohibeant
2166 2619 2211 2777 dirum
2166 2819 2212 2933 hor-

2070 1256 2131 1585 rendumque,
2069 1623 2114 1781 neque
2086 1819 2131 1903 ulli
2071 1941 2131 2156 priorum
2086 2195 2131 2549 conserendum
2071 2588 2126 2787 praeter
2086 2825 2133 2934 lno-

2004 1256 2051 1329 nis
2004 1364 2051 1547 factum
1993 1585 2050 1831 furiosae,
1991 1885 2036 2009 quae
1991 2044 2051 2241 quidem
2007 2280 2051 2441 statim
1990 2480 2047 2594 post
2007 2632 2054 2833 caedem
2007 2871 2053 2930 li-

1925 1258 1972 1485 berorum
1925 1524 1971 1571 in
1925 1609 1956 1743 mare
1926 1780 1956 1833 se
1910 1870 1972 2198 praecipitans
1926 2236 1957 2344 cum
1927 2382 1973 2495 tiliis
1926 2534 1966 2834 commortua
1924 2855 1973 2934 sit.

1845 1393 1893 1562 Prodit
1846 1601 1892 1738 lason
1834 1775 1892 1980 timens,
1846 2030 1877 2089 ne
1831 2139 1893 2253 quid
1847 2303 1893 2417 mali
1846 2464 1892 2580 filiis
1846 2630 1876 2656 a
1845 2708 1894 2934 Creontis

1750 1259 1811 1478 cognatis
1765 1517 1813 1782 ulciscendi
1765 1821 1797 1993 caussa
1756 2029 1813 2299 inseratur,
1751 2356 1813 2648 cognitaque
1750 2694 1797 2783 per
1766 2819 1811 2937 cho-

1684 1258 1715 1369 rum
1685 1420 1731 1571 caede
1673 1620 1732 1838 nefasta,
1686 1886 1732 2022 fores
1685 2070 1732 2263 aedium
1686 2315 1730 2481 statim
1669 2533 1733 2736 effringi
1685 2783 1732 2937 iubet.

1605 1260 1652 1370 Hoc
1604 1393 1651 1505 dum
1594 1539 1650 1755 molitur,
1605 1795 1652 1957 subito
1605 1975 1651 2152 Medea
1604 2181 1651 2228 in
1605 2258 1636 2402 curru
1590 2431 1636 2578 supra
1605 2614 1652 2761 aedes
1604 2789 1652 2939 subli-

1525 1259 1571 1353 mis
1525 1391 1554 1498 cum
1523 1541 1570 1806 liberorum
1509 1844 1571 2133 corporibus
1509 2184 1572 2512 conspicitur,
1509 2551 1555 2695 quem
1524 2742 1556 2939 currum

1443 1260 1491 1347 Sol
1429 1383 1489 1489 ipse
1432 1526 1490 1596 ei,
1444 1647 1484 1699 ut
1445 1734 1490 1791 ab
1444 1828 1491 2043 hostium
1445 2084 1491 2266 ultione
1445 2302 1486 2403 tuta
1434 2441 1487 2600 esset,
1428 2654 1498 2939 suppedita—

1362 1259 1409 1340 vit.
1364 1411 1410 1495 Sic
1364 1531 1410 1637 vice
1352 1673 1410 1781 dei,
1348 1834 1410 1915 qui
1365 1951 1394 1977 a
1364 2026 1410 2245 machina
1353 2295 1412 2502 dicitur,
1348 2548 1411 2654 ipsa
1348 2701 1411 2938 fungitur,

1268 1256 1314 1419 neque
1284 1456 1330 1611 solum
1283 1650 1314 1730 res
1273 1763 1325 2080 consummat,
1268 2118 1330 2257 quasi
1284 2277 1331 2464 calculo
1285 2488 1331 2636 ducto
1285 2658 1332 2938 iniuriarum

1187 1261 1244 1406 atque
1186 1452 1233 1751 poenarum,
1188 1799 1250 2106 invicemque
1204 2169 1249 2227 ab
1204 2280 1251 2451 Iasone
1204 2499 1251 2633 audit
1205 2681 1251 2938 criminum

1111 1263 1168 1708 enumerationem,
1122 1761 1167 1845 sed
1122 1886 1168 2029 etiam
1107 2068 1153 2191 quae
1122 2228 1169 2391 sutura
1123 2430 1164 2542 sunt
1124 2578 1170 2639 de
1126 2677 1172 2939 liberorum

1027 1262 1089 1547 sepultura,
1043 1596 1089 1657 de
1041 1711 1073 1797 sua
1043 1848 1088 1942 vita
1028 1989 1083 2135 atque
1034 2192 1089 2603 commoratione,
1045 2656 1091 2717 de
1046 2754 1093 2939 Iasonis

962 1263 1008 1402 obitu
946 1450 1009 1706 praedicit.
948 1781 1009 1968 Quibus
962 2017 1008 2160 dictis
962 2208 1010 2395 volucri
963 2446 995 2589 curru
950 2638 996 2728 per
965 2776 997 2938 aerem

881 1263 928 1479 Athenas
882 1528 929 1587 ad
866 1637 926 1856 Aegeum
870 1908 929 2191 devehitur,
882 2241 929 2423 frustra
884 2470 931 2641 iasone
868 2691 927 2938 precante,

800 1262 843 1319 ut
801 1355 848 1529 saltem
785 1566 832 1773 corpora
799 1809 847 2076 liberorum
799 2114 847 2334 manibus
788 2370 851 2646 attingenda
787 2699 850 2940 sepelien-

704 1264 769 1425 daque
720 1462 768 1556 sibi
705 1591 767 1851 relinquat.

626 1396 688 1568 Poeta,
626 1605 672 1701 quo
638 1737 672 1880 nemo
638 1916 681 2140 veterum
637 2176 688 2349 melius
638 2383 689 2679 feminarum
641 2714 686 2934 naturam

3210 3184 3217 3185 s
3244 3178 3955 3187 >.-‚—.-——ae-—-———0..—-—..
