<?xml version="1.0" encoding="UTF-8"?>
<!DOCTYPE html PUBLIC "-//W3C//DTD XHTML 1.0 Transitional//EN"
    "http://www.w3.org/TR/xhtml1/DTD/xhtml1-transitional.dtd">
<html xmlns="http://www.w3.org/1999/xhtml" xml:lang="en" lang="en">
 <head>
  <title>
</title>
<meta http-equiv="Content-Type" content="text/html;charset=utf-8" />
  <meta name='ocr-system' content='tesseract 3.04.00' />
  <meta name='ocr-capabilities' content='ocr_page ocr_carea ocr_par ocr_line ocrx_word'/>
</head>
<body>
  <div class='ocr_page' id='page_1' title='image "./euripidesrestitu00hartuoft_raw_0518.png"; bbox 0 0 5010 3336; ppageno 0'>
   <div class='ocr_carea' id='block_1_1' title="bbox 3981 0 5010 3332">
    <p class='ocr_par' dir='ltr' id='par_1_1' title="bbox 3981 0 5010 3332">
     <span class='ocr_line' id='line_1_1' title="bbox 3981 0 5010 3332; textangle 270"><span class='ocrx_word' id='word_1_1' title='bbox 3981 0 5010 3332; x_wconf 95' lang='lat' dir='ltr'> </span> 
     </span>
    </p>
   </div>
   <div class='ocr_carea' id='block_1_2' title="bbox 3945 2090 3972 2115">
    <p class='ocr_par' dir='ltr' id='par_1_2' title="bbox 3945 2090 3972 2115">
     <span class='ocr_line' id='line_1_2' title="bbox 3945 2090 3972 2115; textangle 270"><span class='ocrx_word' id='word_1_2' title='bbox 3945 2090 3972 2115; x_wconf 55' lang='lat' dir='ltr'>f</span> 
     </span>
    </p>
   </div>
   <div class='ocr_carea' id='block_1_3' title="bbox 3915 2088 3970 2214">
    <p class='ocr_par' dir='ltr' id='par_1_3' title="bbox 3915 2088 3970 2214">
     <span class='ocr_line' id='line_1_3' title="bbox 3915 2088 3970 2214; textangle 270"><span class='ocrx_word' id='word_1_3' title='bbox 3915 2088 3970 2214; x_wconf 69' lang='lat'>000</span> 
     </span>
    </p>
   </div>
   <div class='ocr_carea' id='block_1_4' title="bbox 1601 1291 3831 2997">
    <p class='ocr_par' dir='ltr' id='par_1_4' title="bbox 1601 1291 3831 2997">
     <span class='ocr_line' id='line_1_4' title="bbox 3758 1302 3831 2991; textangle 270"><span class='ocrx_word' id='word_1_4' title='bbox 3779 1302 3829 1456; x_wconf 81' lang='lat' dir='ltr'>tentia</span> <span class='ocrx_word' id='word_1_5' title='bbox 3782 1481 3815 1575; x_wconf 89' lang='lat' dir='ltr'>non</span> <span class='ocrx_word' id='word_1_6' title='bbox 3780 1607 3831 1912; x_wconf 85' lang='lat' dir='ltr'>Graecorum</span> <span class='ocrx_word' id='word_1_7' title='bbox 3764 1948 3821 2154; x_wconf 66' lang='lat' dir='ltr'>tantum,</span> <span class='ocrx_word' id='word_1_8' title='bbox 3775 2194 3823 2283; x_wconf 78' lang='lat' dir='ltr'>sed</span> <span class='ocrx_word' id='word_1_9' title='bbox 3773 2321 3822 2535; x_wconf 85' lang='lat' dir='ltr'>omnium</span> <span class='ocrx_word' id='word_1_10' title='bbox 3758 2558 3820 2795; x_wconf 84' lang='lat' dir='ltr'>gentium,</span> <span class='ocrx_word' id='word_1_11' title='bbox 3765 2834 3810 2991; x_wconf 43' lang='lat' dir='ltr'>omni&gt;a</span> 
     </span>
     <span class='ocr_line' id='line_1_5' title="bbox 3675 1302 3745 2995; textangle 270"><span class='ocrx_word' id='word_1_12' title='bbox 3702 1302 3733 1385; x_wconf 89' lang='lat' dir='ltr'>um</span> <span class='ocrx_word' id='word_1_13' title='bbox 3686 1422 3743 1708; x_wconf 70' lang='lat' dir='ltr'>poetarum,</span> <span class='ocrx_word' id='word_1_14' title='bbox 3699 1759 3745 1974; x_wconf 84' lang='lat' dir='ltr'>omnium</span> <span class='ocrx_word' id='word_1_15' title='bbox 3680 2024 3743 2468; x_wconf 68' lang='lat' dir='ltr'>philosophorum,</span> <span class='ocrx_word' id='word_1_16' title='bbox 3675 2506 3740 2782; x_wconf 87' lang='lat' dir='ltr'>quicunqne</span> <span class='ocrx_word' id='word_1_17' title='bbox 3686 2817 3720 2913; x_wconf 91' lang='lat' dir='ltr'>non</span> <span class='ocrx_word' id='word_1_18' title='bbox 3685 2946 3732 2995; x_wconf 87' lang='lat' dir='ltr'>in</span> 
     </span>
     <span class='ocr_line' id='line_1_6' title="bbox 3598 1302 3669 2997; textangle 270"><span class='ocrx_word' id='word_1_19' title='bbox 3607 1302 3669 1467; x_wconf 90' lang='lat' dir='ltr'>quiete</span> <span class='ocrx_word' id='word_1_20' title='bbox 3623 1502 3653 1559; x_wconf 87' lang='lat' dir='ltr'>ac</span> <span class='ocrx_word' id='word_1_21' title='bbox 3620 1599 3668 1823; x_wconf 82' lang='lat' dir='ltr'>socordia</span> <span class='ocrx_word' id='word_1_22' title='bbox 3616 1862 3650 2106; x_wconf 78' lang='lat' dir='ltr'>summum</span> <span class='ocrx_word' id='word_1_23' title='bbox 3615 2155 3662 2335; x_wconf 84' lang='lat' dir='ltr'>bonnm</span> <span class='ocrx_word' id='word_1_24' title='bbox 3598 2373 3660 2588; x_wconf 82' lang='lat' dir='ltr'>positum</span> <span class='ocrx_word' id='word_1_25' title='bbox 3611 2626 3642 2738; x_wconf 85' lang='lat' dir='ltr'>esse</span> <span class='ocrx_word' id='word_1_26' title='bbox 3607 2773 3654 2997; x_wconf 85' lang='lat' dir='ltr'>arbitrati</span> 
     </span>
     <span class='ocr_line' id='line_1_7' title="bbox 3514 1301 3588 2995; textangle 270"><span class='ocrx_word' id='word_1_27' title='bbox 3541 1301 3584 1445; x_wconf 83' lang='lat' dir='ltr'>sunt:</span> <span class='ocrx_word' id='word_1_28' title='bbox 3541 1482 3588 1579; x_wconf 89' lang='lat' dir='ltr'>hoc</span> <span class='ocrx_word' id='word_1_29' title='bbox 3540 1615 3582 1802; x_wconf 79' lang='lat' dir='ltr'>tantum</span> <span class='ocrx_word' id='word_1_30' title='bbox 3537 1838 3585 1964; x_wconf 88' lang='lat' dir='ltr'>inter</span> <span class='ocrx_word' id='word_1_31' title='bbox 3535 1999 3567 2168; x_wconf 85' lang='lat' dir='ltr'>eorum</span> <span class='ocrx_word' id='word_1_32' title='bbox 3521 2207 3580 2517; x_wconf 71' lang='lat' dir='ltr'>sententiam,</span> <span class='ocrx_word' id='word_1_33' title='bbox 3516 2555 3578 2634; x_wconf 88' lang='lat' dir='ltr'>qui</span> <span class='ocrx_word' id='word_1_34' title='bbox 3514 2671 3577 2836; x_wconf 86' lang='lat' dir='ltr'>plures</span> <span class='ocrx_word' id='word_1_35' title='bbox 3527 2874 3574 2995; x_wconf 83' lang='lat' dir='ltr'>deos</span> 
     </span>
     <span class='ocr_line' id='line_1_8' title="bbox 3441 1301 3509 2995; textangle 270"><span class='ocrx_word' id='word_1_36' title='bbox 3451 1301 3509 1499; x_wconf 78' lang='lat' dir='ltr'>colunt,</span> <span class='ocrx_word' id='word_1_37' title='bbox 3462 1549 3503 1597; x_wconf 87' lang='lat' dir='ltr'>et</span> <span class='ocrx_word' id='word_1_38' title='bbox 3449 1634 3492 1834; x_wconf 82' lang='lat' dir='ltr'>eorum,</span> <span class='ocrx_word' id='word_1_39' title='bbox 3441 1889 3503 1971; x_wconf 88' lang='lat' dir='ltr'>qui</span> <span class='ocrx_word' id='word_1_40' title='bbox 3455 2008 3501 2065; x_wconf 92' lang='lat' dir='ltr'>ab</span> <span class='ocrx_word' id='word_1_41' title='bbox 3454 2103 3485 2197; x_wconf 89' lang='lat' dir='ltr'>uno</span> <span class='ocrx_word' id='word_1_42' title='bbox 3454 2235 3501 2433; x_wconf 87' lang='lat' dir='ltr'>numine</span> <span class='ocrx_word' id='word_1_43' title='bbox 3452 2469 3499 2630; x_wconf 85' lang='lat' dir='ltr'>omnia</span> <span class='ocrx_word' id='word_1_44' title='bbox 3447 2667 3497 2995; x_wconf 86' lang='lat' dir='ltr'>administrari</span> 
     </span>
     <span class='ocr_line' id='line_1_9' title="bbox 3351 1301 3427 2992; textangle 270"><span class='ocrx_word' id='word_1_45' title='bbox 3365 1301 3423 1652; x_wconf 81' lang='lat' dir='ltr'>cognoverunt,</span> <span class='ocrx_word' id='word_1_46' title='bbox 3366 1690 3427 1915; x_wconf 73' lang='lat' dir='ltr'>interest,</span> <span class='ocrx_word' id='word_1_47' title='bbox 3361 1953 3422 2082; x_wconf 89' lang='lat' dir='ltr'>quod</span> <span class='ocrx_word' id='word_1_48' title='bbox 3376 2113 3422 2184; x_wconf 89' lang='lat' dir='ltr'>illi</span> <span class='ocrx_word' id='word_1_49' title='bbox 3372 2221 3420 2534; x_wconf 79' lang='lat' dir='ltr'>aemulationi</span> <span class='ocrx_word' id='word_1_50' title='bbox 3369 2559 3418 2805; x_wconf 87' lang='lat' dir='ltr'>interdum</span> <span class='ocrx_word' id='word_1_51' title='bbox 3351 2844 3408 2992; x_wconf 86' lang='lat' dir='ltr'>atque</span> 
     </span>
     <span class='ocr_line' id='line_1_10' title="bbox 3273 1298 3348 2991; textangle 270"><span class='ocrx_word' id='word_1_52' title='bbox 3300 1298 3348 1511; x_wconf 76' lang='lat' dir='ltr'>invidiae</span> <span class='ocrx_word' id='word_1_53' title='bbox 3300 1548 3347 1751; x_wconf 88' lang='lat' dir='ltr'>deorum</span> <span class='ocrx_word' id='word_1_54' title='bbox 3295 1788 3344 2013; x_wconf 85' lang='lat' dir='ltr'>tribuunt</span> <span class='ocrx_word' id='word_1_55' title='bbox 3280 2062 3325 2185; x_wconf 87' lang='lat' dir='ltr'>quae</span> <span class='ocrx_word' id='word_1_56' title='bbox 3294 2236 3339 2418; x_wconf 80' lang='lat' dir='ltr'>rectius</span> <span class='ocrx_word' id='word_1_57' title='bbox 3292 2468 3338 2515; x_wconf 88' lang='lat' dir='ltr'>bi</span> <span class='ocrx_word' id='word_1_58' title='bbox 3273 2569 3337 2874; x_wconf 77' lang='lat' dir='ltr'><strong>benignitate</strong></span> <span class='ocrx_word' id='word_1_59' title='bbox 3288 2910 3335 2991; x_wconf 87' lang='lat' dir='ltr'>dei</span> 
     </span>
     <span class='ocr_line' id='line_1_11' title="bbox 3194 1300 3267 2994; textangle 270"><span class='ocrx_word' id='word_1_60' title='bbox 3204 1300 3267 1474; x_wconf 90' lang='lat' dir='ltr'>optimi</span> <span class='ocrx_word' id='word_1_61' title='bbox 3220 1508 3266 1706; x_wconf 82' lang='lat' dir='ltr'>maximi</span> <span class='ocrx_word' id='word_1_62' title='bbox 3203 1743 3266 1911; x_wconf 74' lang='lat' dir='ltr'>dirigi,</span> <span class='ocrx_word' id='word_1_63' title='bbox 3200 1969 3245 2062; x_wconf 91' lang='lat' dir='ltr'>quo</span> <span class='ocrx_word' id='word_1_64' title='bbox 3201 2107 3260 2258; x_wconf 79' lang='lat' dir='ltr'>magis</span> <span class='ocrx_word' id='word_1_65' title='bbox 3212 2308 3259 2527; x_wconf 76' lang='lat' dir='ltr'>homines</span> <span class='ocrx_word' id='word_1_66' title='bbox 3194 2576 3255 2994; x_wconf 77' lang='lat' dir='ltr'>praestantissimi</span> 
     </span>
     <span class='ocr_line' id='line_1_12' title="bbox 3114 1300 3187 2991; textangle 270"><span class='ocrx_word' id='word_1_67' title='bbox 3124 1300 3187 1484; x_wconf 88' lang='lat' dir='ltr'>quique</span> <span class='ocrx_word' id='word_1_68' title='bbox 3139 1519 3169 1544; x_wconf 87' lang='lat' dir='ltr'>a</span> <span class='ocrx_word' id='word_1_69' title='bbox 3140 1581 3186 1711; x_wconf 60' lang='lat' dir='ltr'>vitiis</span> <span class='ocrx_word' id='word_1_70' title='bbox 3125 1750 3177 1894; x_wconf 84' lang='lat' dir='ltr'>atque</span> <span class='ocrx_word' id='word_1_71' title='bbox 3135 1931 3181 2182; x_wconf 82' lang='lat' dir='ltr'>erroribus</span> <span class='ocrx_word' id='word_1_72' title='bbox 3117 2219 3172 2502; x_wconf 64' lang='lat' dir='ltr'>purgentur„</span> <span class='ocrx_word' id='word_1_73' title='bbox 3130 2541 3177 2634; x_wconf 83' lang='lat' dir='ltr'>sibi</span> <span class='ocrx_word' id='word_1_74' title='bbox 3114 2671 3173 2991; x_wconf 75' lang='lat' dir='ltr'><strong>persuadent.</strong></span> 
     </span>
     <span class='ocr_line' id='line_1_13' title="bbox 3035 1298 3109 2991; textangle 270"><span class='ocrx_word' id='word_1_75' title='bbox 3061 1298 3109 1381; x_wconf 86' lang='lat' dir='ltr'>Nil</span> <span class='ocrx_word' id='word_1_76' title='bbox 3060 1419 3106 1544; x_wconf 88' lang='lat' dir='ltr'>enim</span> <span class='ocrx_word' id='word_1_77' title='bbox 3060 1582 3090 1746; x_wconf 84' lang='lat' dir='ltr'>rerum</span> <span class='ocrx_word' id='word_1_78' title='bbox 3056 1786 3106 2107; x_wconf 83' lang='lat' dir='ltr'>humanarum</span> <span class='ocrx_word' id='word_1_79' title='bbox 3052 2146 3099 2395; x_wconf 81' lang='lat' dir='ltr'>erroribus</span> <span class='ocrx_word' id='word_1_80' title='bbox 3035 2433 3097 2664; x_wconf 58' lang='lat' dir='ltr'>titiisque</span> <span class='ocrx_word' id='word_1_81' title='bbox 3046 2700 3089 2851; x_wconf 77' lang='lat' dir='ltr'>vacat.</span> <span class='ocrx_word' id='word_1_82' title='bbox 3047 2900 3094 2991; x_wconf 84' lang='lat' dir='ltr'>Er-</span> 
     </span>
     <span class='ocr_line' id='line_1_14' title="bbox 2952 1298 3026 2990; textangle 270"><span class='ocrx_word' id='word_1_83' title='bbox 2968 1298 3012 1490; x_wconf 64' lang='lat' dir='ltr'>ramus‚</span> <span class='ocrx_word' id='word_1_84' title='bbox 2965 1543 3011 1690; x_wconf 89' lang='lat' dir='ltr'>quum</span> <span class='ocrx_word' id='word_1_85' title='bbox 2977 1749 3026 2048; x_wconf 79' lang='lat' dir='ltr'>addiscimus</span> <span class='ocrx_word' id='word_1_86' title='bbox 2975 2101 3021 2176; x_wconf 65' lang='lat' dir='ltr'>vel</span> <span class='ocrx_word' id='word_1_87' title='bbox 2959 2222 3020 2403; x_wconf 88' lang='lat' dir='ltr'>aliquid</span> <span class='ocrx_word' id='word_1_88' title='bbox 2971 2451 3017 2561; x_wconf 66' lang='lat' dir='ltr'>novi</span> <span class='ocrx_word' id='word_1_89' title='bbox 2952 2614 3017 2990; x_wconf 77' lang='lat' dir='ltr'>investigamus3</span> 
     </span>
     <span class='ocr_line' id='line_1_15' title="bbox 2871 1301 2947 2991; textangle 270"><span class='ocrx_word' id='word_1_90' title='bbox 2885 1301 2932 1580; x_wconf 76' lang='lat' dir='ltr'>peccamus,</span> <span class='ocrx_word' id='word_1_91' title='bbox 2884 1621 2947 1917; x_wconf 84' lang='lat' dir='ltr'>simulatque</span> <span class='ocrx_word' id='word_1_92' title='bbox 2882 1946 2943 2127; x_wconf 86' lang='lat' dir='ltr'>aliquid</span> <span class='ocrx_word' id='word_1_93' title='bbox 2876 2156 2939 2649; x_wconf 82' lang='lat' dir='ltr'>concupiscimus),</span> <span class='ocrx_word' id='word_1_94' title='bbox 2890 2686 2935 2790; x_wconf 89' lang='lat' dir='ltr'>iura</span> <span class='ocrx_word' id='word_1_95' title='bbox 2871 2826 2935 2991; x_wconf 81' lang='lat' dir='ltr'>leges-</span> 
     </span>
     <span class='ocr_line' id='line_1_16' title="bbox 2799 1298 2869 2990; textangle 270"><span class='ocrx_word' id='word_1_96' title='bbox 2806 1298 2852 1394; x_wconf 88' lang='lat' dir='ltr'>que</span> <span class='ocrx_word' id='word_1_97' title='bbox 2821 1430 2869 1665; x_wconf 78' lang='lat' dir='ltr'>violamus</span> <span class='ocrx_word' id='word_1_98' title='bbox 2819 1704 2865 1848; x_wconf 86' lang='lat' dir='ltr'>etiam</span> <span class='ocrx_word' id='word_1_99' title='bbox 2804 1887 2857 2019; x_wconf 89' lang='lat' dir='ltr'>tum,</span> <span class='ocrx_word' id='word_1_100' title='bbox 2800 2058 2845 2207; x_wconf 86' lang='lat' dir='ltr'>quum</span> <span class='ocrx_word' id='word_1_101' title='bbox 2799 2244 2860 2544; x_wconf 84' lang='lat' dir='ltr'>reipublicae</span> <span class='ocrx_word' id='word_1_102' title='bbox 2809 2580 2856 2764; x_wconf 81' lang='lat' dir='ltr'>morbis</span> <span class='ocrx_word' id='word_1_103' title='bbox 2808 2803 2853 2990; x_wconf 88' lang='lat' dir='ltr'>mederi</span> 
     </span>
     <span class='ocr_line' id='line_1_17' title="bbox 2723 1296 2788 2989; textangle 270"><span class='ocrx_word' id='word_1_104' title='bbox 2741 1296 2788 1372; x_wconf 84' lang='lat' dir='ltr'>vel</span> <span class='ocrx_word' id='word_1_105' title='bbox 2723 1408 2787 1738; x_wconf 88' lang='lat' dir='ltr'>cuiuscunque</span> <span class='ocrx_word' id='word_1_106' title='bbox 2736 1766 2785 2018; x_wconf 87' lang='lat' dir='ltr'>hominum</span> <span class='ocrx_word' id='word_1_107' title='bbox 2733 2047 2780 2404; x_wconf 88' lang='lat' dir='ltr'>coniunctionis</span> <span class='ocrx_word' id='word_1_108' title='bbox 2731 2433 2779 2557; x_wconf 88' lang='lat' dir='ltr'>mala</span> <span class='ocrx_word' id='word_1_109' title='bbox 2729 2591 2778 2861; x_wconf 86' lang='lat' dir='ltr'>inveterata</span> <span class='ocrx_word' id='word_1_110' title='bbox 2728 2894 2774 2989; x_wconf 86' lang='lat' dir='ltr'>tol-</span> 
     </span>
     <span class='ocr_line' id='line_1_18' title="bbox 2636 1296 2704 2985; textangle 270"><span class='ocrx_word' id='word_1_111' title='bbox 2661 1296 2701 1403; x_wconf 58' lang='lat' dir='ltr'>lere</span> <span class='ocrx_word' id='word_1_112' title='bbox 2660 1451 2691 1699; x_wconf 89' lang='lat' dir='ltr'>conamur.</span> <span class='ocrx_word' id='word_1_113' title='bbox 2657 1775 2704 1838; x_wconf 76' lang='lat' dir='ltr'>Et</span> <span class='ocrx_word' id='word_1_114' title='bbox 2639 1886 2701 1993; x_wconf 83' lang='lat' dir='ltr'>quis</span> <span class='ocrx_word' id='word_1_115' title='bbox 2654 2044 2695 2144; x_wconf 89' lang='lat' dir='ltr'>tam</span> <span class='ocrx_word' id='word_1_116' title='bbox 2640 2193 2699 2475; x_wconf 61' lang='lat' dir='ltr'>abs-tinem,</span> <span class='ocrx_word' id='word_1_117' title='bbox 2636 2524 2697 2631; x_wconf 81' lang='lat' dir='ltr'>quis</span> <span class='ocrx_word' id='word_1_118' title='bbox 2650 2684 2691 2783; x_wconf 88' lang='lat' dir='ltr'>tam</span> <span class='ocrx_word' id='word_1_119' title='bbox 2649 2832 2695 2985; x_wconf 80' lang='lat' dir='ltr'>firmis</span> 
     </span>
     <span class='ocr_line' id='line_1_19' title="bbox 2562 1295 2627 2990; textangle 270"><span class='ocrx_word' id='word_1_120' title='bbox 2565 1295 2627 1560; x_wconf 78' lang='lat' dir='ltr'>probitatis</span> <span class='ocrx_word' id='word_1_121' title='bbox 2577 1598 2624 1744; x_wconf 89' lang='lat' dir='ltr'>armis</span> <span class='ocrx_word' id='word_1_122' title='bbox 2574 1782 2620 1998; x_wconf 80' lang='lat' dir='ltr'>munitus</span> <span class='ocrx_word' id='word_1_123' title='bbox 2562 2036 2614 2126; x_wconf 81' lang='lat' dir='ltr'>est,</span> <span class='ocrx_word' id='word_1_124' title='bbox 2573 2167 2613 2219; x_wconf 88' lang='lat' dir='ltr'>ut</span> <span class='ocrx_word' id='word_1_125' title='bbox 2572 2256 2619 2302; x_wconf 90' lang='lat' dir='ltr'>in</span> <span class='ocrx_word' id='word_1_126' title='bbox 2572 2339 2618 2501; x_wconf 87' lang='lat' dir='ltr'>media</span> <span class='ocrx_word' id='word_1_127' title='bbox 2570 2527 2601 2727; x_wconf 81' lang='lat' dir='ltr'>versans</span> <span class='ocrx_word' id='word_1_128' title='bbox 2568 2764 2616 2990; x_wconf 60' lang='lat' dir='ltr'>vitiorum</span> 
     </span>
     <span class='ocr_line' id='line_1_20' title="bbox 2476 1295 2546 2990; textangle 270"><span class='ocrx_word' id='word_1_129' title='bbox 2484 1295 2546 1643; x_wconf 82' lang='lat' dir='ltr'>scelerumque</span> <span class='ocrx_word' id='word_1_130' title='bbox 2480 1703 2541 1991; x_wconf 79' lang='lat' dir='ltr'>contagione</span> <span class='ocrx_word' id='word_1_131' title='bbox 2492 2050 2524 2146; x_wconf 89' lang='lat' dir='ltr'>nou</span> <span class='ocrx_word' id='word_1_132' title='bbox 2476 2207 2539 2315; x_wconf 85' lang='lat' dir='ltr'>ipse</span> <span class='ocrx_word' id='word_1_133' title='bbox 2490 2369 2537 2617; x_wconf 89' lang='lat' dir='ltr'>interdum</span> <span class='ocrx_word' id='word_1_134' title='bbox 2488 2679 2536 2990; x_wconf 84' lang='lat' dir='ltr'>contamine-</span> 
     </span>
     <span class='ocr_line' id='line_1_21' title="bbox 2392 1298 2468 2990; textangle 270"><span class='ocrx_word' id='word_1_135' title='bbox 2418 1298 2462 1380; x_wconf 86' lang='lat' dir='ltr'>tur</span> <span class='ocrx_word' id='word_1_136' title='bbox 2404 1416 2468 1539; x_wconf 70' lang='lat'>**)‘3</span> <span class='ocrx_word' id='word_1_137' title='bbox 2415 1608 2463 1817; x_wconf 81' lang='lat' dir='ltr'>Accedit</span> <span class='ocrx_word' id='word_1_138' title='bbox 2399 1844 2459 1990; x_wconf 67' lang='lat' dir='ltr'>quod,</span> <span class='ocrx_word' id='word_1_139' title='bbox 2397 2032 2442 2179; x_wconf 92' lang='lat' dir='ltr'>quum</span> <span class='ocrx_word' id='word_1_140' title='bbox 2410 2210 2459 2404; x_wconf 68' lang='lat' dir='ltr'>inventa</span> <span class='ocrx_word' id='word_1_141' title='bbox 2410 2442 2455 2602; x_wconf 87' lang='lat' dir='ltr'>omnia</span> <span class='ocrx_word' id='word_1_142' title='bbox 2394 2638 2439 2795; x_wconf 86' lang='lat' dir='ltr'>paene</span> <span class='ocrx_word' id='word_1_143' title='bbox 2392 2832 2438 2990; x_wconf 88' lang='lat' dir='ltr'>aeque</span> 
     </span>
     <span class='ocr_line' id='line_1_22' title="bbox 2313 1294 2385 2990; textangle 270"><span class='ocrx_word' id='word_1_144' title='bbox 2323 1294 2385 1573; x_wconf 81' lang='lat' dir='ltr'>perniciosa</span> <span class='ocrx_word' id='word_1_145' title='bbox 2320 1610 2377 1757; x_wconf 85' lang='lat' dir='ltr'>atque</span> <span class='ocrx_word' id='word_1_146' title='bbox 2332 1794 2380 2021; x_wconf 79' lang='lat' dir='ltr'>salutaria</span> <span class='ocrx_word' id='word_1_147' title='bbox 2322 2059 2377 2173; x_wconf 85' lang='lat' dir='ltr'>sint,</span> <span class='ocrx_word' id='word_1_148' title='bbox 2330 2211 2377 2488; x_wconf 67' lang='lat' dir='ltr'>inventores</span> <span class='ocrx_word' id='word_1_149' title='bbox 2313 2535 2375 2628; x_wconf 88' lang='lat' dir='ltr'>ipsi</span> <span class='ocrx_word' id='word_1_150' title='bbox 2328 2666 2375 2833; x_wconf 87' lang='lat' dir='ltr'>statim</span> <span class='ocrx_word' id='word_1_151' title='bbox 2328 2870 2374 2990; x_wconf 87' lang='lat' dir='ltr'>utri-</span> 
     </span>
     <span class='ocr_line' id='line_1_23' title="bbox 2232 1294 2301 2989; textangle 270"><span class='ocrx_word' id='word_1_152' title='bbox 2242 1294 2288 1453; x_wconf 85' lang='lat' dir='ltr'>usque</span> <span class='ocrx_word' id='word_1_153' title='bbox 2255 1519 2301 1811; x_wconf 68' lang='lat' dir='ltr'>conditionis</span> <span class='ocrx_word' id='word_1_154' title='bbox 2251 1873 2299 2089; x_wconf 81' lang='lat' dir='ltr'>fructum</span> <span class='ocrx_word' id='word_1_155' title='bbox 2235 2155 2296 2295; x_wconf 82' lang='lat' dir='ltr'>quasi</span> <span class='ocrx_word' id='word_1_156' title='bbox 2232 2344 2295 2611; x_wconf 79' lang='lat' dir='ltr'>anticipare</span> <span class='ocrx_word' id='word_1_157' title='bbox 2248 2660 2294 2836; x_wconf 82' lang='lat' dir='ltr'>solent.</span> <span class='ocrx_word' id='word_1_158' title='bbox 2248 2907 2295 2989; x_wconf 86' lang='lat' dir='ltr'>Sic</span> 
     </span>
     <span class='ocr_line' id='line_1_24' title="bbox 2154 1294 2225 2991; textangle 270"><span class='ocrx_word' id='word_1_159' title='bbox 2164 1294 2225 1600; x_wconf 72' lang='lat' dir='ltr'>Palamedes,</span> <span class='ocrx_word' id='word_1_160' title='bbox 2161 1638 2220 1719; x_wconf 92' lang='lat' dir='ltr'>qui</span> <span class='ocrx_word' id='word_1_161' title='bbox 2173 1756 2220 1947; x_wconf 84' lang='lat' dir='ltr'>litteras</span> <span class='ocrx_word' id='word_1_162' title='bbox 2159 1974 2217 2174; x_wconf 65' lang='lat' dir='ltr'>invenit„</span> <span class='ocrx_word' id='word_1_163' title='bbox 2170 2213 2216 2490; x_wconf 83' lang='lat' dir='ltr'>litterarum</span> <span class='ocrx_word' id='word_1_164' title='bbox 2154 2519 2199 2613; x_wconf 86' lang='lat' dir='ltr'>ope</span> <span class='ocrx_word' id='word_1_165' title='bbox 2154 2640 2215 2858; x_wconf 85' lang='lat' dir='ltr'>ipsarum</span> <span class='ocrx_word' id='word_1_166' title='bbox 2168 2895 2215 2991; x_wconf 86' lang='lat' dir='ltr'>cir-</span> 
     </span>
     <span class='ocr_line' id='line_1_25' title="bbox 2075 1295 2140 2985; textangle 270"><span class='ocrx_word' id='word_1_167' title='bbox 2098 1295 2137 1584; x_wconf 80' lang='lat' dir='ltr'>cumventus</span> <span class='ocrx_word' id='word_1_168' title='bbox 2086 1623 2135 1727; x_wconf 81' lang='lat' dir='ltr'>est3</span> <span class='ocrx_word' id='word_1_169' title='bbox 2096 1780 2140 1849; x_wconf 82' lang='lat' dir='ltr'>sic</span> <span class='ocrx_word' id='word_1_170' title='bbox 2092 1886 2140 2132; x_wconf 85' lang='lat' dir='ltr'>Daedalus</span> <span class='ocrx_word' id='word_1_171' title='bbox 2076 2172 2137 2479; x_wconf 73' lang='lat' dir='ltr'>labyrintho,</span> <span class='ocrx_word' id='word_1_172' title='bbox 2075 2520 2136 2650; x_wconf 88' lang='lat' dir='ltr'>quod</span> <span class='ocrx_word' id='word_1_173' title='bbox 2077 2688 2135 2985; x_wconf 80' lang='lat' dir='ltr'>aedificavit,</span> 
     </span>
     <span class='ocr_line' id='line_1_26' title="bbox 1994 1293 2065 2987; textangle 270"><span class='ocrx_word' id='word_1_174' title='bbox 2002 1293 2065 1404; x_wconf 84' lang='lat' dir='ltr'>ipse</span> <span class='ocrx_word' id='word_1_175' title='bbox 2006 1434 2065 1670; x_wconf 66' lang='lat' dir='ltr'>inclusum,</span> <span class='ocrx_word' id='word_1_176' title='bbox 1999 1708 2059 1901; x_wconf 68' lang='lat' dir='ltr'>penniS‚</span> <span class='ocrx_word' id='word_1_177' title='bbox 1999 1940 2044 2058; x_wconf 85' lang='lat' dir='ltr'>quas</span> <span class='ocrx_word' id='word_1_178' title='bbox 1997 2087 2058 2395; x_wconf 76' lang='lat' dir='ltr'>excogitavit,</span> <span class='ocrx_word' id='word_1_179' title='bbox 2011 2432 2057 2586; x_wconf 88' lang='lat' dir='ltr'>filium</span> <span class='ocrx_word' id='word_1_180' title='bbox 1994 2610 2055 2717; x_wconf 83' lang='lat' dir='ltr'>ipse</span> <span class='ocrx_word' id='word_1_181' title='bbox 1994 2754 2056 2987; x_wconf 84' lang='lat' dir='ltr'>perdidit.</span> 
     </span>
     <span class='ocr_line' id='line_1_27' title="bbox 1914 1295 1987 2986; textangle 270"><span class='ocrx_word' id='word_1_182' title='bbox 1939 1295 1987 1395; x_wconf 89' lang='lat' dir='ltr'>Sed</span> <span class='ocrx_word' id='word_1_183' title='bbox 1938 1430 1981 1486; x_wconf 91' lang='lat' dir='ltr'>ut</span> <span class='ocrx_word' id='word_1_184' title='bbox 1939 1523 1967 1549; x_wconf 87' lang='lat' dir='ltr'>a</span> <span class='ocrx_word' id='word_1_185' title='bbox 1936 1587 1984 1767; x_wconf 84' lang='lat' dir='ltr'>sabulis</span> <span class='ocrx_word' id='word_1_186' title='bbox 1921 1806 1980 2054; x_wconf 83' lang='lat' dir='ltr'>recedam,</span> <span class='ocrx_word' id='word_1_187' title='bbox 1920 2094 1979 2381; x_wconf 84' lang='lat' dir='ltr'>Columbus‚</span> <span class='ocrx_word' id='word_1_188' title='bbox 1916 2420 1976 2499; x_wconf 88' lang='lat' dir='ltr'>qui</span> <span class='ocrx_word' id='word_1_189' title='bbox 1914 2537 1975 2725; x_wconf 85' lang='lat' dir='ltr'>primus</span> <span class='ocrx_word' id='word_1_190' title='bbox 1928 2760 1975 2809; x_wconf 89' lang='lat' dir='ltr'>in</span> <span class='ocrx_word' id='word_1_191' title='bbox 1929 2844 1960 2986; x_wconf 87' lang='lat' dir='ltr'>ocea-</span> 
     </span>
     <span class='ocr_line' id='line_1_28' title="bbox 1836 1293 1899 2986; textangle 270"><span class='ocrx_word' id='word_1_192' title='bbox 1858 1293 1890 1410; x_wconf 87' lang='lat' dir='ltr'>num</span> <span class='ocrx_word' id='word_1_193' title='bbox 1857 1450 1899 1651; x_wconf 78' lang='lat' dir='ltr'>evectus</span> <span class='ocrx_word' id='word_1_194' title='bbox 1855 1690 1886 1868; x_wconf 78' lang='lat' dir='ltr'>novum</span> <span class='ocrx_word' id='word_1_195' title='bbox 1853 1906 1894 2147; x_wconf 82' lang='lat' dir='ltr'>terrarum</span> <span class='ocrx_word' id='word_1_196' title='bbox 1851 2184 1898 2355; x_wconf 88' lang='lat' dir='ltr'>orbem</span> <span class='ocrx_word' id='word_1_197' title='bbox 1836 2392 1896 2609; x_wconf 74' lang='lat' dir='ltr'>detexit,</span> <span class='ocrx_word' id='word_1_198' title='bbox 1850 2647 1881 2741; x_wconf 90' lang='lat' dir='ltr'>non</span> <span class='ocrx_word' id='word_1_199' title='bbox 1849 2778 1896 2877; x_wconf 85' lang='lat' dir='ltr'>fuit</span> <span class='ocrx_word' id='word_1_200' title='bbox 1849 2911 1897 2986; x_wconf 85' lang='lat' dir='ltr'>fe·-</span> 
     </span>
     <span class='ocr_line' id='line_1_29' title="bbox 1753 1291 1826 2988; textangle 270"><span class='ocrx_word' id='word_1_201' title='bbox 1779 1291 1826 1435; x_wconf 81' lang='lat' dir='ltr'>lic10r</span> <span class='ocrx_word' id='word_1_202' title='bbox 1765 1471 1825 1803; x_wconf 82' lang='lat' dir='ltr'>Prometheo,</span> <span class='ocrx_word' id='word_1_203' title='bbox 1759 1853 1819 1934; x_wconf 85' lang='lat' dir='ltr'>qui</span> <span class='ocrx_word' id='word_1_204' title='bbox 1759 1971 1820 2134; x_wconf 77' lang='lat' dir='ltr'>ignem</span> <span class='ocrx_word' id='word_1_205' title='bbox 1771 2173 1819 2264; x_wconf 87' lang='lat' dir='ltr'>diis</span> <span class='ocrx_word' id='word_1_206' title='bbox 1753 2302 1811 2583; x_wconf 87' lang='lat' dir='ltr'>surreptum</span> <span class='ocrx_word' id='word_1_207' title='bbox 1769 2621 1800 2731; x_wconf 90' lang='lat' dir='ltr'>cum</span> <span class='ocrx_word' id='word_1_208' title='bbox 1769 2768 1816 2988; x_wconf 89' lang='lat' dir='ltr'>mortali-</span> 
     </span>
     <span class='ocr_line' id='line_1_30' title="bbox 1674 1291 1746 2985; textangle 270"><span class='ocrx_word' id='word_1_209' title='bbox 1698 1291 1746 1384; x_wconf 88' lang='lat' dir='ltr'>bus</span> <span class='ocrx_word' id='word_1_210' title='bbox 1695 1422 1744 1813; x_wconf 79' lang='lat' dir='ltr'>communicavit.</span> <span class='ocrx_word' id='word_1_211' title='bbox 1680 1884 1741 2108; x_wconf 83' lang='lat' dir='ltr'>Uterque</span> <span class='ocrx_word' id='word_1_212' title='bbox 1678 2156 1738 2424; x_wconf 70' lang='lat' dir='ltr'>malorum,</span> <span class='ocrx_word' id='word_1_213' title='bbox 1674 2474 1720 2599; x_wconf 85' lang='lat' dir='ltr'>quae</span> <span class='ocrx_word' id='word_1_214' title='bbox 1687 2636 1730 2876; x_wconf 88' lang='lat' dir='ltr'>terrarum</span> <span class='ocrx_word' id='word_1_215' title='bbox 1687 2910 1736 2985; x_wconf 87' lang='lat' dir='ltr'>in-</span> 
     </span>
     <span class='ocr_line' id='line_1_31' title="bbox 1601 1293 1666 2699; textangle 270"><span class='ocrx_word' id='word_1_216' title='bbox 1619 1293 1666 1412; x_wconf 85' lang='lat' dir='ltr'>colis</span> <span class='ocrx_word' id='word_1_217' title='bbox 1607 1450 1666 1632; x_wconf 88' lang='lat' dir='ltr'>intulit,</span> <span class='ocrx_word' id='word_1_218' title='bbox 1601 1668 1648 1851; x_wconf 86' lang='lat' dir='ltr'>poenas</span> <span class='ocrx_word' id='word_1_219' title='bbox 1613 1890 1661 2119; x_wconf 79' lang='lat' dir='ltr'>divinitus</span> <span class='ocrx_word' id='word_1_220' title='bbox 1610 2157 1659 2452; x_wconf 83' lang='lat' dir='ltr'>sustinuisse</span> <span class='ocrx_word' id='word_1_221' title='bbox 1605 2487 1655 2699; x_wconf 84' lang='lat' dir='ltr'>videtur.</span> 
     </span>
    </p>
   </div>
   <div class='ocr_carea' id='block_1_5' title="bbox 702 1319 1539 2665">
    <p class='ocr_par' dir='ltr' id='par_1_5' title="bbox 1479 1349 1539 2503">
     <span class='ocr_line' id='line_1_32' title="bbox 1479 1349 1539 2503; textangle 270"><span class='ocrx_word' id='word_1_222' title='bbox 1486 1349 1538 1398; x_wconf 66' lang='lat'>⁹⁶)</span> <span class='ocrx_word' id='word_1_223' title='bbox 1487 1431 1539 1522; x_wconf 76' lang='lat' dir='ltr'>„Es</span> <span class='ocrx_word' id='word_1_224' title='bbox 1498 1552 1539 1633; x_wconf 84' lang='lat' dir='ltr'>irrt</span> <span class='ocrx_word' id='word_1_225' title='bbox 1498 1664 1537 1743; x_wconf 90' lang='lat' dir='ltr'>der</span> <span class='ocrx_word' id='word_1_226' title='bbox 1484 1772 1536 1980; x_wconf 80' lang='lat' dir='ltr'>Mensch,</span> <span class='ocrx_word' id='word_1_227' title='bbox 1495 2010 1522 2058; x_wconf 85' lang='lat' dir='ltr'>so</span> <span class='ocrx_word' id='word_1_228' title='bbox 1479 2089 1534 2211; x_wconf 79' lang='lat' dir='ltr'>lang&#39;</span> <span class='ocrx_word' id='word_1_229' title='bbox 1493 2243 1519 2291; x_wconf 87' lang='lat' dir='ltr'>er</span> <span class='ocrx_word' id='word_1_230' title='bbox 1491 2322 1532 2503; x_wconf 81' lang='lat' dir='ltr'>strebt.’&#39;</span> 
     </span>
    </p>

    <p class='ocr_par' dir='ltr' id='par_1_6' title="bbox 1269 1319 1470 2591">
     <span class='ocr_line' id='line_1_33' title="bbox 1411 1319 1470 2530; textangle 270"><span class='ocrx_word' id='word_1_231' title='bbox 1416 1319 1470 1397; x_wconf 36' lang='grc' dir='ltr'>ἣφΛΖ)</span> <span class='ocrx_word' id='word_1_232' title='bbox 1417 1428 1468 1575; x_wconf 78' lang='lat' dir='ltr'>„nem</span> <span class='ocrx_word' id='word_1_233' title='bbox 1427 1604 1468 1741; x_wconf 67' lang='lat' dir='ltr'>bosen</span> <span class='ocrx_word' id='word_1_234' title='bbox 1425 1775 1467 1899; x_wconf 89' lang='lat' dir='ltr'>Geist</span> <span class='ocrx_word' id='word_1_235' title='bbox 1411 1930 1464 2090; x_wconf 77' lang='lat' dir='ltr'>geliiirt</span> <span class='ocrx_word' id='word_1_236' title='bbox 1423 2122 1463 2191; x_wconf 88' lang='lat' dir='ltr'>die</span> <span class='ocrx_word' id='word_1_237' title='bbox 1412 2222 1462 2366; x_wconf 83' lang='lat' dir='ltr'>Erde,</span> <span class='ocrx_word' id='word_1_238' title='bbox 1420 2407 1462 2530; x_wconf 88' lang='lat' dir='ltr'>nicht</span> 
     </span>
     <span class='ocr_line' id='line_1_34' title="bbox 1344 1432 1398 2591; textangle 270"><span class='ocrx_word' id='word_1_239' title='bbox 1358 1432 1398 1548; x_wconf 89' lang='lat' dir='ltr'>Dem</span> <span class='ocrx_word' id='word_1_240' title='bbox 1344 1579 1393 1727; x_wconf 83' lang='lat' dir='ltr'>guten.</span> <span class='ocrx_word' id='word_1_241' title='bbox 1355 1788 1395 1896; x_wconf 79' lang='lat' dir='ltr'>VVas</span> <span class='ocrx_word' id='word_1_242' title='bbox 1355 1929 1395 1999; x_wconf 89' lang='lat' dir='ltr'>die</span> <span class='ocrx_word' id='word_1_243' title='bbox 1352 2034 1394 2287; x_wconf 74' lang='lat' dir='ltr'>Giittlichen</span> <span class='ocrx_word' id='word_1_244' title='bbox 1352 2317 1378 2398; x_wconf 85' lang='lat' dir='ltr'>uns</span> <span class='ocrx_word' id='word_1_245' title='bbox 1348 2429 1391 2591; x_wconf 88' lang='lat' dir='ltr'>senden</span> 
     </span>
     <span class='ocr_line' id='line_1_35' title="bbox 1269 1431 1328 2427; textangle 270"><span class='ocrx_word' id='word_1_246' title='bbox 1288 1431 1328 1526; x_wconf 78' lang='lat' dir='ltr'>Von</span> <span class='ocrx_word' id='word_1_247' title='bbox 1277 1558 1327 1687; x_wconf 86' lang='lat' dir='ltr'>oben,</span> <span class='ocrx_word' id='word_1_248' title='bbox 1285 1719 1326 1815; x_wconf 85' lang='lat' dir='ltr'>sind</span> <span class='ocrx_word' id='word_1_249' title='bbox 1285 1845 1310 1926; x_wconf 89' lang='lat' dir='ltr'>nur</span> <span class='ocrx_word' id='word_1_250' title='bbox 1269 1957 1323 2230; x_wconf 81' lang='lat' dir='ltr'>allgemeine</span> <span class='ocrx_word' id='word_1_251' title='bbox 1281 2263 1322 2427; x_wconf 80' lang='lat' dir='ltr'>Giiter:</span> 
     </span>
    </p>

    <p class='ocr_par' dir='ltr' id='par_1_7' title="bbox 1139 1427 1258 2665">
     <span class='ocr_line' id='line_1_36' title="bbox 1198 1427 1258 2665; textangle 270"><span class='ocrx_word' id='word_1_252' title='bbox 1216 1427 1258 1505; x_wconf 87' lang='lat' dir='ltr'>Ihr</span> <span class='ocrx_word' id='word_1_253' title='bbox 1215 1535 1258 1669; x_wconf 85' lang='lat' dir='ltr'>Licht</span> <span class='ocrx_word' id='word_1_254' title='bbox 1205 1700 1255 1882; x_wconf 70' lang='lat' dir='ltr'>ersi-eut,</span> <span class='ocrx_word' id='word_1_255' title='bbox 1212 1914 1253 2030; x_wconf 88' lang='lat' dir='ltr'>doch</span> <span class='ocrx_word' id='word_1_256' title='bbox 1212 2060 1251 2215; x_wconf 81' lang='lat' dir='ltr'>macht</span> <span class='ocrx_word' id='word_1_257' title='bbox 1211 2245 1237 2291; x_wconf 86' lang='lat' dir='ltr'>es</span> <span class='ocrx_word' id='word_1_258' title='bbox 1210 2320 1250 2477; x_wconf 81' lang='lat' dir='ltr'>keinen</span> <span class='ocrx_word' id='word_1_259' title='bbox 1198 2510 1250 2665; x_wconf 86' lang='lat' dir='ltr'>reich;</span> 
     </span>
     <span class='ocr_line' id='line_1_37' title="bbox 1139 1431 1188 2483; textangle 270"><span class='ocrx_word' id='word_1_260' title='bbox 1146 1431 1188 1482; x_wconf 89' lang='lat' dir='ltr'>In</span> <span class='ocrx_word' id='word_1_261' title='bbox 1147 1510 1188 1657; x_wconf 89' lang='lat' dir='ltr'>ihrem</span> <span class='ocrx_word' id='word_1_262' title='bbox 1144 1688 1185 1816; x_wconf 83' lang='lat' dir='ltr'>Staat</span> <span class='ocrx_word' id='word_1_263' title='bbox 1142 1846 1184 2028; x_wconf 81' lang='lat' dir='ltr'>erwirbt</span> <span class='ocrx_word' id='word_1_264' title='bbox 1141 2058 1182 2154; x_wconf 85' lang='lat' dir='ltr'>sich</span> <span class='ocrx_word' id='word_1_265' title='bbox 1141 2190 1181 2288; x_wconf 78' lang='lat' dir='ltr'>kein</span> <span class='ocrx_word' id='word_1_266' title='bbox 1139 2320 1181 2483; x_wconf 79' lang='lat' dir='ltr'>Besitz.</span> 
     </span>
    </p>

    <p class='ocr_par' dir='ltr' id='par_1_8' title="bbox 1058 1430 1118 2412">
     <span class='ocr_line' id='line_1_38' title="bbox 1058 1430 1118 2412; textangle 270"><span class='ocrx_word' id='word_1_267' title='bbox 1077 1430 1118 1528; x_wconf 87' lang='lat' dir='ltr'>Den</span> <span class='ocrx_word' id='word_1_268' title='bbox 1061 1559 1115 1801; x_wconf 80' lang='lat' dir='ltr'>Edelstein‚</span> <span class='ocrx_word' id='word_1_269' title='bbox 1073 1833 1113 1911; x_wconf 82' lang='lat' dir='ltr'>das</span> <span class='ocrx_word' id='word_1_270' title='bbox 1058 1942 1112 2265; x_wconf 64' lang='lat' dir='ltr'>allgeschf&#39;itzte</span> <span class='ocrx_word' id='word_1_271' title='bbox 1067 2297 1111 2412; x_wconf 84' lang='lat' dir='ltr'>Gold</span> 
     </span>
    </p>

    <p class='ocr_par' dir='ltr' id='par_1_9' title="bbox 845 1428 1049 2607">
     <span class='ocr_line' id='line_1_39' title="bbox 983 1429 1049 2607; textangle 270"><span class='ocrx_word' id='word_1_272' title='bbox 1006 1429 1049 1553; x_wconf 79' lang='lat' dir='ltr'>Muss</span> <span class='ocrx_word' id='word_1_273' title='bbox 1003 1583 1032 1687; x_wconf 78' lang='lat' dir='ltr'>man</span> <span class='ocrx_word' id='word_1_274' title='bbox 1004 1718 1044 1800; x_wconf 88' lang='lat' dir='ltr'>den</span> <span class='ocrx_word' id='word_1_275' title='bbox 1001 1832 1042 2029; x_wconf 79' lang='lat' dir='ltr'>salschen</span> <span class='ocrx_word' id='word_1_276' title='bbox 1001 2060 1041 2271; x_wconf 69' lang='lat' dir='ltr'>Machten</span> <span class='ocrx_word' id='word_1_277' title='bbox 983 2301 1041 2607; x_wconf 83' lang='lat' dir='ltr'>abgewinnen,</span> 
     </span>
     <span class='ocr_line' id='line_1_40' title="bbox 915 1428 978 2501; textangle 270"><span class='ocrx_word' id='word_1_278' title='bbox 936 1428 978 1513; x_wconf 80' lang='lat' dir='ltr'>Die</span> <span class='ocrx_word' id='word_1_279' title='bbox 934 1542 971 1715; x_wconf 82' lang='lat' dir='ltr'>unterm</span> <span class='ocrx_word' id='word_1_280' title='bbox 918 1746 973 1874; x_wconf 81' lang='lat' dir='ltr'>Tage</span> <span class='ocrx_word' id='word_1_281' title='bbox 915 1903 972 2289; x_wconf 76' lang='lat' dir='ltr'>schlimmgeartet</span> <span class='ocrx_word' id='word_1_282' title='bbox 928 2317 968 2501; x_wconf 85' lang='lat' dir='ltr'>hausen.</span> 
     </span>
     <span class='ocr_line' id='line_1_41' title="bbox 845 1428 908 2521; textangle 270"><span class='ocrx_word' id='word_1_283' title='bbox 864 1428 908 1564; x_wconf 73' lang='lat' dir='ltr'>Nicht</span> <span class='ocrx_word' id='word_1_284' title='bbox 863 1594 904 1711; x_wconf 89' lang='lat' dir='ltr'>ohne</span> <span class='ocrx_word' id='word_1_285' title='bbox 850 1743 903 1884; x_wconf 84' lang='lat' dir='ltr'>Opfer</span> <span class='ocrx_word' id='word_1_286' title='bbox 859 1912 900 2066; x_wconf 83' lang='lat' dir='ltr'>macht</span> <span class='ocrx_word' id='word_1_287' title='bbox 860 2096 887 2199; x_wconf 84' lang='lat' dir='ltr'>man</span> <span class='ocrx_word' id='word_1_288' title='bbox 859 2232 901 2295; x_wconf 88' lang='lat' dir='ltr'>sie</span> <span class='ocrx_word' id='word_1_289' title='bbox 845 2324 899 2521; x_wconf 80' lang='lat' dir='ltr'>gencigt‚</span> 
     </span>
    </p>

    <p class='ocr_par' dir='ltr' id='par_1_10' title="bbox 778 1431 837 2485">
     <span class='ocr_line' id='line_1_42' title="bbox 778 1431 837 2485; textangle 270"><span class='ocrx_word' id='word_1_290' title='bbox 795 1431 837 1531; x_wconf 89' lang='lat' dir='ltr'>Und</span> <span class='ocrx_word' id='word_1_291' title='bbox 791 1560 834 1713; x_wconf 81' lang='lat' dir='ltr'>keiner</span> <span class='ocrx_word' id='word_1_292' title='bbox 778 1743 831 1875; x_wconf 81' lang='lat' dir='ltr'>lebet,</span> <span class='ocrx_word' id='word_1_293' title='bbox 789 1908 830 1986; x_wconf 86' lang='lat' dir='ltr'>der</span> <span class='ocrx_word' id='word_1_294' title='bbox 789 2022 817 2101; x_wconf 85' lang='lat' dir='ltr'>aus</span> <span class='ocrx_word' id='word_1_295' title='bbox 789 2131 830 2278; x_wconf 83' lang='lat' dir='ltr'>ihrem</span> <span class='ocrx_word' id='word_1_296' title='bbox 788 2306 830 2485; x_wconf 84' lang='lat' dir='ltr'>Dienste</span> 
     </span>
    </p>

    <p class='ocr_par' dir='ltr' id='par_1_11' title="bbox 702 1423 767 2393">
     <span class='ocr_line' id='line_1_43' title="bbox 702 1423 767 2393; textangle 270"><span class='ocrx_word' id='word_1_297' title='bbox 723 1423 767 1508; x_wconf 83' lang='lat' dir='ltr'>Die</span> <span class='ocrx_word' id='word_1_298' title='bbox 718 1537 764 1669; x_wconf 82' lang='lat' dir='ltr'>Seele</span> <span class='ocrx_word' id='word_1_299' title='bbox 718 1699 763 1822; x_wconf 71' lang='lat' dir='ltr'>hatte</span> <span class='ocrx_word' id='word_1_300' title='bbox 717 1850 760 1947; x_wconf 87' lang='lat' dir='ltr'>rein</span> <span class='ocrx_word' id='word_1_301' title='bbox 702 1976 760 2393; x_wconf 80' lang='lat' dir='ltr'>zuriickgezogen.’⁷</span> 
     </span>
    </p>
   </div>
   <div class='ocr_carea' id='block_1_6' title="bbox 0 0 0 2666">
    <p class='ocr_par' dir='ltr' id='par_1_12' title="bbox 0 0 0 2666">
     <span class='ocr_line' id='line_1_44' title="bbox 0 0 0 2666; textangle 270"><span class='ocrx_word' id='word_1_302' title='bbox 0 0 0 2666; x_wconf 95' lang='lat' dir='ltr'>                                               </span> 
     </span>
    </p>
   </div>
   <div class='ocr_carea' id='block_1_7' title="bbox 689 3330 3833 3336">
    <p class='ocr_par' dir='ltr' id='par_1_13' title="bbox 689 3330 3833 3336">
     <span class='ocr_line' id='line_1_45' title="bbox 689 3330 3833 3336; textangle 270"><span class='ocrx_word' id='word_1_303' title='bbox 689 3330 3833 3336; x_wconf 95' lang='lat' dir='ltr'> </span> 
     </span>
    </p>
   </div>
   <div class='ocr_carea' id='block_1_8' title="bbox 0 0 751 3332">
    <p class='ocr_par' dir='ltr' id='par_1_14' title="bbox 0 0 751 3332">
     <span class='ocr_line' id='line_1_46' title="bbox 0 0 751 3332; textangle 270"><span class='ocrx_word' id='word_1_304' title='bbox 0 0 751 3332; x_wconf 95' lang='lat' dir='ltr'> </span> 
     </span>
    </p>
   </div>
  </div>
 </body>
</html>
