5010 3336
3194 3246 3239 3318 (frili-

1052 2108 1112 2230 515

1215 2782 1266 3010 invidiam
1212 2446 1267 2747 reverentem,
1205 2128 1262 2411 noluerunt,
1199 1943 1247 2092 iidem
1193 1664 1261 1913 peregrini
1192 1329 1258 1636 punitionem

1293 2667 1344 3009 lubentissime
1287 2358 1337 2633 concedunt
1298 2166 1343 2324 neque
1280 1959 1328 2131 alienis
1275 1681 1340 1918 impensis
1289 1502 1322 1645 suum
1271 1329 1321 1470 debi-

1380 2906 1424 3008 tum
1371 2686 1420 2871 exsolvi
1384 2502 1431 2650 aegre
1366 2290 1412 2469 serunt.

1452 2798 1500 2876 Ad
1450 2513 1497 2768 Hecubam
1445 2336 1493 2485 redeo
1478 2305 1500 2317 .,
1454 2146 1501 2268 quae
1436 1896 1500 2118 perinde,
1438 1726 1497 1871 atque
1432 1494 1494 1702 Ulysses
1446 1328 1478 1467 suam

1534 2762 1596 3006 quondam
1530 2504 1576 2726 dextram
1521 2263 1586 2468 supplex
1518 2052 1580 2228 attigit,
1517 1908 1578 2016 ipsa
1513 1660 1560 1878 vicissim
1528 1438 1559 1633 manum
1512 1328 1557 1403 in-

1613 2878 1679 3007 grati
1610 2607 1671 2842 contingit
1608 2393 1654 2574 haecce
1600 2160 1646 2357 dicens:
1594 1960 1656 2109 „Noli
1594 1756 1651 1926 filiam,
1592 1522 1639 1720 unicum
1590 1327 1637 1482 malo-

1709 2895 1742 3005 rnm
1691 2622 1747 2863 solatium,
1703 2566 1733 2593 e
1682 2321 1732 2539 manibus
1678 2165 1725 2289 meis
1675 1810 1723 2123 abstrahere:
1673 1650 1719 1774 haec
1670 1484 1717 1613 enim
1668 1323 1716 1447 mihi

1788 2914 1836 3005 pro
1771 2689 1834 2877 patria,
1782 2562 1830 2653 pro
1761 2314 1818 2527 nutrice,
1774 2176 1822 2266 pro
1755 1920 1819 2139 scipIOne
1756 1792 1801 1883 est.
1749 1613 1796 1721 Non
1749 1431 1796 1576 decet
1748 1324 1795 1398 vi-

1857 2837 1900 3002 ctores
1847 2580 1911 2800 potentia
1841 2385 1899 2546 abuti,
1854 2172 1900 2331 neque
1836 2054 1899 2134 qui
1835 1858 1882 2007 rebus
1828 1579 1878 1807 secundis
1833 1322 1875 1527 utuntur

1934 2710 1994 3004 perpetuam
1925 2568 1971 2676 fore
1920 2246 1967 2534 felicitatem
1931 1993 1979 2208 sperare.
1912 1678 1959 1921 Miserere
1907 1544 1956 1644 mei
1912 1443 1954 1491 et
1923 1323 1954 1402 re-

2023 2832 2057 3003 versus
2007 2733 2053 2793 ad
2002 2423 2051 2696 exercitum
2000 2082 2046 2387 Graecorum
1994 1892 2051 2045 doce,
2006 1698 2053 1839 quam
1988 1596 2035 1661 sit
2003 1483 2034 1562 res
1986 1322 2033 1445 invi-

2088 2863 2136 3002 diosa
2083 2596 2133 2829 mulieres
2080 2282 2128 2558 interficere
2082 2083 2139 2245 raptas
2076 1990 2122 2048 ab
2071 1834 2130 1949 ari&
2069 1623 2131 1797 quibus
2072 1445 2114 1588 antea
2081 1320 2129 1411 pe-

2166 2728 2232 3004 perceritis.
2162 2507 2209 2657 Certe
2160 2346 2205 2471 enim
2157 2144 2204 2318 vestris
2155 1930 2216 2119 legibus
2150 1790 2214 1895 pari
2164 1600 2213 1757 poena
2160 1320 2194 1571 servorum

2248 2823 2296 3002 caedes
2249 2647 2305 2797 atque
2241 2302 2301 2618 ingenuorum
2236 1984 2283 2271 vindicatur.
2228 1655 2279 1931 Auctoritas
2231 1457 2274 1619 autem
2230 1320 2284 1421 tua,

2328 2850 2375 3000 etiam
2321 2565 2370 2801 siminus
2324 2390 2381 2528 grata
2318 2192 2374 2355 dices5
2310 1772 2377 2138 persuadebit.”
2307 1548 2355 1688 Haec
2305 1317 2353 1501 frustra

2409 2747 2454 3001 tentantur
2402 2666 2447 2713 in
2414 2572 2445 2630 eo
2398 2416 2455 2536 vim,
2396 2297 2457 2378 qui
2394 2103 2441 2261 omnia
2389 1808 2448 2077 ambitioni,
2388 1705 2435 1772 nil
2384 1316 2434 1683 misericordiae

2499 2838 2546 3001 neque
2478 2517 2529 2805 humanitati
2476 2308 2533 2491 tribuit,
2475 2174 2537 2269 qui,
2473 2047 2519 2138 nisi
2470 1816 2518 2010 ferreae
2466 1603 2514 1781 frontis
2468 1414 2522 1566 esset,
2460 1316 2508 1378 ad

2561 2667 2612 3002 abducendam
2558 2338 2619 2637 Polyxenam
2570 2218 2601 2311 non
2554 2074 2615 2181 ipse
2551 1810 2597 2039 venisset.
2546 1611 2607 1739 Quin
2544 1417 2602 1583 etiam,
2556 1317 2588 1380 ne

2644 2862 2705 2999 virgo
2642 2607 2689 2826 mentum
2642 2476 2684 2558 aut
2636 2207 2682 2429 dextram
2630 1780 2695 2158 apprehendere
2624 1527 2689 1736 supplex
2621 1315 2685 1493 possit,

2739 2938 2771 2994 os
2726 2766 2768 2901 retro
2724 2531 2780 2729 torquet
2729 2200 2775 2497 manumque
2712 2018 2774 2165 pallio
2708 1749 2757 1981 occultat.
2706 1613 2753 1680 At
2704 1456 2750 1578 haec
2706 1313 2748 1422 tan-

2808 2893 2851 2998 tum
2801 2699 2856 2856 abest,
2803 2607 2844 2663 ut
2810 2415 2860 2573 genua
2794 2294 2839 2381 viri
2791 1971 2838 2257 advolvatur
2792 1861 2834 1945 aut
2803 1782 2833 1836 se
2785 1547 2847 1758 turpiter
2781 1312 2839 1526 abiiciat‚

2887 2944 2930 2998 ut
2879 2784 2927 2910 mori
2877 2622 2924 2748 ultro
2875 2405 2938 2585 cupiat7
2888 2195 2919 2368 necem
2867 1899 2917 2161 humilitati
2882 1807 2912 1863 ac
2862 1529 2920 1770 servituti,
2862 1443 2908 1492 in
2875 1311 2923 1407 qua

2960 2874 3011 2998 nihil
2958 2724 3006 2840 boni
2970 2495 3018 2695 sperare
2954 2307 3010 2468 liceat,
2957 1948 3011 2268 anteponens.
2945 1752 2992 1878 Tam
2956 1426 3007 1715 generosam
2954 1310 2986 1391 re·-

3041 2886 3103 2993 giae
3036 2655 3098 2854 virginis
3032 2404 3079 2620 indolem
3034 1989 3091 2370 repraesentans
3031 1792 3090 1940 poeta
3022 1512 3069 1743 heroicos
3033 1310 3067 1478 mores

3130 2768 3166 2995 servasse
3112 2438 3159 2733 scholiastae
3109 2207 3154 2402 videtur
3104 2093 3167 2172 *)‚
3106 1958 3167 2040 qui
3105 1722 3166 1921 quidem
3100 1436 3147 1685 immerito
3098 1309 3145 1401 he-

3198 2831 3247 2995 roicae
3190 2491 3253 2780 disciplinae
3187 2276 3233 2443 tribuit
3184 2090 3247 2219 quod
3181 1654 3247 2030 philosophicae
3182 1474 3226 1605 erat:
3176 1310 3223 1414 sola

3277 2864 3326 2993 enim
3270 2530 3337 2845 philosophia
3269 2264 3315 2505 rationem
3264 2004 3323 2239 ostendit,
3279 1873 3325 1965 qua
3261 1663 3325 1843 possis,
3258 1491 3305 1638 etiam
3270 1310 3317 1459 quum

3357 2898 3404 2993 vim
3351 2622 3417 2851 patiaris,
3364 2424 3411 2573 quum
3345 2025 3393 2377 contumeliose
3347 1925 3390 1975 et
3339 1608 3388 1875 crudeliter
3335 1309 3391 1557 tracteris,

3436 2836 3484 2993 victor
3438 2751 3480 2801 et
3429 2412 3492 2716 triumphans
3440 2109 3488 2364 apparere.
3422 1706 3484 2037 Quamobrem
3422 1542 3464 1653 ante
3414 1308 3477 1504 Euripi-

3516 2877 3564 2992 dem
3527 2699 3561 2842 nemo
3510 2369 3570 2663 tragicorum
3504 1976 3552 2329 innnolationes
3502 1695 3548 1942 hominum
3498 1460 3545 1657 theatro
3509 1309 3558 1423 spe-

3595 2790 3643 2990 ctandas
3596 2628 3637 2762 recte
3589 2370 3635 2601 exhibere
3586 2168 3648 2340 potuit.
3583 1835 3630 2096 Hominem
3578 1670 3626 1798 enim
3577 1490 3623 1644 instar
3589 1308 3637 1458 peco-

3675 2922 3722 2990 ris
3672 2835 3720 2896 ad
3686 2635 3718 2806 necem
3684 2514 3730 2602 per
3666 2392 3712 2488 vim
3665 2255 3727 2362 rapi
3663 2026 3725 2219 indigna
3677 1919 3708 1999 res
3664 1799 3719 1890 est,
3672 1604 3719 1764 neque
3653 1308 3716 1572 erigendis,

3754 2899 3802 2988 sed
3748 2584 3813 2865 frangendis
3746 2379 3793 2549 animis
3750 1992 3807 2327 spectatorum
3740 1754 3787 1947 idonea.
3735 1507 3798 1682 Neque
3738 1306 3780 1473 tamen

3834 2733 3896 2987 quisquam
3844 2507 3885 2696 eorum,
3824 2382 3887 2464 qui
3830 2138 3871 2345 mortem
3822 1862 3869 2102 malorum
3831 1581 3865 1826 summum
3829 1433 3861 1545 esse
3811 1307 3858 1397 du-

3916 2852 3970 2983 cunt,
3924 2662 3972 2816 aequo
3908 2396 3969 2627 laetoque
3906 2203 3951 2361 animo
3918 2070 3950 2174 eam
3900 1901 3949 2040 obire
3902 1694 3963 1873 potest.
3894 1458 3956 1623 Atque
3889 1308 3939 1437 aliud

4084 2873 4138 2925 *Ἴ
4082 2637 4126 2841 ἐνταῦθα
4081 2384 4138 2606 ἐφύλαξεν
4077 2318 4121 2341 ὁ
4074 2036 4133 2284 Εὐριπίδης
4072 1945 4117 1996 τὸ
4067 1704 4129 1903 ἡρωϊκὸν
4062 1522 4123 1666 ἦθος·
4061 1422 4108 1477 οὐ
4061 1306 4118 1392 γὰρ

4154 2593 4234 2842 τάπεινῶς,
4150 2437 4195 2549 ἀλλὰ
4148 2286 4207 2399 μετὰ
4147 1992 4206 2245 παρ’ῥησίας
4141 1881 4201 1965 τὴν
4136 1589 4194 1851 Πολυξένην
4134 1416 4192 1559 λέγειν
4133 1304 4183 1387 εἰς·

4237 2638 4278 2839 ηνεγκεν.

4277 1656 4331 1773 33*
