5010 3336
1008 704 1049 709 ,υ
1063 702 1081 710 v

669 1271 717 1495 accendit
653 1531 717 1742 Cyclops
667 1777 713 1915 tanta
650 1947 716 2067 ligni
651 2103 713 2266 copia,
651 2301 709 2525 quantam
665 2560 711 2638 vix
663 2672 711 2767 tria
648 2803 711 2941 plau-

3848 2092 3903 2210 432

3713 1313 3745 1369 ac
3714 1405 3763 1556 Sileni
3714 1592 3746 1646 os
3713 1683 3762 1864 rubore
3698 1899 3761 2174 suffusum,
3707 2232 3756 2408 callide
3691 2445 3754 2671 coniicit,
3702 2708 3752 2839 hunc
3699 2872 3734 2981 ver-

3632 1310 3680 1509 beribus
3622 1545 3681 1791 affectum,
3617 1827 3664 2007 pecora
3628 2040 3671 2200 autem
3611 2236 3658 2328 per
3626 2361 3673 2458 vim
3625 2487 3657 2547 ex
3608 2567 3671 2797 spelunca
3620 2825 3669 2983 ablata

3553 1309 3584 1437 esse.
3554 1508 3601 1558 Id
3554 1594 3586 1708 vero
3536 1746 3600 2063 cupidissime
3548 2100 3596 2290 Silenus
3545 2329 3593 2586 confirmat
3544 2632 3586 2682 et
3531 2733 3590 2866 ultro
3541 2901 3572 2981 ac-

3473 1309 3515 1446 cusat
3473 1492 3520 1699 minatos
3472 1751 3504 1862 esse
3453 1905 3517 2125 hospites
3467 2175 3499 2227 se
3450 2265 3513 2467 Cyclopi
3464 2512 3511 2670 vincto
3461 2706 3509 2979 membrum

3393 1305 3441 1446 virile
3382 1475 3439 1778 desecturos,
3374 1815 3435 2008 tergum
3387 2034 3435 2315 verberibus
3384 2346 3432 2683 conscissuros
3368 2712 3414 2841 esse,
3380 2878 3424 2980 tum

3314 1305 3360 1353 in
3313 1388 3343 1558 navem
3297 1582 3359 1859 impositum
3294 1886 3340 1974 pro
3308 2000 3340 2139 servo
3292 2168 3354 2446 pistrinario
3304 2465 3351 2761 vendituros.
3301 2807 3349 2981 Fidem

3233 1303 3281 1420 huic
3232 1456 3279 1749 accusationi
3231 1784 3279 1903 facit
3227 1936 3274 2175 voracitas
3209 2195 3273 2427 Cyclopis
3225 2456 3266 2503 et
3224 2526 3271 2684 carnis
3209 2720 3271 2979 humanae,

3138 1304 3184 1399 qua
3152 1446 3201 1630 dudum
3139 1681 3197 1863 caruit,
3144 1918 3195 2232 desiderium.
3129 2314 3192 2446 Ergo
3144 2509 3191 2690 cultros
3126 2740 3189 2977 expediri,

3061 1301 3121 1462 ignem
3060 1499 3119 1714 accendi,
3071 1752 3118 1962 lebetem
3053 1999 3099 2216 veruque
3050 2251 3112 2409 parari
3064 2440 3111 2589 iubet.
3048 2659 3110 2843 Ulysse
3062 2881 3108 2976 cri-

2994 1301 3024 1414 men
2978 1462 3039 1787 deprecante,
2990 1836 3037 2001 Sileno
2988 2049 3030 2212 autem
2970 2260 3016 2351 per
2968 2396 3030 2632 quidquid
2982 2683 3029 2774 sibi
2981 2809 3012 2973 carum

2898 1301 2955 1621 sanctumque
2901 1658 2958 1750 sit,
2896 1799 2957 1914 quin
2909 1965 2956 2110 etiam
2892 2161 2938 2248 per
2905 2284 2952 2493 filiorum
2903 2532 2935 2727 suorum
2901 2767 2948 2974 salutem

2821 1299 2880 1572 adiurante,
2817 1609 2879 1815 denique
2814 1853 2876 2031 satyris
2827 2058 2869 2226 contra
2811 2248 2873 2405 ipsum
2809 2433 2865 2616 patrem
2821 2641 2869 2973 testimonium

2741 1298 2799 1589 dicentibus,
2734 1629 2799 1861 Cyclops,
2735 1899 2780 2222 perseverans
2747 2258 2792 2304 in
2732 2326 2790 2581 sententia,
2742 2610 2790 2827 Silenum
2742 2864 2771 2891 a
2741 2918 2772 2972 se

2671 1265 2720 1674 Rhadamantho
2655 1723 2718 1831 ipso
2667 1880 2716 2135 iustiorem
2650 2182 2712 2523 verioremque
2647 2574 2710 2821 cognitum
2660 2860 2693 2971 esse

2589 1295 2639 1527 affirmat.
2590 1598 2638 1698 lam
2591 1734 2637 1797 nil
2574 1834 2635 1999 Ulyssi
2572 2035 2634 2340 relinquitur,
2586 2376 2631 2469 nisi
2584 2506 2626 2557 ut
2584 2593 2629 2652 ad
2581 2689 2628 2971 misericor-

2511 1294 2559 1423 diam
2493 1462 2557 1724 confugiat.
2493 1794 2557 2097 Suppliciter
2489 2141 2553 2286 igitur
2506 2336 2548 2439 orat
2487 2475 2552 2769 Cyclopem,
2485 2821 2532 2970 quum

2430 1294 2478 1360 sit
2415 1394 2478 1609 Neptuni
2429 1644 2476 1773 filius
2428 1812 2469 1861 et
2427 1880 2475 2181 Graecorum
2426 2219 2467 2380 terrae
2411 2405 2471 2581 incola,
2422 2618 2454 2679 ne
2420 2714 2469 2832 velit
2406 2866 2451 2968 eos,

2334 1291 2380 1382 per
2335 1418 2381 1539 quos
2349 1577 2391 1625 et
2348 1662 2395 1863 deorum
2331 1901 2394 2084 templa
2346 2108 2387 2155 et
2331 2186 2392 2374 patriae
2343 2409 2390 2560 decus
2343 2598 2372 2623 a
2340 2649 2389 2967 barbarorum

2269 1291 2316 1466 iniuria
2269 1501 2315 1705 defensa
2254 1741 2314 1850 sint,
2266 1889 2312 2018 bello
2250 2044 2312 2265 marique
2252 2291 2310 2570 exhaustos²
2246 2608 2308 2858 supplices
2259 2894 2307 2966 in-

2175 1290 2236 1536 terficere7
2187 1575 2233 1662 sed
2187 1698 2234 1827 victu
2171 1864 2233 2102 donisque
2170 2127 2232 2448 hospitalibus
2181 2473 2228 2665 adiutos
2181 2689 2228 2735 in
2165 2760 2226 2964 patriam

2110 1290 2156 1350 ad
2093 1385 2150 1614 parentes
2092 1651 2138 1931 uxoresque
2094 1966 2152 2243 remittere3
2089 2291 2142 2545 postremo
2102 2594 2147 2799 deorum
2101 2844 2147 2962 iram

2029 1287 2076 1451 vereri
2018 1484 2075 1637 iubet,
2029 1675 2074 1715 si
2012 1750 2073 1891 gulae
2009 1927 2073 2455 voracitatiindulgens
2022 2486 2065 2705 ventrem
2020 2734 2068 2961 carnibus

1950 1286 1997 1510 humanis
1934 1545 1996 1760 impleat.
1949 1831 1996 1924 His
1947 1961 1994 2138 auditis
1934 2175 1993 2391 Silenus,
1928 2428 1990 2641 linguam
1927 2676 1989 2870 Ulyssis
1939 2906 1980 2962 ut

1870 1286 1911 1399 ante
1870 1424 1917 1580 omnia
1858 1618 1916 1827 mandat,
1868 1866 1914 2063 domino
1856 2100 1913 2297 suadet3
1849 2335 1912 2547 Cyclops
1849 2572 1893 2702 vero,
1847 2738 1909 2958 Divitiae,

1774 1285 1837 1458 inquit,
1791 1497 1821 1523 o
1779 1559 1836 1839 homuncio„
1789 1879 1833 1967 soli
1787 2005 1833 2070 dii
1787 2108 1826 2220 sunt
1770 2247 1831 2563 sapientibus,
1781 2600 1824 2766 cetera
1778 2804 1827 2959 inanis

1709 1284 1755 1546 verborum
1695 1586 1741 1762 pompa
1692 1798 1756 2055 sucusque.
1708 2123 1754 2215 His
1690 2254 1753 2493 simulque
1702 2518 1749 2701 viribus
1684 2738 1744 2957 corporis

1629 1283 1676 1442 fretus
1630 1464 1677 1626 Iovem
1616 1658 1671 1941 contemno;
1627 1971 1674 2196 solimihi
1626 2227 1667 2276 et
1611 2302 1670 2475 ventri‚
1621 2506 1669 2709 deorum
1604 2728 1665 2956 maximo,

1534 1282 1580 1479 pecora„
1534 1518 1581 1639 quae
1538 1673 1591 1819 terra,
1548 1858 1593 1958 sive
1547 1983 1593 2099 velit
1546 2136 1593 2236 sive
1536 2271 1592 2412 nolit,
1527 2449 1582 2692 procreat.
1536 2728 1587 2953 immolo:

1469 1282 1500 1391 nam
1458 1432 1516 1626 bibere„
1457 1664 1515 1839 edere,
1452 1894 1514 2225 voluptatibus
1466 2261 1513 2358 frui
1464 2395 1506 2445 et
1462 2479 1510 2641 valere
1459 2675 1508 2846 iubere
1458 2882 1504 2954 di-

1375 1282 1437 1533 sciplinam
1377 1581 1421 1773 eorum„
1372 1826 1435 1905 qui
1372 1954 1435 2141 legibus
1385 2189 1432 2457 scribendis
1383 2500 1430 2645 vitam
1379 2692 1429 2951 humanam

1299 1282 1358 1628 excoluerunt,
1310 1680 1355 1781 sola
1309 1830 1339 1943 vera
1292 1993 1352 2227 sapientia
1306 2275 1345 2363 est.
1303 2433 1353 2646 Proinde
1302 2693 1333 2776 vos
1299 2825 1347 2951 intro

1218 1280 1277 1436 abite,
1230 1484 1272 1539 ut
1230 1587 1271 1770 stantes
1229 1807 1276 1867 ad
1227 1915 1258 2045 aram
1214 2080 1272 2321 numinis,
1209 2370 1272 2495 quod
1222 2542 1271 2727 haecce
1218 2761 1267 2952 stabula

1141 1279 1197 1423 colit,
1136 1460 1197 1620 ignem
1138 1643 1160 1655 ,
1134 1693 1180 1862 aquam
1131 1899 1189 2151 paternam
1146 2190 1188 2237 et
1145 2272 1192 2484 lebetem
1144 2521 1192 2646 dono
1125 2682 1189 2949 accipiatis.

1071 1276 1119 1550 Minervam
1071 1602 1112 1651 et
1069 1698 1117 1859 lovem
1052 1894 1115 2204 IIospitalem
1051 2254 1113 2489 Ulysses,
1065 2535 1110 2637 tam
1060 2683 1109 2951 crudeliter

979 1274 1034 1525 tractatus,
991 1561 1038 1608 in
989 1647 1037 1875 auxilium
987 1912 1030 2061 vocat.
971 2130 1034 2458 l'nterponitur
985 2480 1017 2671 carmen
968 2691 1023 2947 praestan-

902 1274 957 1551 tissimum„
896 1607 942 1701 quo
909 1740 957 1869 diras
891 1920 955 2151 Cyclopis
890 2202 953 2369 epulas
906 2416 953 2595 chorus
887 2631 948 2947 persequitur

830 1274 873 1323 et
816 1356 878 1722 improbitatem
828 1758 874 1965 monstri
826 2000 876 2303 detestabilis
826 2340 868 2638 exsecratur.

751 1400 798 1548 Redit
736 1567 798 1773 Ulysses
749 1812 789 1860 ct
734 1894 780 2017 quae
747 2054 795 2186 intus
730 2223 789 2361 gesta
746 2386 788 2499 sunt
730 2524 792 2741 exponit.
727 2778 791 2943 Ignem
