5010 3336
2564 3269 2609 3306 le-

1159 2112 1213 2232 329

1308 2870 1352 2994 sent.
1301 2684 1350 2803 Nam
1301 2503 1350 2649 etiam
1316 2376 1349 2467 non
1303 2131 1365 2341 receptis
1301 1810 1363 2095 Corcyraeis
1300 1596 1347 1774 bellum
1299 1483 1347 1572 sibi
1316 1356 1348 1463 cum

1382 2630 1445 2995 Peloponnesiis
1382 2478 1428 2586 fore
1382 2069 1444 2431 intelligebant,
1397 1899 1427 1987 nec
1380 1583 1442 1845 Corcyram
1379 1356 1428 1526 Corin-

1461 2878 1507 2995 thiis
1462 2538 1508 2841 committere
1461 2281 1507 2503 volebant
1464 2065 1505 2248 tantum
1460 1845 1506 2030 navium
1460 1537 1505 1796 habentem
1459 1355 1521 1485 (plu-

1540 2823 1586 2994 rimum
1541 2660 1586 2785 enim
1556 2566 1586 2623 eo
1546 2314 1601 2531 tempore
1538 2020 1585 2279 civitatium
1537 1697 1583 1991 Graecarum
1540 1476 1584 1669 navibus
1537 1352 1599 1454 pol-

1618 2831 1665 2994 lebant
1619 2460 1675 2797 Atbenienses‚
1617 2186 1663 2423 Corinthii
1622 2010 1677 2152 atque
1614 1668 1677 1979 Corcyraei);
1616 1352 1664 1630 Corinthios

1703 2834 1744 2994 autem
1697 2404 1759 2796 Corcyraeosque
1696 2177 1741 2353 bellum
1695 2000 1741 2125 inter
1710 1912 1741 1965 se
1701 1655 1757 1876 gerentes
1695 1494 1741 1619 vires
1710 1349 1743 1459 suas

1775 2792 1822 2994 invicem
1780 2546 1822 2759 atterere
1774 2393 1821 2511 utile
1774 2248 1837 2365 ipsis
1773 1950 1831 2227 videbatur3
1772 1771 1819 1913 simul
1778 1470 1834 1739 opportune
1773 1348 1820 1439 sibi

1854 2793 1901 2995 insulam
1854 2498 1916 2754 Corcyram
1853 2321 1900 2460 sitam
1869 2173 1900 2282 esse
1853 1782 1899 2139 arbitrabantur
1851 1708 1898 1754 in
1852 1470 1898 1678 Siciliam
1852 1347 1899 1440 lta-

1932 2786 1995 2993 liamqne
1932 2404 1995 2751 navigantibus.
1931 2169 1994 2336 Itaque
1932 1932 1978 2133 foedere.
1930 1744 1986 1897 sact0,
1930 1526 1977 1694 decem
1946 1348 1978 1490 naves

2012 2818 2058 2992 auxilio
2010 2502 2073 2782 Corcyraeis
2010 2201 2066 2466 mittentes,
2011 1964 2057 2162 ducibus
2014 1576 2073 1945 praeceperunt,
2025 1480 2057 1540 ne
2025 1346 2057 1455 cum

2089 2729 2137 2991 Corinthiis
2093 2398 2152 2692 pugnarent,
2090 2274 2136 2362 nisi
2089 2009 2136 2238 adversus
2089 1712 2149 1971 Corcyram
2088 1345 2152 1675 navigantibus

2168 2946 2216 2994 in
2176 2638 2231 2912 terramque
2168 2302 2216 2601 descendere
2168 1996 2215 2269 volentibus
2203 1962 2225 1975 ,
2168 1832 2215 1927 hoc
2183 1683 2215 1797 vero
2182 1558 2230 1648 pro
2167 1345 2215 1523 viribus

2248 2730 2310 2994 prohibere
2249 2416 2307 2692 iusserunt,
2247 2010 2309 2366 diligenter
2252 1630 2302 1966 caventeS,
2262 1513 2293 1586 ne
2245 1344 2293 1479 foe-

2327 2830 2373 2991 dera
2333 2310 2389 2783 rumperentur.
2327 2065 2387 2226 Quare
2342 1908 2373 2015 cum
2326 1619 2390 1856 proelium
2341 1561 2371 1587 a
2325 1343 2387 1525 Corcy-

2406 2868 2453 2994 raeis
2406 2478 2466 2837 Corinthiisqne
2406 2161 2452 2444 acerrimum
2407 1733 2464 2130 committeretur,
2404 1342 2452 1707 Atheniensium

2498 2847 2531 2992 naves
2485 2640 2542 2809 sociis,
2485 2430 2530 2584 sicubi
2490 2010 2547 2379 premerentur,
2491 1768 2547 1960 praesto
2489 1559 2540 1723 erant,
2488 1343 2530 1525 metum

2562 2798 2624 2991 quidem
2563 2463 2610 2751 incutientes
2564 2168 2623 2414 hostibus,
2580 1908 2627 2111 pugnam
2570 1693 2611 1853 tamen
2578 1341 2624 1643 nequaquam

2641 2613 2689 2991 committentes.
2642 2223 2689 2543 Nihilominus
2649 1933 2705 2175 postremo
2643 1750 2689 1890 victis
2642 1339 2705 1703 profligatisque

2719 2702 2781 2990 Corcyraeis
2737 2605 2767 2663 eo
2723 2264 2768 2569 necessitatis
2728 2037 2769 2228 ventum
2726 1909 2777 2000 est,
2727 1821 2768 1872 ut
2737 1597 2767 1787 manum
2736 1454 2768 1560 cum
2721 1340 2767 1434 Co-

2799 2802 2845 2993 rinthiis
2800 2435 2847 2754 Athenienses
2808 2058 2847 2385 consererent.
2800 1832 2860 1990 Quum
2801 1706 2846 1796 iam
2815 1507 2847 1667 serum
2804 1338 2847 1470 esset

2878 2868 2935 2993 diei,
2877 2591 2925 2827 Corinthii
2895 2376 2941 2557 paeana
2896 2168 2926 2340 canere
2880 2015 2935 2141 orsi,
2883 1753 2941 1978 tanquam
2880 1566 2925 1715 victos
2879 1338 2926 1530 insecu-

2956 2873 3015 2994 turi,
2962 2627 3019 2828 repente
2962 2232 3020 2589 conspexerunt
2958 2030 3020 2198 viginti
2974 1852 3005 1995 naves
2958 1455 3005 1817 Atheniensium
2974 1339 3005 1419 ve·

3035 2792 3094 2994 nientes,
3051 2638 3097 2754 quas
3036 2567 3082 2600 ii
3043 2423 3099 2532 post
3036 2220 3084 2387 decem
3038 1995 3099 2184 priores
3036 1746 3084 1959 subsidio
3037 1464 3095 1711 miserant,
3053 1337 3085 1428 ve-

3114 2910 3162 2994 riti
3115 2829 3161 2876 id
3115 2666 3176 2791 quod
3115 2369 3174 2628 acciderat,
3132 2271 3163 2332 ne
3116 1972 3179 2234 Corcyraei
3122 1594 3179 1939 superarentur
3131 1448 3164 1567 neve
3116 1337 3165 1429 de-

3210 2886 3241 2991 cem
3209 2705 3240 2850 naves
3210 2551 3241 2667 suae
3196 2266 3257 2517 pauciores
3202 2049 3253 2228 essent,
3211 1872 3257 2011 qnam
3200 1783 3242 1837 ut
3211 1665 3242 1748 eos
3200 1340 3244 1627 tutarentur.

3271 2806 3332 2990 Quibus
3273 2451 3334 2756 prospectis,
3290 2240 3319 2400 remos
3274 1883 3320 2193 inhibuerunt
3279 1608 3336 1838 retroque
3276 1338 3326 1575 abierunt.

3350 2897 3397 2991 His
3350 2779 3397 2848 ita
3350 2578 3413 2729 gestis
3357 2476 3398 2525 et
3357 2222 3413 2426 utroque
3353 1958 3398 2171 exercitu
3352 1679 3400 1923 victoriam
3354 1538 3401 1631 sibi
3355 1337 3402 1492 vindi-

3434 2827 3484 2990 cante,
3428 2554 3476 2790 Corinthii
3430 2134 3477 2507 Atheniensibus
3430 1718 3492 2097 exprobrarunt,
3432 1540 3493 1667 quod
3439 1336 3482 1504 contra

3524 2935 3556 2989 se
3508 2792 3554 2901 latis
3508 2612 3554 2755 armis
3514 2340 3571 2578 ruptoque
3509 2101 3556 2305 foedere
3509 1957 3565 2065 sibi,
3510 1668 3570 1919 quominus
3510 1478 3558 1643 hostes
3528 1338 3561 1452 suos

3587 2625 3644 2991 ulciscerentur,
3587 2240 3649 2589 impedimento
3587 1983 3634 2201 fuissent.
3588 1723 3635 1908 Deinde
3589 1527 3636 1687 odium
3591 1336 3639 1491 Athe-

3667 2757 3714 2991 niensium
3682 2601 3729 2717 prae
3682 2514 3713 2565 se
3666 2231 3722 2478 ferentes,
3667 1946 3714 2181 societate
3668 1785 3715 1900 inita
3684 1633 3715 1739 cum
3668 1337 3731 1585 Perdicca,

3744 2666 3793 2992 Macedonum
3761 2486 3809 2631 rege,
3746 2068 3805 2439 Potidaeenses,
3747 1818 3810 2030 ipsorum
3747 1588 3809 1781 quidem
3749 1338 3811 1551 colonos,

3824 2902 3871 2990 sed
3823 2509 3871 2874 Atheniensium
3826 2309 3885 2483 socios,
3825 2220 3871 2278 ad
3825 1863 3873 2188 defectionem
3828 1494 3891 1840 perduxerunt,
3844 1338 3891 1457 qno-

3917 2885 3949 2990 rum
3903 2576 3965 2848 exemplnm
3903 2406 3951 2527 aliae
3903 2096 3966 2371 complures
3903 1824 3953 2061 Thraciae
3906 1570 3954 1789 civitates
3914 1338 3957 1533 secutae

3985 2864 4028 2989 sunt.
3979 2675 4040 2817 Tum,
3981 2258 4031 2655 Potidaeensibus
3984 2142 4045 2232 ipsi
3985 1944 4031 2119 auxilio
3986 1658 4044 1921 venientes,
4002 1523 4033 1631 cum
3987 1338 4035 1490 Athe-

4060 2746 4107 2991 niensibus
4076 2521 4108 2710 manum
4068 2136 4109 2483 conseruerunt
4064 1897 4127 2103 victique
4070 1736 4112 1861 sunt.
4067 1474 4128 1667 „Atque
4067 1337 4115 1432 hae

4138 2761 4186 2989 Suberant
4140 2491 4187 2726 irascendi
4146 2288 4189 2457 mutuo
4158 2051 4190 2250 caussae
4143 1642 4193 2015 Atheniensibus
4150 1462 4207 1607 atque
4146 1340 4193 1434 Pe-

4215 2670 4277 2990 loponnesiis:
4219 2360 4267 2618 Corinthiis
4222 2091 4283 2315 quidem,
4224 1920 4285 2048 quod
4223 1596 4282 1902 Potidaeam,
4224 1340 4284 1555 ipsorum

4294 2733 4358 2986 coloniam,
4296 2319 4364 2698 Corinthiosque
4301 2155 4349 2282 viros
4317 2062 4350 2120 ac
4300 1631 4366 2031 Peloponnesios,
4301 1512 4364 1596 qui
4302 1429 4353 1477 in
4318 1339 4351 1397 ea
