5010 3336
3809 2085 3866 2209 306

3665 1296 3714 1390 nisi
3655 1427 3717 1683 tradantur
3669 1716 3719 1777 ad
3653 1826 3719 2124 supplicium
3657 2175 3717 2241 ii,
3654 2287 3701 2411 quos
3649 2464 3715 2640 capitis
3661 2686 3715 2990 damnaverit

3585 1296 3633 1467 civitas
3572 1504 3635 1801 Argivorum
3571 1838 3636 2197 potentissima.
3572 2266 3636 2427 Negat
3584 2462 3634 2621 lolaus
3584 2660 3627 2742 aut
3581 2770 3631 2988 iustitiae

3505 1294 3546 1379 aut
3489 1401 3553 1719 generositati
3506 1736 3554 2112 Atheniensium
3506 2130 3554 2393 convenire
3489 2419 3552 2670 supplices
3488 2696 3552 2908 prodere
3501 2932 3534 2989 ac

3425 1294 3471 1439 minis
3409 1475 3473 1768 Argivorum
3426 1808 3474 2118 insolentium
3426 2158 3474 2347 terreri.
3424 2419 3474 2548 Tum
3406 2575 3463 2783 propter
3405 2808 3454 2988 cogna-

3344 1293 3390 1478 tionem
3331 1528 3392 1890 amicitiamque
3324 1940 3388 2135 patrum
3345 2184 3387 2234 et
3343 2280 3391 2519 beneficia
3343 2567 3389 2626 ab
3341 2683 3390 2904 Hercule
3339 2941 3388 2987 in

3262 1293 3311 1547 Theseum
3264 1585 3311 1760 collata
3249 1795 3296 2004 aequum
3265 2042 3296 2154 esse
3251 2190 3311 2330 dicit,
3262 2365 3310 2548 liberos
3261 2573 3309 2701 illius
3261 2740 3292 2767 a
3259 2800 3309 2989 Thesei

3182 1294 3230 1460 liberis
3175 1498 3231 1700 servam,
3169 1739 3216 1899 neque
3171 1936 3230 2190 committi,
3183 2226 3226 2280 ut
3183 2316 3229 2362 vi
3182 2389 3212 2414 a
3179 2444 3228 2653 deorum
3180 2680 3227 2779 aris
3180 2811 3227 2873 ad
3179 2899 3211 2987 ne-

3101 1293 3133 1402 cem
3086 1438 3149 1694 rapiantur
3102 1730 3150 1968 insontes,
3090 2042 3150 2233 Quibus
3100 2284 3147 2463 auditis
3099 2501 3140 2549 et
3098 2584 3129 2669 rex
3099 2707 3142 2756 et
3098 2791 3140 2988 caterva

3004 1295 3069 1609 popularium
3008 1644 3071 1949 respondent
3006 1986 3069 2381 pollicenturque
3013 2418 3049 2504 ea,
3002 2543 3049 2668 quae
3018 2703 3065 2833 viros
3002 2868 3050 2986 pro-

2928 1291 2987 1411 bos,
2924 1450 2987 1585 pios,
2926 1623 2985 1790 gratos
2927 1829 2990 2165 honestosque
2924 2197 2980 2406 oportet.
2937 2476 2986 2796 Traditurum
2920 2834 2984 2987 igitur

2860 1292 2893 1347 se
2845 1383 2908 1632 supplices
2846 1671 2905 1819 negat
2846 1854 2910 2175 Demophon:
2858 2222 2900 2442 ceterum
2859 2480 2905 2521 si
2841 2558 2888 2652 qua
2857 2689 2903 2754 sit
2838 2790 2903 2986 Argivis

2780 1290 2827 1350 ab
2782 1400 2830 1683 Heraclidis
2782 1729 2828 1900 iniuria
2771 1948 2829 2108 sacta,
2780 2162 2828 2272 illos
2779 2317 2826 2395 ius
2776 2442 2809 2583 suum
2760 2632 2822 2985 impetraturos

2700 1290 2731 1403 esse
2686 1439 2749 1706 promittit.
2687 1778 2748 1886 Quo
2685 1936 2732 2178 responso
2698 2222 2731 2317 non
2697 2365 2738 2626 contentus
2681 2673 2727 2854 praeco
2695 2887 2742 2985 vim

2619 1290 2666 1457 facere
2605 1495 2668 1802 supplicibus
2609 1842 2661 2076 conatur,
2619 2131 2650 2157 a
2603 2210 2650 2306 quo
2616 2344 2657 2520 conatu
2616 2557 2663 2699 minis
2600 2735 2662 2869 regis
2614 2904 2647 2984 re·

2522 1288 2586 1464 pulsus
2540 1503 2586 1604 abit
2527 1639 2587 1811 iratus,
2537 1850 2585 2116 mendaciis
2537 2154 2569 2292 more
2519 2327 2567 2626 praeconum
2519 2656 2567 2781 quae
2518 2804 2567 2986 passus

2458 1289 2499 1368 est
2459 1404 2501 1653 aucturus.
2458 1728 2507 1829 Iam
2457 1867 2499 2033 autem
2441 2070 2504 2365 Argivorum
2454 2402 2501 2650 exercitus
2453 2686 2500 2732 in
2453 2764 2501 2986 confiniis

2362 1290 2426 1524 Megarae
2363 1562 2425 1853 Atticaeque
2365 1890 2423 2131 consedit,
2375 2169 2421 2336 statim
2374 2373 2421 2486 inde
2357 2523 2405 2669 agros
2372 2704 2419 2985 incursatu-

2296 1289 2328 1373 rus
2298 1411 2339 1463 et
2296 1497 2340 1793 vastaturus.
2296 1862 2344 2097 Profecto
2279 2134 2325 2393 praecone,
2292 2433 2341 2591 lolaus
2292 2629 2339 2693 nil
2275 2726 2333 2984 praestan-

2216 1288 2263 1384 tius
2217 1437 2248 1549 esse
2206 1599 2263 1747 dicit,
2201 1805 2246 1949 quam
2214 1999 2261 2138 bonis
2197 2176 2258 2460 parentibus
2212 2498 2252 2546 et
2211 2582 2252 2747 natum
2211 2786 2242 2898 esse
2211 2933 2254 2986 et

2120 1287 2182 1488 dignum
2137 1528 2167 1581 se
2137 1618 2183 1794 iisdem
2119 1834 2175 2103 praestare.
2134 2177 2180 2306 Tum
2116 2342 2173 2540 patrum
2132 2578 2178 2846 amicitiam
2132 2878 2180 2983 He-

2057 1287 2102 1498 raclidas
2041 1553 2103 1933 'l'lieseidasque
2040 1980 2101 2314 redintegrare
2053 2364 2098 2501 iubet
2052 2551 2092 2600 et
2052 2635 2098 2735 fide
2052 2771 2099 2982 invicem

1977 1288 2023 1398 data
1963 1449 2018 1752 acceptaque
1976 1801 2023 2127 Athenienses
1958 2180 2017 2423 perpetuo
1973 2458 2019 2518 ab
1972 2556 2019 2836 Heraclidis
1970 2873 2013 2982 tan-

1882 1287 1928 1431 quam
1898 1481 1937 1760 servatores
1880 1808 1942 2090 amicosque
1894 2142 1942 2377 colendos
1891 2422 1923 2535 esse
1878 2582 1938 2758 docet,
1875 2820 1923 2983 neque

1800 1288 1847 1499 unquam
1817 1535 1865 1728 illorum
1815 1781 1857 1962 terram
1816 2012 1862 2069 ab
1814 2116 1861 2289 horum
1796 2328 1858 2539 posteris
1811 2575 1857 2857 vastandam
1809 2894 1842 2981 ne-

1720 1285 1766 1381 que
1719 1416 1778 1610 gentem
1719 1649 1776 1908 cognatam
1733 1948 1781 2140 infestis
1734 2176 1780 2324 armis
1717 2376 1779 2637 petendam
1730 2686 1761 2814 esse.
1729 2885 1777 2982 De-

1639 1284 1702 1501 mophon
1656 1539 1696 1703 autem
1654 1741 1697 1792 et
1637 1828 1700 1996 populi
1652 2027 1699 2262 concione
1652 2287 1693 2553 convocata
1651 2585 1693 2635 et
1648 2652 1695 2845 vatibus
1647 2866 1679 2981 con-

1574 1285 1621 1423 sultis
1575 1461 1605 1515 se
1558 1552 1621 1792 quidquid
1574 1828 1620 1887 ad
1570 1926 1620 2289 defendendam
1556 2335 1617 2547 patriam
1555 2585 1602 2709 opus
1567 2746 1614 2812 sit
1565 2846 1614 2980 factu

1478 1283 1536 1569 paraturum
1493 1609 1524 1721 esse
1476 1758 1539 2016 praedicit.
1490 2087 1538 2382 Heraclidae
1490 2419 1537 2467 in
1490 2503 1536 2598 aris
1474 2622 1536 2819 iisdem,
1470 2858 1517 2980 quas

1398 1283 1453 1604 occuparunt,
1413 1643 1459 1849 deorum
1410 1887 1458 2124 auxilium
1394 2155 1457 2461 imploraturi
1399 2486 1450 2617 sunt,
1407 2656 1449 2705 et
1405 2729 1456 2980 Palladem

1333 1282 1381 1465 lunone
1316 1516 1380 1827 superiorem
1330 1877 1378 1987 fore
1314 2036 1371 2248 sperant.
1328 2331 1377 2524 Chorus
1327 2576 1370 2743 autem
1325 2781 1357 2980 carmen

1253 1283 1301 1504 canendo
1253 1542 1283 1596 se
1251 1632 1297 1788 minas
1236 1825 1297 2056 hostium,
1248 2093 1297 2276 fretum
1233 2298 1294 2546 aequitate
1234 2577 1278 2797 caussae,
1229 2837 1277 2979 sper-

1173 1282 1205 1401 nere
1158 1439 1220 1716 profitetur.

1091 1412 1141 1665 Reversus
1072 1717 1138 2007 Demophon
1071 2058 1135 2396 Eurystheum
1087 2450 1118 2562 cum
1085 2609 1133 2833 exercitu
1083 2881 1132 2977 iam

1014 1282 1061 1329 in
1013 1379 1061 1503 fines
1010 1552 1058 1748 Atticae
1007 1799 1055 2037 invasisse
1004 2086 1052 2243 refert
1006 2289 1046 2339 et
1006 2374 1052 2549 castris
1005 2585 1052 2633 in
1006 2671 1052 2793 locis
1003 2830 1052 2979 editis

918 1281 981 1459 positis
916 1510 975 1930 opportunitatem
927 1981 973 2054 rei
909 2102 972 2349 gerendae
909 2386 973 2662 speculari;
922 2733 971 2979 civitatem

854 1281 896 1450 autem
848 1486 899 1861 Atheniensium
846 1899 893 2049 armis
844 2087 891 2261 sumtis
846 2298 891 2345 in
829 2382 891 2639 procinctu
831 2669 875 2798 esse,
827 2834 873 2977 para·

757 1278 818 1458 tasque
756 1494 819 1749 victimas,
753 1798 799 1917 quas
765 1956 813 2050 diis
763 2086 812 2327 immolari
747 2378 806 2638 oporteat:
761 2688 810 2776 sed
762 2812 805 2976 vatum

677 1278 738 1533 responsis
684 1586 735 2011 consentientibus
667 2059 731 2273 puellam
682 2322 731 2481 iuberi
665 2528 729 2797 virginem,
665 2850 713 2977 quae

613 1276 661 1343 sit
608 1389 658 1636 nobilibus
591 1684 653 1974 parentibus
590 2023 643 2170 nata⁷
601 2221 649 2440 mactari.
599 2511 651 2578 Se
599 2628 632 2745 vero
599 2787 648 2974 liberos
