5010 3336
3932 2099 3989 2217 144

3782 1319 3830 1444 quae
3779 1477 3846 1704 cupidine
3795 1737 3846 1912 ductae
3794 1944 3846 2141 videndi
3792 2173 3841 2302 viros
3779 2338 3843 2656 clarissimos,
3787 2691 3831 2858 contra
3785 2885 3835 2988 bel-

3716 1318 3766 1446 luam
3716 1480 3765 1799 cummaxime
3701 1832 3766 2162 profecturos,
3712 2196 3762 2415 laborem
3710 2450 3759 2652 texendi
3707 2686 3742 2795 cum
3705 2831 3755 2990 studio

3638 1318 3687 1522 canendi
3621 1555 3680 1922 permutarunt:

3542 1443 3607 1683 κερκίδος
3555 1713 3608 1904 άοιδοῦ
3540 1946 3607 2168 μελέτας.

3479 1313 3529 1368 In
3462 1401 3524 1585 parodo
3460 1620 3525 1769 igitur
3475 1802 3524 1996 laudem
3462 2031 3523 2271 virorum,
3457 2323 3519 2404 qui
3470 2438 3519 2488 in
3469 2523 3518 2668 domo
3453 2703 3516 2836 regia
3467 2871 3500 2986 con-

3383 1309 3446 1500 gregati
3385 1534 3441 1690 erant,
3380 1724 3445 2051 praedicatam
3394 2088 3427 2199 esse
3391 2233 3440 2492 verisimile
3389 2521 3432 2611 est.
3388 2658 3438 2863 Nomina
3388 2904 3420 2986 eo-

3320 1309 3353 1421 rum
3303 1471 3367 1800 Apollodorus
3316 1844 3365 1953 fere
3314 2000 3363 2169 eadem
3300 2218 3346 2342 quae
3311 2391 3360 2588 Ovidius
3294 2642 3357 2805 ponit:
3308 2872 3356 2985 Με-

3223 1307 3292 1525 λέαγρος
3225 1589 3290 1810 Οἰνέως,
3222 1872 3286 2059 Δρύας
3220 2101 3291 2309 Ἄρεος·
3231 2382 3285 2438 έκ
3218 2502 3279 2830 Καλυδῶνος
3226 2894 3287 2986 οὗ·

3158 1307 3193 1404 τοι.
3147 1479 3215 1622 Ἴδας
3156 1670 3209 1758 καὶ
3140 1801 3212 2042 Λυγκεὺς
3138 2081 3210 2347 Ἀφαρέως
3151 2395 3205 2450 ἐκ
3131 2498 3198 2798 Μεσσήνης.
3146 2873 3196 2984 Κά-

3062 1308 3119 1446 στωρ
3076 1494 3130 1583 καὶ
3060 1636 3126 1981 Πολυδεύκης
3063 2027 3123 2158 Διὸς
3071 2203 3124 2290 καὶ
3054 2333 3120 2516 Λήδας
3068 2563 3119 2619 ἐκ
3049 2660 3117 2983 Λακεδαίμο-

2987 1304 3031 1412 νος.
2980 1483 3053 1682 Θησεὺς
2979 1716 3047 1918 Αἰγέως
2982 1953 3046 2003 ἐξ
2977 2045 3047 2302 Ἀθηνῶν.
2973 2376 3045 2633 ’Ἄδμητος
2968 2670 3036 2900 Φέρητος
2981 2926 3036 2983 ἐκ

2901 1306 2966 1509 Φερῶν.
2900 1583 2970 1822 Ἀγκαῖος
2913 1855 2966 1943 καὶ
2896 1978 2967 2196 Κηφεὺς
2892 2240 2958 2562 Λυκούργου
2894 2597 2959 2648 ἐξ
2889 2690 2959 2979 Ἀρκαδίας.

2834 1308 2891 1494 Ἰάσων
2822 1531 2885 1775 Αἴσωνος
2821 1808 2885 1860 ἐξ,
2826 1910 2888 2142 Ἰωλκοῦ.
2810 2218 2886 2443 Ἰφικλῆς
2810 2498 2882 2892 Ἀμφιτρύωνος
2819 2924 2874 2982 ἐκ

2738 1306 2802 1517 Θηβῶν.
2737 1599 2802 1889 Πειρίθοος
2739 1925 2805 2139 Ἰξίονος
2748 2187 2800 2243 ἐκ
2731 2291 2798 2569 Λαρίσσης.
2727 2639 2798 2847 Πηλεὺς
2740 2879 2790 2980 Αἰ-

2671 1301 2719 1436 ακοῦ
2672 1471 2724 1528 έκ
2662 1568 2723 1760 Φθίας.
2656 1838 2720 2087 Τελαμὼν
2667 2132 2719 2339 Αἰακοῦ
2666 2389 2717 2445 ἐκ
2647 2479 2712 2799 Σαλαμῖνος.
2659 2866 2709 2976 Εὐ-

2576 1299 2642 1499 ρυτίων
2576 1530 2649 1785 ’Ἄκτορος
2591 1818 2643 1874 ἐκ
2579 1902 2639 2086 Φθίας.
2570 2162 2644 2443 Ἀταλάντη
2569 2477 2634 2739 Σχοινέως
2568 2773 2631 2824 ἐξ
2563 2863 2633 2976 Ἀρ-

2502 1298 2562 1498 καδίας.
2495 1573 2566 1901 Ἀμφιάραος
2496 1951 2562 2218 Ὀϊκλέους
2493 2266 2558 2316 ἐξ
2489 2354 2561 2598 Ἄργους.
2499 2667 2550 2821 ,Μετὰ
2496 2852 2547 2974 τού-

2431 1296 2464 1404 των
2430 1439 2483 1496 δὲ
2430 1532 2481 1584 οἱ
2429 1618 2479 1839 Θεστίου
2415 1875 2477 2071 παῖδες.

2350 1426 2398 1600 Statim
2348 1645 2396 1823 deinde
2329 1883 2395 2192 Meleagrum
2344 2254 2376 2363 cum
2340 2412 2390 2619 Althaea
2338 2662 2387 2726 de
2320 2772 2386 2972 virginis

2268 1292 2304 1460 amore
2269 1495 2319 1792 collocutum
2268 1828 2300 1940 esse
2265 1976 2313 2193 coniicio.
2264 2262 2312 2417 Antea
2247 2472 2308 2626 enim,
2244 2680 2292 2822 quam
2255 2870 2306 2971 fra-

2188 1290 2232 1423 trum
2190 1457 2238 1658 caedem
2174 1692 2238 2033 ulcisceretur,
2184 2067 2234 2323 Althaeam
2182 2360 2230 2512 semel
2179 2536 2227 2730 theatro
2175 2775 2224 2971 ostendi

2093 1289 2158 1435 plane
2110 1468 2144 1674 necesse
2095 1706 2158 1827 fuit,
2092 1872 2140 2032 neque
2091 2076 2146 2273 praeter
2104 2308 2152 2402 hoc
2085 2437 2144 2632 tempus
2098 2670 2148 2814 ullam
2081 2851 2130 2968 pro-

2029 1289 2079 1542 ducendae
2029 1567 2079 1671 eius
2012 1697 2075 2115 opportunitatem
2024 2136 2074 2291 fuisse
2021 2318 2071 2470 video,
2019 2540 2069 2777 Caussam
2016 2812 2061 2967 mate-

1936 1287 1998 1506 riamque
1950 1553 1998 1656 eius
1932 1701 1998 1932 colloquii
1946 1979 1995 2193 ostendit
1929 2241 1992 2568 Apollodorus
1939 2603 1988 2743 hisce
1936 2777 1985 2965 verbis:

1854 1287 1924 1595 Μελέαγρος
1853 1642 1921 1775 ἔχων
1852 1830 1914 2060 γυναῖκα
1848 2116 1915 2488 Κλεοπάτραν,
1844 2542 1913 2640 τὴν
1858 2681 1914 2829 Ἴδου
1856 2876 1908 2966 καὶ

1773 1286 1840 1621 Μαρπήσσης
1771 1652 1839 1949 θυγατέρα,
1770 2004 1835 2328 βουλόμενος
1780 2364 1831 2418 δὲ
1779 2446 1831 2533 καὶ
1767 2567 1832 2617 ἐξ
1759 2657 1835 2967 Ἀταλάντης

1691 1286 1757 1779 τεκνοποιήσασθαι.
1690 1865 1754 2211 Spartanarum
1685 2287 1749 2525 virginum
1698 2597 1730 2760 mores
1694 2817 1744 2961 Euri-

1611 1281 1677 1427 pides
1628 1478 1675 1527 in
1626 1578 1674 1836 Atalantae
1611 1900 1673 2094 ingenio
1606 2153 1672 2432 effingendo
1601 2491 1659 2961 repraesentaverat,

1547 1281 1581 1374 nec
1548 1416 1596 1574 minus
1529 1624 1596 1881 Meleager
1545 1935 1594 2155 instituta
1528 2208 1592 2555 Spartanorum
1524 2616 1585 2959 admirabatur,

1453 1281 1501 1429 quum
1453 1474 1515 1805 procreandae
1449 1852 1514 2005 prolis
1462 2068 1513 2361 robustioris
1460 2410 1492 2580 caussa
1458 2641 1490 2748 cum
1455 2801 1504 2958 aliena

1388 1278 1438 1460 femina
1371 1505 1427 1709 cuperet
1385 1760 1435 2098 concumbere.
1368 2174 1433 2469 Fragmenta
1380 2531 1428 2675 huius
1362 2728 1425 2959 colloquii

1308 1278 1352 1471 exstant
1308 1514 1356 1631 satis
1305 1678 1356 1939 luculenta.
1305 2008 1354 2084 Ex
1289 2134 1354 2373 Meleagri
1301 2422 1350 2553 enim
1296 2603 1347 2820 oratione
1294 2868 1345 2956 de-

1215 1275 1274 1468 promta
1228 1502 1271 1615 sunt
1226 1649 1276 1864 haecce:

1133 1402 1202 1682 ἡγησάμην
1138 1716 1203 1834 οὗν,
1146 1871 1197 1913 εἰ
1130 1946 1195 2274 παραζεύξειέ
1133 2309 1176 2386 τις

1053 1403 1114 1607 χρηστῷ
1051 1641 1117 1879 πονηρὸν
1049 1909 1117 2145 λέκτρον,
1061 2181 1113 2278 οὐκ
1062 2314 1113 2380 ἂν
1046 2415 1113 2690 εύτεκνεῖν,

988 1400 1042 1616 ἒσθλοῖν
987 1650 1038 1698 δ’
986 1732 1037 1819 ἄπ’
969 1855 1036 2060 άμφοῖν
981 2095 1033 2287 ἐσθλὸν
981 2321 1033 2387 ἂν
965 2421 1027 2592 φῦναι
962 2625 1028 2804 γόνον.

911 1397 931 2633 κ-ο--μψ--αψ-ή-ο--α-

866 1843 882 1866 ‘²‘

827 1399 880 1487 καὶ
809 1520 875 1693 κτῆμα
815 1727 875 1791 δ’,
825 1830 856 1870 ω
807 1903 868 2219 τεκοῦσα,
819 2256 871 2530 κάλλιστον
805 2563 868 2701 τόδε,

744 1396 796 1630 πλούτου
743 1667 795 1724 δὲ
728 1756 791 2023 κρεῖσσον·
738 2058 787 2157 τοῦ
723 2190 791 2286 μὲν
737 2320 793 2477 ὠκεῖα
722 2510 789 2714 πτέρυξ,
