5010 3336
3929 2078 3984 2198 202

3789 1436 3848 1752 „Iamiam
3778 1785 3841 2060 stupido
3787 2103 3838 2421 Thessala
3782 2454 3817 2672 somno

3718 1436 3767 1719 Pectora
3692 1758 3764 2218 languentque
3686 2252 3745 2674 senentque.”

3639 1307 3689 1495 Deinde
3624 1530 3684 1751 sequitur
3630 1786 3683 2064 Atridarum
3612 2100 3674 2319 ipsorum
3613 2360 3673 2633 altercati0‚
3606 2671 3653 2795 quae
3604 2829 3662 2981 qualis

3546 1301 3607 1467 fuerit,
3558 1505 3589 1564 ex
3541 1594 3605 1791 Dictyos
3551 1821 3598 1981 verbis
3540 2010 3598 2066 ΙΙ,
3548 2092 3592 2139 7.
3529 2175 3594 2452 intelligere
3542 2487 3590 2630 licet:
3529 2670 3588 2906 „Interim
3536 2932 3583 2982 in

3480 1300 3511 1359 eo
3478 1408 3525 1508 otio
3461 1556 3524 1660 regi
3458 1702 3522 2054 Agamemnoni
3466 2101 3499 2211 cum
3463 2260 3512 2491 Menelao
3460 2539 3510 2693 fratre
3455 2741 3490 2980 exercere

3398 1299 3447 1568 discordias
3394 1622 3427 1825 vacuum
3391 1863 3439 1958 fuit
3389 1992 3435 2052 ob
3371 2090 3432 2333 proditam
3366 2372 3431 2688 Iphigeniam.
3379 2759 3426 2806 Is
3375 2842 3407 2977 nam-

3305 1297 3350 1393 que
3317 1428 3359 1599 auctor
3316 1634 3357 1683 et
3313 1710 3360 1860 veluti
3310 1887 3342 2056 caussa
3306 2086 3354 2246 luctus
3304 2273 3351 2376 eius
3298 2398 3348 2746 credebatur.²’
3280 2781 3344 2979 Quippe

3224 1294 3288 1580 Menelaus,
3234 1615 3267 1710 non
3231 1748 3278 1867 satis
3228 1904 3277 2088 habens
3224 2136 3273 2343 fratrem
3222 2399 3269 2500 filia
3204 2536 3266 2785 privasse,
3202 2832 3248 2977 quam

3158 1294 3208 1478 frustra
3152 1515 3203 1808 immolatam
3149 1846 3181 1957 esse
3144 1993 3194 2322 miserrimum
3128 2348 3181 2468 erat,
3138 2506 3186 2685 iterum
3137 2713 3185 2775 de
3135 2803 3183 2978 itinere

3079 1293 3127 1413 deos
3061 1451 3121 1669 consuli,
3071 1707 3119 1882 iterum
3066 1921 3116 2204 immolandi
3060 2241 3108 2519 carissimos
3058 2557 3106 2741 liberos
3040 2778 3104 2974 pericu-

2999 1291 3047 1391 lum
2997 1428 3044 1549 adiri
2992 1583 3041 1732 iubet.
2988 1800 3039 2036 Manente
2985 2072 3033 2198 enim
2981 2236 3031 2425 itineris
2962 2452 3026 2756 ignoratione
2960 2780 3025 2848 *),
2974 2885 3005 2970 na—

2902 1289 2966 1443 vigari
2915 1475 2947 1571 non
2897 1605 2955 1814 poterat,
2909 1851 2956 1943 nisi
2907 1977 2954 2075 dux
2903 2108 2952 2297 itineris
2901 2333 2933 2359 a
2899 2394 2947 2487 diis
2883 2522 2945 2640 ipsis
2895 2671 2936 2973 monstratus

2821 1289 2885 1580 oblatusque
2830 1615 2880 1808 fuisset.
2824 1880 2876 2114 Affirmat
2808 2146 2872 2433 Menelaus,
2801 2491 2860 2703 negante
2801 2760 2863 2971 Agame-

2743 1288 2788 1493 mnone,
2739 1528 2800 1738 priorem
2733 1775 2795 2138 expeditionem
2741 2175 2790 2268 diis
2737 2303 2788 2579 volentibus
2721 2615 2778 2764 atque
2734 2798 2766 2967 assen—

2675 1286 2725 1519 tientibus
2655 1557 2713 1835 susceptam
2667 1873 2716 2053 fnisse:

2574 1416 2643 1787 „Deumque
2588 1819 2637 1897 de
2584 1924 2631 2213 consilio
2582 2241 2631 2360 hoc
2580 2395 2627 2619 itiner
2576 2647 2625 2849 credo
2576 2875 2608 2968 co-

2505 2118 2535 2152 n
2505 2165 2534 2197 a
2504 2212 2545 2232 t
2504 2248 2534 2280 u
2502 2296 2532 2345 m
2501 2382 2531 2430 m
2500 2448 2530 2475 o
2500 2494 2547 2528 d
2498 2544 2548 2621 o.'’

2436 1281 2484 1390 Non
2435 1442 2482 1537 hoc
2432 1573 2480 1729 solum
2415 1766 2470 1911 negat
2410 1948 2473 2311 Agamemnon,
2421 2349 2468 2436 sed
2418 2469 2465 2614 etiam
2400 2653 2464 2825 populi
2415 2861 2460 2963 stu-

2354 1281 2402 1413 dium
2350 1449 2398 1795 renovantibus
2348 1833 2397 2013 bellum
2343 2050 2393 2247 favere:

2288 1411 2295 1476 —
2286 1576 2293 1639 —-
2260 1739 2301 1995 „verum
2249 2034 2295 2300 quorum
2258 2336 2307 2552 liberi
2257 2582 2304 2723 leto
2257 2759 2305 2906 dati

2192 1411 2242 1583 Sunt
2192 1618 2238 1682 in
2176 1719 2238 1923 bello,
2184 1962 2217 2085 non
2180 2122 2229 2441 lubenter
2176 2490 2225 2653 lzaeo
2174 2689 2224 2964 enodari

2099 2112 2149 2434 audiunff’
2083 2460 2145 2555 Μ).

2019 1277 2081 1386 Quo
2018 1419 2080 1736 pertinaciter
2022 1770 2068 2065 recusante:

1931 1407 1999 1874 „studiumque
1943 1907 1993 2117 iteris
1923 2151 1986 2490 reprime‚”
1921 2516 1988 2626 ***)

1856 1274 1914 1478 augetur
1867 1514 1915 1838 contentionis
1861 1874 1912 2181 vehementia
1850 2196 1873 2210 ,
1842 2258 1906 2556 alternisque
1854 2604 1903 2826 versibus
1843 2842 1868 2857 ‚
1853 2905 1897 2959 ut

1790 1274 1839 1344 ait
1777 1379 1838 1573 Cicero,
1772 1610 1836 1950 intorquentur
1781 1984 1830 2115 inter
1778 2151 1827 2332 fratres
1761 2359 1823 2678 gravissimae
1773 2705 1817 2955 contume—

1696 1274 1758 1381 liae,
1708 1417 1751 1472 ut
1707 1505 1757 1653 facile
1688 1688 1746 1922 appareat
1701 1956 1749 2094 Atrei
1699 2129 1747 2258 filios
1695 2296 1729 2408 esse
1679 2440 1741 2574 )
1695 2592 1725 2605 ε

1614 1939 1670 2286 AGAMEMNON.

1533 1400 1596 1597 „Quis
1543 1643 1593 1825 homo
1541 1870 1584 1935 te
1520 1983 1583 2440 exsuperavit
1516 2475 1566 2649 unqu
1534 2668 1565 2763 am
1516 2796 1565 2951 gen-

1456 2096 1503 2258 tium
1438 2294 1502 2752 impudentia!

1377 1955 1428 2253 MENELAUS.

1293 1405 1354 1557 Quis
1302 1595 1345 1815 autem
1297 1850 1346 2125 malitia
1295 2159 1341 2324 te?!⁷’

1228 1267 1275 1521 Postremo
1211 1558 1273 1890 Agamemnon
1217 1927 1268 2130 fratrem
1200 2166 1262 2449 proturbat:

1185 1267 1187 1306 ἡ
1106 1333 1160 1375 *)
1119 1403 1161 1558 Liban.
1117 1590 1157 1618 l.
1117 1649 1156 1705 1.:
1102 1745 1159 1912 χρόνου
1111 1951 1155 2000 δὲ
1096 2041 1155 2384 ἐπιγιγνομένου
1106 2425 1149 2502 καὶ
1094 2530 1148 2613 τῆς
1092 2643 1149 2832 οἷγνοίας
1091 2860 1130 2943 με-

1036 1403 1092 1569 νούσης
1046 1598 1085 1689 κτλ.

966 1306 1020 1371 **)
977 1401 1019 1532 Ennii
963 1559 1019 1724 fragm.
976 1756 1002 1797 n.
974 1827 1015 1868 3.
972 1901 1010 1944 et
972 1974 1013 2013 1.

895 1291 948 1370 ***)
906 1400 948 1507 Attii
892 1534 948 1699 fragm.
905 1730 931 1772 n.
903 1803 946 1871 15.
885 1927 942 2081 Dictys
888 2104 941 2161 Π,
899 2182 941 2230 9:
885 2273 938 2420 „quod
882 2462 933 2641 propter
894 2682 936 2823 filiam
893 2868 920 2938 re-

834 1397 873 1551 nueret
823 1579 876 1943 profectioncm.’⁷

752 1276 807 1373 Μ’)
765 1405 806 1494 Cic.
764 1527 805 1660 Tusc.
752 1691 804 1771 IV,
751 1793 803 1864 36,
760 1886 802 1954 77.
756 2026 799 2145 Mira
754 2184 798 2390 socordia
753 2432 795 2519 hoc
738 2558 795 2722 fragm.
752 2767 794 2936 Cressis

691 1398 735 1643 tribuerant
690 1674 734 1829 critici.

3261 3175 3328 3182 a*-
