5010 3336
3955 2158 4011 2240 46

3802 1359 3865 1582 (Hel-oid.
3804 1618 3865 1702 IV,
3816 1738 3861 1800 73
3799 1836 3863 1999 seqq.)
3815 2036 3860 2087 et
3814 2119 3864 2309 Seneca
3799 2342 3858 2618 testantur,
3796 2666 3844 2870 quorum
3806 2918 3840 3035 con-

3737 1355 3769 1553 sensum
3736 1589 3766 1648 ex
3718 1682 3783 1934 Euripidis
3734 1962 3783 2235 imitatione
3734 2260 3777 2423 natum
3733 2451 3766 2564 esse
3730 2596 3779 2821 coniicio.
3726 2890 3775 3035 Ama-

3658 1357 3704 1436 bat
3657 1472 3703 1598 enim
3655 1634 3702 1716 hic
3654 1751 3703 1874 tales
3654 1912 3703 2122 Catones
3639 2174 3701 2441 effingere,
3653 2493 3696 2543 et
3651 2590 3700 2707 huic
3632 2755 3695 3035 tragoediae

3563 1354 3609 1587 persona,
3560 1643 3606 1768 quae
3574 1825 3623 2081 Phaedrae
3572 2128 3620 2346 moribus
3556 2393 3619 2537 plane
3569 2586 3615 2827 contraria
3555 2884 3610 3032 esset,

3482 1351 3544 1536 optime
3494 1574 3543 1906 conveniebat.
3494 1977 3543 2139 Ovidii
3494 2172 3540 2318 verba
3493 2351 3539 2475 haec
3491 2512 3533 2654 sunt:

3397 1480 3465 1781 „Quemque
3415 1794 3457 1979 vocant
3414 2000 3462 2138 aliae
3413 2154 3460 2349 vultum
3392 2366 3460 2690 rigidumque
3388 2714 3451 3030 trucemque,

3334 1613 3383 1713 Pro
3317 1747 3382 1934 rigido,
3334 1973 3382 2215 Phaedra
3322 2248 3381 2439 iudice,
3315 2466 3376 2623 sortis
3329 2660 3370 2788 erat.

3255 1480 3305 1601 Sint
3237 1630 3300 1814 procul
3254 1851 3283 1881 α
3254 1916 3301 2058 nobis
3239 2094 3300 2319 iuvene-3,
3253 2356 3294 2412 ut
3236 2433 3296 2657 femina,
3247 2695 3294 2876 comti:

3174 1610 3222 1744 Fine
3173 1781 3221 1880 coli
3172 1916 3221 2114 modico
3157 2137 3217 2315 forma
3171 2349 3219 2513 virilis
3168 2551 3209 2707 amat.

3096 1484 3143 1554 Te
3094 1589 3135 1707 tuus
3092 1743 3140 1840 iste
3076 1874 3139 2016 rigor
3074 2045 3138 2304 positique
3091 2338 3138 2449 sine
3088 2486 3130 2602 arte
3069 2637 3135 2816 capilli

3014 1605 3061 1682 Et
3012 1719 3060 1844 levis
2994 1882 3057 2089 egregio
2994 2116 3058 2292 pulvis
3010 2328 3056 2382 in
3008 2419 3040 2505 ore
3007 2541 3056 2688 decet
3006 2735 3049 2830 etc.

2933 1478 2982 1553 Tu
2931 1589 2980 1736 modo
2931 1773 2979 2016 duritiem
2930 2051 2977 2193 silvis
2912 2228 2977 2427 depone
2911 2462 2974 2691 iugosis:

2850 1606 2900 1729 Non
2850 1763 2881 1874 sum
2848 1908 2895 2132 materia
2832 2167 2897 2328 digna
2829 2357 2893 2533 perire
2844 2570 2887 2678 tua.

2758 1475 2820 1640 Quid
2768 1708 2816 1903 iuvat
2767 1976 2815 2336 incinctae
2765 2398 2814 2634 studia
2763 2696 2798 3026 exercere

2687 2263 2735 2392 Dia
2687 2407 2717 2440 n
2686 2457 2717 2488 α
2674 2508 2716 2550 e,

2609 1599 2658 1690 Et
2608 1736 2657 1987 Veneri
2607 2021 2640 2331 numeros
2589 2370 2653 2721 eripuisse
2604 2756 2652 2946 suos?

2516 1472 2577 1648 Quod
2526 1685 2568 1881 caret
2526 1919 2575 2200 alterna
2508 2235 2572 2497 requie7
2523 2547 2574 2864 durabile
2522 2899 2556 3022 non

2445 2268 2487 2398 est:

2365 1599 2416 1784 Haec
2349 1819 2407 2103 reparat
2365 2140 2411 2318 vires
2347 2352 2411 2684 fessaque
2362 2731 2411 3018 membra

2281 2249 2331 2505 novat.''

2206 1330 2255 1460 Fere
2206 1494 2255 1671 iisdem
2206 1706 2253 1900 monitis
2189 1937 2251 2067 apud
2203 2103 2252 2341 Senecam
2203 2394 2250 2556 nutrix
2186 2601 2251 2861 Hippolyti
2202 2910 2249 3014 ani-

2126 1329 2158 1458 mum
2125 1496 2174 1700 flectere
2125 1736 2173 1930 studet:

2058 1458 2065 1521 -
2059 1559 2065 1621 —-
2032 1655 2092 1870 „Potius
2042 1908 2074 2157 annorum
2042 2190 2073 2380 memor

1963 1461 2013 1692 Mentem
1962 1727 2010 1940 relaxa:
1961 1977 2009 2209 noctibus
1945 2230 2008 2389 sestis
1945 2410 2007 2592 facem

1883 1455 1931 1657 Attolle
1872 1669 1911 1689 ;
1882 1728 1913 1879 curas
1879 1915 1928 2150 Bacchus
1881 2188 1923 2433 exoneret
1864 2467 1912 2655 graves
1877 2690 1924 2786 etc.

1818 1454 1823 1519 —
1815 1556 1822 1615 —-
1802 1660 1851 1759 Cur
1801 1792 1843 1905 toro
1800 1940 1848 2094 viduo
1800 2130 1847 2305 iaces?

1723 1462 1771 1680 Tristem
1720 1715 1769 1981 iuventam
1707 2015 1767 2169 solve,
1719 2205 1752 2343 nunc
1720 2378 1767 2518 lusus
1703 2553 1752 2680 rape
1719 2715 1762 2809 etc.

1642 1451 1692 1689 Laetitia
1627 1724 1688 1976 iuvenem,
1622 2001 1685 2157 frons
1638 2193 1687 2343 decet
1639 2378 1686 2540 tristis
1639 2572 1670 2746 senem
1638 2784 1682 2878 etc·

1559 1457 1610 1909 Truculentus
1558 1947 1599 2007 et
1557 2043 1605 2368 silvester
1557 2405 1599 2468 et
1558 2512 1605 2700 vitae
1559 2746 1606 3007 inscius

1480 1456 1529 1740 Tristem
1466 1794 1524 2178 iuventam,
1477 2238 1526 2496 Venere
1466 2549 1527 2849 deserta,
1477 2902 1509 3004 co-

1398 2244 1445 2328 lis
1395 2365 1439 2462 etc·

1319 1447 1369 1674 Proinde
1318 1706 1365 1850 vitae
1298 1883 1349 2099 sequere
1316 2132 1359 2379 naturam
1317 2416 1366 2626 ducem:

1239 1455 1289 1638 Urbem
1220 1660 1285 1966 frequenta,
1235 2004 1283 2192 civium
1235 2228 1278 2400 coetus
1235 2437 1284 2591 cole.”

1143 1312 1208 1554 Euripide
1142 1588 1202 1851 utrumque
1155 1886 1198 2087 auctore
1153 2121 1186 2263 usum
1155 2322 1186 2433 esse
1155 2490 1187 2550 ex
1155 2593 1203 2690 hoc
1138 2725 1204 2999 fragmento

1062 1312 1122 1543 apparet:

996 1446 1048 1499 οἱ
981 1530 1047 1631 γὰρ
980 1668 1045 1883 Κύπριν
976 1919 1042 2208 φεύγοντες
978 2242 1043 2547 ἀνθρώπων
977 2581 1041 2720 ἄγαν

914 1438 961 1657 νοσοῦσ’
897 1696 964 1891 ὁμοίως
900 1924 957 2035 τοῖς
893 2069 957 2207 ἄγαν
894 2241 960 2596 θηρωμένοις.

819 1309 884 1502 Spretis
832 1538 879 1742 nutricis
829 1776 877 1977 monitis
828 2014 875 2117 abit
827 2151 874 2275 intro
815 2310 877 2630 adolescens;
828 2682 876 2762 illa
817 2813 871 2994 autem,

739 1307 797 1568 postquam
751 1602 800 1700 hoc
734 1736 798 1978 colloquio
747 2012 794 2132 nihil
731 2166 796 2405 profecit,
746 2457 794 2518 de
746 2571 794 2797 dominae
747 2836 794 2993 salute

659 1307 723 1603 desperans,
670 1652 718 1766 huic
666 1804 716 2171 concedendum
654 2209 699 2349 esse,
665 2396 709 2452 ut
665 2487 713 2688 consilia
666 2726 697 2812 sua
665 2850 697 2993 exse-

580 1315 638 1514 quatur,
574 1547 640 1792 intelligit.

1958 3164 2134 3175 Vm.
2068 3171 2073 3173 >
2148 3167 2539 3173 —----—----
2554 3168 2618 3171 ffl—
