5010 3336
4023 2133 4078 2211 24

3888 1332 3937 1551 laborem
3872 1586 3938 1960 periculumque
3870 1993 3934 2346 adductorum3
3863 2395 3930 2608 denique
3858 2641 3926 2891 Phrygum
3867 2936 3918 3011 in-

3794 1331 3856 1474 genia
3809 1492 3857 1794 Graecorum
3805 1810 3854 2027 moribus
3804 2048 3836 2108 ex
3802 2124 3851 2330 adverso
3785 2345 3848 2523 positis
3782 2539 3844 2785 arguenda
3788 2798 3842 3011 fuerunt.

3712 1330 3778 1529 Singula
3718 1558 3775 1720 verba,
3711 1746 3775 1964 singulae
3709 1990 3770 2280 sententiae,
3719 2308 3767 2514 actionis
3717 2541 3764 2687 totius
3713 2716 3761 2838 ratio
3708 2862 3758 3012 vehe-

3650 1329 3697 1540 mentius
3634 1575 3694 1818 movebat,
3631 1857 3691 2011 magis
3628 2038 3691 2332 delectabat,
3639 2368 3686 2549 rectius
3634 2583 3686 2792 docebat
3617 2818 3672 3012 specta-

3560 1328 3614 1481 tores,
3553 1510 3615 1792 praemissis
3553 1818 3614 1893 iis,
3551 1922 3613 2210 quibuscum
3543 2235 3606 2506 composita
3540 2521 3604 2674 magis
3550 2688 3602 3014 redderentur

3473 1327 3536 1604 conspicua.
3477 1653 3535 1876 Accedit,
3471 1905 3533 2054 quod,
3470 2081 3515 2230 quum
3479 2256 3527 2386 nulla
3477 2411 3526 2556 fieret
3474 2578 3524 2783 facultas
3468 2808 3518 3011 caedem

3396 1324 3461 1553 Dolonis,
3409 1603 3452 1651 et
3391 1700 3438 2016 quaecunque
3405 2066 3447 2204 extra
3400 2251 3433 2448 scenam
3397 2497 3445 2546 in
3379 2594 3441 2753 spatio
3373 2791 3438 3011 utrisque

3330 1324 3376 1498 castris
3329 1532 3377 1795 interiecto
3311 1830 3369 2064 aguntur,
3308 2101 3370 2361 narrandi,
3315 2400 3365 2666 curandum
3300 2701 3361 2823 fuit,
3309 2860 3353 2916 ut
3307 2950 3340 3010 ex

3235 1320 3299 1440 ipsis
3250 1471 3298 1634 statim
3233 1664 3296 1919 colloquiis
3244 1949 3288 2177 eventum
3227 2206 3275 2468 possemus
3221 2499 3283 2754 suspicari.
3231 2791 3279 2868 Eo
3213 2892 3260 3009 per-

3171 1321 3220 1448 tinet
3157 1481 3218 1619 illud,
3154 1658 3214 1789 quod
3165 1824 3214 1985 Dolon
3164 2021 3196 2074 se
3163 2110 3205 2194 aut
3146 2230 3210 2426 Ulyssis
3158 2463 3200 2545 aut
3151 2573 3205 2823 Diomedis
3131 2860 3191 3008 caput

3089 1319 3141 1594 abscissum
3088 1632 3120 1800 secum
3070 1837 3126 2206 reportaturum
3081 2245 3113 2358 esse
3062 2407 3126 2697 pollicetur:
3056 2751 3103 2875 quae
3052 2918 3100 3009 per

3011 1320 3043 1375 se
2995 1410 3059 1608 quidem
2992 1646 3050 1867 spectata
3003 1902 3053 2110 ridicula
3001 2146 3043 2221 est
2982 2254 3046 2546 promissi0,
2993 2596 3041 2670 sin
2991 2705 3040 2816 illos
2973 2850 3038 3005 ipsos,

2916 1317 2978 1492 quibus
2927 1529 2969 1739 mortem
2924 1774 2973 1924 homo
2921 1962 2955 2115 vanus
2905 2150 2968 2382 minatur,
2911 2418 2960 2742 cummaxime
2910 2775 2959 2835 ad
2906 2870 2958 3004 hunc

2849 1318 2897 1529 eundem
2831 1579 2896 1992 intercipiendum
2826 2047 2883 2241 paratos
2837 2290 2870 2402 esse
2823 2454 2882 2667 scimus,
2832 2729 2878 2768 si
2826 2818 2879 3004 diserte

2770 1315 2820 1554 duumviri
2752 1584 2814 1939 praedixerunt
2762 1968 2794 2021 se
2761 2051 2807 2099 in
2745 2124 2806 2321 itinere,
2757 2356 2788 2418 ne
2741 2445 2802 2551 quis
2752 2577 2801 2710 forte
2751 2736 2783 2796 ex
2748 2824 2798 2999 Troia-

2691 1312 2739 1389 nis
2674 1414 2735 1697 speculator
2685 1724 2733 1770 in
2681 1799 2733 2103 Graecorum
2678 2130 2719 2287 castra
2677 2320 2708 2373 se
2660 2412 2723 2680 conferret,
2654 2718 2719 2998 exploratu-

2611 1313 2643 1397 ros
2610 1435 2653 1483 et
2608 1519 2656 1580 ad
2592 1618 2652 1836 quemvis
2599 1865 2649 2217 ambulantium
2580 2250 2644 2513 strepitum
2593 2540 2641 2727 animos
2574 2755 2622 3000 auresque

2529 1312 2575 1588 attenturos
2512 1638 2558 1776 esse,
2525 1834 2572 1876 si
2520 1925 2563 2089 certae
2517 2137 2568 2373 Dolonem
2501 2417 2564 2655 perniciei
2509 2702 2558 2892 obviam
2507 2927 2555 2999 ire

2450 1310 2498 1451 nobis
2432 1488 2480 1778 persuasum
2428 1814 2486 1908 est,
2440 1944 2484 2049 tum
2438 2084 2487 2168 illa
2436 2191 2470 2288 non
2435 2313 2483 2410 iam
2420 2435 2482 2659 ridicula,
2431 2696 2481 2784 sed
2410 2813 2475 2998 tragica

2369 1310 2412 1388 cst
2365 1423 2401 1530 vox‚

2287 1439 2337 1533 His
2270 1568 2331 1797 peractis,
2281 1831 2331 2032 maioris
2275 2069 2327 2302 Vlctoriae
2257 2338 2319 2667 reportandae
2251 2701 2317 2998 maiorisque

2193 1306 2257 1521 praedae
2188 1569 2254 1921 adipiscendae
2197 1969 2245 2175 materia
2194 2211 2245 2440 Diomedi
2175 2474 2240 2743 Ulyssique
2172 2778 2227 2995 paratur.

2128 1307 2178 1460 Cuius
2125 1495 2175 1727 victoriae
2104 1760 2168 2045 magnitudo
2104 2083 2161 2154 ut,
2098 2191 2157 2450 postquam
2096 2486 2153 2625 parta
2095 2661 2151 2819 esset,
2104 2856 2149 2996 recte

2034 1305 2090 1479 posset
2032 1514 2094 1776 aestimari,
2039 1814 2073 2021 necesse
2038 2056 2086 2152 fuit
2034 2186 2077 2327 antea
2033 2354 2080 2416 de
2019 2445 2079 2647 viribuS,
2010 2683 2078 2993 fortitudine,

1968 1304 2017 1486 divitiis
1967 1523 2008 1571 et
1950 1608 2012 1780 spiritu
1949 1815 2009 1935 viri,
1945 1982 2005 2062 qui
1959 2099 2006 2162 de
1955 2196 2002 2360 medio
1953 2408 2000 2652 tollendus
1934 2690 1991 2798 est,
1931 2850 1978 2991 quam

1875 1303 1938 1592 plenissime
1869 1618 1930 1812 exponi.
1868 1870 1929 2014 Quod
1865 2051 1910 2145 quo
1863 2181 1920 2353 posset
1871 2388 1920 2694 commodius
1851 2730 1916 2991 aptiusque

1808 1304 1843 1468 coram
1806 1504 1854 1698 theatro
1794 1734 1852 1870 fieri,
1784 1924 1848 2205 fingendum
1798 2254 1846 2349 fuit
1792 2392 1844 2616 Rhesum
1785 2667 1833 2990 cummaxime

1730 1302 1762 1412 cum
1726 1450 1774 1671 exercitu
1726 1706 1773 1754 in
1723 1806 1767 1965 castra
1705 2008 1766 2295 pervenire,
1702 2334 1748 2484 quum
1711 2530 1753 2681 noctu
1693 2730 1740 2871 quam
1705 2915 1753 2988 in-

1647 1299 1698 1463 terdiu
1632 1498 1679 1587 per
1645 1622 1689 1801 terram
1643 1838 1691 1896 ab
1639 1934 1690 2158 hostibus
1620 2208 1679 2492 occupatam
1617 2545 1678 2792 proficisci
1625 2838 1672 2989 tutius

1569 1300 1602 1413 esse
1566 1448 1616 1671 duceret.
1563 1736 1612 1834 lam
1562 1870 1594 1986 vero
1561 2023 1607 2063 si
1558 2097 1602 2210 ante
1555 2245 1606 2448 Dolonis
1550 2484 1600 2759 discessum
1532 2796 1589 2984 pastor,

1474 1300 1538 1383 qui
1487 1418 1537 1576 Rhesi
1482 1611 1532 1873 adventum
1466 1908 1527 2125 nuntiat,
1477 2178 1526 2229 in
1475 2265 1517 2424 castra
1458 2458 1518 2766 pervenisset
1467 2814 1510 2865 et
1466 2899 1497 2985 au-

1408 1296 1459 1465 diente
1404 1492 1456 1680 Dolone
1401 1702 1451 1973 Hectorem
1399 1999 1447 2061 de
1397 2086 1446 2254 Rheso
1379 2292 1442 2544 copiisque
1391 2581 1438 2682 cius
1385 2719 1435 2982 certiorem

1318 1296 1380 1532 fecisset,
1322 1582 1365 1838 assecutus
1319 1876 1363 2010 esset
1317 2043 1366 2140 hoc
1300 2187 1359 2362 poeta,
1315 2411 1357 2463 ut
1294 2499 1358 2863 speculatores,
1304 2918 1354 2983 de

1248 1295 1296 1468 eadem
1247 1504 1279 1560 re
1244 1596 1292 1762 statim
1244 1798 1274 1824 a
1239 1851 1291 2040 Dolone
1224 2076 1285 2255 edocti,
1235 2292 1283 2419 sicut
1233 2450 1282 2506 fit
1216 2531 1279 2659 apud
1212 2687 1278 2979 Homerum,

1168 1294 1212 1429 recta
1167 1463 1215 1524 ad
1164 1561 1197 1674 eum
1150 1719 1212 1910 locum,
1161 1955 1207 2004 in
1143 2049 1190 2143 quo
1140 2184 1203 2462 quiesceret
1139 2495 1201 2720 Rhesus,
1145 2774 1193 2979 tendere

1089 1292 1122 1350 ac
1086 1385 1135 1491 sine
1085 1526 1134 1648 deae
1083 1683 1131 1859 auxilio
1077 1894 1128 2147 victoriam
1059 2182 1123 2533 amplissimam
1053 2570 1112 2828 reportare
1050 2858 1099 2975 pos-

1005 1294 1051 1423 sent.
1006 1492 1055 1558 At
1004 1602 1052 1699 hoc
987 1746 1051 1911 ipsum
996 1957 1044 2225 cavendum
994 2272 1043 2369 fuit
990 2404 1039 2603 scenico
972 2638 1030 2838 poetae,
971 2889 1034 2975 qui

928 1293 978 1441 vellet
926 1474 975 1522 in
909 1557 973 1667 ipso
907 1702 955 1853 opere
920 1887 969 1939 in
900 1984 959 2299 conspectum
897 2343 960 2620 producere
907 2665 955 2879 victores
906 2923 951 2973 et

837 1291 884 1437 quam
844 1481 895 1590 fieri
828 1637 887 1806 posset
835 1839 887 2051 maxime
832 2098 867 2203 rem
831 2252 881 2313 ob
829 2360 879 2530 oculos
812 2576 861 2790 ponere,
811 2837 876 2970 quod
