5010 3336
2173 3242 2197 3303 -2.l.¹x.

1128 2083 1185 2198 281

1284 2732 1348 2844 „Te
1281 2518 1332 2695 Peleus
1282 2361 1325 2483 nato
1290 2105 1323 2330 socerum
1278 2019 1320 2068 et
1268 1809 1317 1980 Thetis
1266 1587 1331 1785 hospita
1264 1335 1329 1566 iungunt,

1365 2497 1428 2843 Allegautque
1372 2353 1405 2465 suos
1361 2108 1419 2318 utroque
1367 2041 1398 2072 α
1349 1759 1413 2009 sanguine
1346 1586 1394 1724 divos
1350 1460 1393 1552 etc.

1444 2729 1492 2842 Iam
1455 2554 1489 2695 socer
1455 2461 1486 2527 es.
1434 2206 1483 2402 Natum
1437 2055 1479 2176 ante
1427 1874 1495 2036 pedes
1427 1619 1492 1857 proiecit,
1431 1532 1473 1581 et
1422 1331 1472 1506 addit:

1523 2628 1586 2839 Iamque
1522 2422 1566 2591 avus.”

1602 2662 1662 2842 „Tunc
1596 2451 1662 2612 epulis
1594 2144 1641 2403 consumta
1588 1973 1645 2109 dies,
1582 1624 1648 1928 tandemque
1586 1324 1645 1582 receptum

1678 2634 1728 2837 Foedus
1662 2597 1733 2620 ,χ
1682 2520 1722 2568 et
1668 2210 1735 2486 intrepidos
1683 2075 1715 2175 ηοω
1665 1840 1714 2039 conscia
1663 1638 1726 1806 iungit
1658 1323 1708 1602 amantes-'²

1758 2621 1821 2839 Simplici
1755 2292 1818 2573 argumento
1761 2128 1794 2243 usus
1751 2005 1793 2079 est
1743 1652 1807 1946 Sophocles⁹
1740 1320 1802 1591 composito

1839 2694 1902 2965 Euripides.
1833 2518 1883 2626 Non
1831 2359 1878 2486 enim
1827 2206 1875 2323 satis
1826 2017 1873 2185 habuit
1825 1912 1871 1992 hic
1822 1587 1879 1876 ostendisse,
1817 1319 1881 1560 quomodo

1921 2890 1967 2965 vir
1920 2732 1966 2857 inter
1915 2496 1975 2701 virgines
1911 2296 1956 2449 latens
1908 2027 1954 2249 detectus
1907 1816 1957 1981 esset,
1900 1650 1963 1765 quin
1899 1316 1946 1607 admisceret

1999 2817 2046 2962 etiam
1996 2583 2043 2780 alteram
1990 2198 2052 2545 cognitionem,
2001 2058 2047 2148 qua
1999 1894 2030 2013 uxor
1982 1734 2028 1861 inter
1978 1516 2042 1701 puellas
1977 1315 2023 1471 latens

2078 2633 2140 2962 detegeretur.
2069 2391 2117 2566 Tenuit
2066 2212 2129 2359 igitur
2066 2046 2113 2190 etiam
2064 1973 2109 2020 in
2062 1857 2109 1948 hac
2059 1674 2107 1835 fabula
2054 1312 2120 1644 componenda

2156 2692 2203 2964 institutum
2166 2499 2207 2655 suum,
2163 2369 2210 2463 quo
2161 2174 2192 2337 rerum
2144 1910 2191 2141 varietate
2145 1813 2187 1861 et
2139 1642 2201 1779 copia
2135 1421 2182 1606 fabulas
2133 1311 2179 1384 di-

2236 2713 2299 2960 stinguere
2236 2620 2279 2669 et
2230 2424 2276 2578 vitare
2226 2160 2290 2375 priorum
2227 1875 2286 2125 poetarum
2217 1514 2265 1839 assiduitatem
2212 1310 2261 1478 stude-

2317 2863 2365 2960 bat.
2314 2743 2361 2794 In
2312 2393 2359 2707 obscenos
2305 2171 2352 2341 risus
2302 2004 2348 2125 hanc
2297 1668 2361 1969 tragoediam
2294 1308 2341 1619 deflexam

2410 2846 2443 2957 esse
2396 2603 2440 2813 testatur
2386 2367 2434 2568 Ovidius
2383 2300 2431 2330 l.
2383 2210 2438 2262 1.,
2380 2106 2426 2156 id
2380 1925 2442 2054 quod
2378 1747 2424 1889 etiam
2375 1606 2422 1710 sine
2374 1481 2420 1573 hoc
2371 1307 2419 1447 testi-

2473 2796 2522 2956 monio
2485 2699 2517 2759 ex
2466 2448 2530 2667 reliquiis
2462 2141 2525 2412 intelligere
2460 1922 2506 2107 liceret.
2456 1564 2517 1852 Ambiguum
2452 1403 2499 1528 enim
2449 1305 2496 1364 il·-

2553 2868 2601 2953 lud
2546 2705 2611 2835 πρὸς
2548 2545 2603 2673 τοῦς
2550 2460 2591 2509 et
2542 2276 2589 2428 febris
2540 1938 2599 2239 laterumque
2535 1725 2583 1905 doloris
2531 1404 2596 1690 significatio
2528 1302 2576 1363 ad

2632 2803 2679 2952 risum
2626 2479 2675 2767 movendum
2621 2196 2685 2444 aptissima
2623 2025 2674 2162 sunt3
2622 1877 2664 1979 tum
2615 1729 2677 1834 ipse
2613 1423 2675 1684 adspectus
2609 1299 2656 1388 viri

2727 2862 2777 2950 pro
2708 2644 2771 2828 virgine
2703 2428 2752 2611 venditi
2706 2344 2747 2394 et
2700 2183 2747 2310 inter
2698 1954 2759 2163 virgines
2692 1690 2741 1928 versantis
2696 1607 2738 1657 et
2706 1493 2737 1584 una
2704 1300 2737 1465 earum

2785 2570 2839 2950 familiarissime
2781 2358 2830 2535 utentis
2794 2230 2825 2322 non
2777 2027 2824 2181 solum
2773 1782 2822 1982 ridicula
2786 1625 2829 1735 reS,
2770 1492 2816 1577 sed
2770 1298 2817 1442 etiam

2870 2737 2917 2947 obscena
2867 2583 2912 2701 erat.
2860 2255 2908 2515 Sufficeret
2856 2075 2919 2221 igitur
2853 1966 2901 2039 vel
2852 1837 2900 1931 hoc
2850 1529 2913 1801 exemplum
2865 1393 2896 1499 cum
2854 1298 2896 1373 te-

2946 2719 2996 2947 stimonio
2941 2515 2990 2670 Ovidii
2939 2412 2986 2471 ad
2933 1937 2985 2360 demonstrandam
2947 1787 2978 1891 rem
2929 1542 2976 1739 minime
2927 1293 2976 1490 dubiam

3044 2889 3076 2946 ac
3023 2556 3074 2843 certissimis
3020 2420 3066 2513 iam
3013 2076 3064 2368 testimoniis
3011 1684 3067 2041 confirmatam,
3008 1478 3055 1634 fuisse
3006 1292 3068 1445 quod·
3003 778 3064 793 ³⁴!
2999 736 3002 739 “

3108 2834 3155 2944 dam
3103 2586 3151 2800 medium
3100 2425 3147 2553 inter
3095 2160 3159 2399 tragicum
3098 2078 3139 2128 et
3091 1784 3152 2049 satyricum
3088 1489 3135 1754 dramatum
3102 1291 3149 1463 genus,
3095 804 3099 806 ·

3199 2782 3247 2943 neque
3195 2548 3243 2741 semper
3182 2267 3239 2485 quartam
3171 1852 3219 2218 didascaliarum
3169 1597 3215 1806 fabulam
3166 1289 3228 1549 satyricam

3263 2753 3319 2941 fuisse,
3260 2631 3307 2719 sed
3256 2311 3319 2596 saepissime
3268 2216 3299 2276 ex
3251 1999 3315 2185 tragica
3254 1914 3296 1964 et
3248 1685 3295 1867 comica
3247 1418 3304 1640 mixtam,
3260 1288 3292 1365 sa-

3341 2816 3404 2939 tyris
3342 2519 3386 2778 carentem.

3414 2445 3465 2806 Nobilissimum
3413 2327 3458 2420 hoc
3410 2132 3457 2297 drama
3407 1958 3453 2113 fuisse
3421 1868 3452 1928 ex
3403 1524 3451 1844 imitationum
3407 1449 3450 1498 et
3417 1285 3449 1417 com-

3495 2534 3547 2934 memorationum
3490 2232 3553 2499 frequentia
3492 1960 3549 2186 apparet,
3499 1706 3545 1907 quarum
3498 1522 3529 1661 unam
3486 1282 3543 1476 praeter

3594 2818 3634 2932 eas,
3590 2663 3638 2780 quas
3588 2486 3636 2632 supra
3571 2234 3626 2461 diximus,
3565 1932 3629 2199 protulisse
3561 1683 3609 1896 sufficiet
3560 1486 3607 1651 Bionis
3562 1372 3619 1449 15,
3562 1283 3606 1340 9:

3652 2547 3714 2800 Σκύριον,
3641 2468 3697 2507 ὦ
3646 2211 3706 2432 Amida,
3644 2044 3704 2174 ζαλῶ
3640 1837 3705 2006 μέλος,
3632 1668 3688 1801 ἁδὺν
3631 1406 3699 1631 ’Ἐρωτα,

3734 2588 3797 2802 Λάθριοι
3726 2288 3794 2551 Πηλείδαο
3724 1960 3788 2250 φιλάματα,
3721 1707 3782 1929 λάθριον
3717 1487 3768 1672 εὐνάν·

3815 2674 3871 2798 ,Πῶς
3814 2514 3869 2632 παῖς
3808 2295 3858 2477 ἕσσατο
3810 2072 3869 2258 φᾶρος,
3801 1891 3861 2032 ὅπως
3801 1812 3850 1856 δ’
3797 1524 3859 1775 ἐψεύσατο
3794 1276 3862 1489 μορφὰν

3895 2595 3952 2797 Χῶπως
3888 2506 3941 2562 ἐν
3890 2280 3951 2472 κώραις
3882 1884 3947 2245 Λυκομηδίσιν
3879 1530 3945 1845 ἄπαλέγοισοε

3971 2511 4020 2550 τ’
3968 2238 4020 2473 ἅπαστὸν
3959 1984 4030 2210 Ἀχιλλέα
3961 1639 4027 1948 Δηϊδάμεια.
