<?xml version="1.0" encoding="UTF-8"?>
<!DOCTYPE html PUBLIC "-//W3C//DTD XHTML 1.0 Transitional//EN"
    "http://www.w3.org/TR/xhtml1/DTD/xhtml1-transitional.dtd">
<html xmlns="http://www.w3.org/1999/xhtml" xml:lang="en" lang="en">
 <head>
  <title>
</title>
<meta http-equiv="Content-Type" content="text/html;charset=utf-8" />
  <meta name='ocr-system' content='tesseract 3.04.00' />
  <meta name='ocr-capabilities' content='ocr_page ocr_carea ocr_par ocr_line ocrx_word'/>
</head>
<body>
  <div class='ocr_page' id='page_1' title='image "./euripidesrestitu00hartuoft_raw_0277.png"; bbox 0 0 5010 3336; ppageno 0'>
   <div class='ocr_carea' id='block_1_1' title="bbox 1140 3332 2873 3336">
    <p class='ocr_par' dir='ltr' id='par_1_1' title="bbox 1140 3332 2873 3336">
     <span class='ocr_line' id='line_1_1' title="bbox 1140 3332 2873 3336; textangle 90"><span class='ocrx_word' id='word_1_1' title='bbox 1140 3332 2873 3336; x_wconf 95' lang='lat' dir='ltr'><strong> </strong></span> 
     </span>
    </p>
   </div>
   <div class='ocr_carea' id='block_1_2' title="bbox 153 3336 180 3336">
    <p class='ocr_par' dir='ltr' id='par_1_2' title="bbox 153 3336 180 3336">
     <span class='ocr_line' id='line_1_2' title="bbox 153 3336 180 3336; textangle 90"><span class='ocrx_word' id='word_1_2' title='bbox 153 3336 180 3336; x_wconf 95' lang='lat' dir='ltr'><strong> </strong></span> 
     </span>
    </p>
   </div>
   <div class='ocr_carea' id='block_1_3' title="bbox 3090 3333 4195 3335">
    <p class='ocr_par' dir='ltr' id='par_1_3' title="bbox 3090 3333 4195 3335">
     <span class='ocr_line' id='line_1_3' title="bbox 3090 3333 4195 3335; textangle 90"><span class='ocrx_word' id='word_1_3' title='bbox 3090 3333 4195 3335; x_wconf 95' lang='lat' dir='ltr'><strong> </strong></span> 
     </span>
    </p>
   </div>
   <div class='ocr_carea' id='block_1_4' title="bbox 4 3336 3336 3336">
    <p class='ocr_par' dir='ltr' id='par_1_4' title="bbox 4 3336 3336 3336">
     <span class='ocr_line' id='line_1_4' title="bbox 4 3336 3336 3336; textangle 90"><span class='ocrx_word' id='word_1_4' title='bbox 4 3336 3336 3336; x_wconf 95' lang='lat' dir='ltr'><strong>                                                   </strong></span> 
     </span>
    </p>
   </div>
   <div class='ocr_carea' id='block_1_5' title="bbox 1021 2081 1079 2200">
    <p class='ocr_par' dir='ltr' id='par_1_5' title="bbox 1021 2081 1079 2200">
     <span class='ocr_line' id='line_1_5' title="bbox 1021 2081 1079 2200; textangle 90"><span class='ocrx_word' id='word_1_5' title='bbox 1021 2081 1079 2200; x_wconf 82' lang='lat'><strong>259</strong></span> 
     </span>
    </p>
   </div>
   <div class='ocr_carea' id='block_1_6' title="bbox 1165 1303 3923 2973">
    <p class='ocr_par' dir='ltr' id='par_1_6' title="bbox 1165 1319 1546 2971">
     <span class='ocr_line' id='line_1_6' title="bbox 1165 1322 1232 2971; textangle 90"><span class='ocrx_word' id='word_1_6' title='bbox 1171 2747 1221 2971; x_wconf 90' lang='lat' dir='ltr'><strong>trimonia</strong></span> <span class='ocrx_word' id='word_1_7' title='bbox 1170 2555 1219 2714; x_wconf 87' lang='lat' dir='ltr'><strong>ductis</strong></span> <span class='ocrx_word' id='word_1_8' title='bbox 1185 2363 1232 2520; x_wconf 87' lang='lat' dir='ltr'><strong>neque</strong></span> <span class='ocrx_word' id='word_1_9' title='bbox 1184 2225 1216 2327; x_wconf 89' lang='lat' dir='ltr'><strong>rem</strong></span> <span class='ocrx_word' id='word_1_10' title='bbox 1166 1906 1214 2191; x_wconf 82' lang='lat' dir='ltr'><strong>familiarem</strong></span> <span class='ocrx_word' id='word_1_11' title='bbox 1165 1708 1213 1857; x_wconf 88' lang='lat' dir='ltr'><strong>dividi</strong></span> <span class='ocrx_word' id='word_1_12' title='bbox 1181 1517 1229 1674; x_wconf 88' lang='lat' dir='ltr'><strong>neque</strong></span> <span class='ocrx_word' id='word_1_13' title='bbox 1168 1322 1217 1482; x_wconf 80' lang='lat' dir='ltr'><strong>studia</strong></span> 
     </span>
     <span class='ocr_line' id='line_1_7' title="bbox 1245 1322 1312 2970; textangle 90"><span class='ocrx_word' id='word_1_14' title='bbox 1268 2785 1305 2970; x_wconf 86' lang='lat' dir='ltr'><strong>eorum,</strong></span> <span class='ocrx_word' id='word_1_15' title='bbox 1251 2666 1312 2748; x_wconf 89' lang='lat' dir='ltr'><strong>qui</strong></span> <span class='ocrx_word' id='word_1_16' title='bbox 1250 2539 1296 2630; x_wconf 89' lang='lat' dir='ltr'><strong>sint</strong></span> <span class='ocrx_word' id='word_1_17' title='bbox 1248 2289 1295 2504; x_wconf 87' lang='lat' dir='ltr'><strong>eiusdem</strong></span> <span class='ocrx_word' id='word_1_18' title='bbox 1245 2025 1302 2253; x_wconf 83' lang='lat' dir='ltr'><strong>familiae,</strong></span> <span class='ocrx_word' id='word_1_19' title='bbox 1245 1766 1301 1987; x_wconf 82' lang='lat' dir='ltr'><strong>distrahi,</strong></span> <span class='ocrx_word' id='word_1_20' title='bbox 1246 1645 1293 1729; x_wconf 85' lang='lat' dir='ltr'><strong>sed</strong></span> <span class='ocrx_word' id='word_1_21' title='bbox 1246 1322 1294 1615; x_wconf 83' lang='lat' dir='ltr'><strong>firmissimis</strong></span> 
     </span>
     <span class='ocr_line' id='line_1_8' title="bbox 1322 1320 1391 2970; textangle 90"><span class='ocrx_word' id='word_1_22' title='bbox 1330 2755 1378 2970; x_wconf 86' lang='lat' dir='ltr'><strong>caritatis</strong></span> <span class='ocrx_word' id='word_1_23' title='bbox 1327 2317 1391 2707; x_wconf 81' lang='lat' dir='ltr'><strong>cognationisque</strong></span> <span class='ocrx_word' id='word_1_24' title='bbox 1323 2067 1371 2269; x_wconf 77' lang='lat' dir='ltr'><strong>vinculis</strong></span> <span class='ocrx_word' id='word_1_25' title='bbox 1322 1761 1370 2018; x_wconf 85' lang='lat' dir='ltr'><strong>adstrictos</strong></span> <span class='ocrx_word' id='word_1_26' title='bbox 1340 1535 1372 1702; x_wconf 89' lang='lat' dir='ltr'><strong>omnes</strong></span> <span class='ocrx_word' id='word_1_27' title='bbox 1326 1320 1373 1470; x_wconf 83' lang='lat' dir='ltr'><strong>instar</strong></span> 
     </span>
     <span class='ocr_line' id='line_1_9' title="bbox 1401 1319 1468 2970; textangle 90"><span class='ocrx_word' id='word_1_28' title='bbox 1409 2829 1457 2970; x_wconf 90' lang='lat' dir='ltr'><strong>unius</strong></span> <span class='ocrx_word' id='word_1_29' title='bbox 1414 2746 1454 2793; x_wconf 89' lang='lat' dir='ltr'><strong>et</strong></span> <span class='ocrx_word' id='word_1_30' title='bbox 1408 2652 1454 2712; x_wconf 91' lang='lat' dir='ltr'><strong>ad</strong></span> <span class='ocrx_word' id='word_1_31' title='bbox 1405 2401 1453 2618; x_wconf 87' lang='lat' dir='ltr'><strong>inimicos</strong></span> <span class='ocrx_word' id='word_1_32' title='bbox 1403 2050 1450 2353; x_wconf 88' lang='lat' dir='ltr'><strong>ulciscendos</strong></span> <span class='ocrx_word' id='word_1_33' title='bbox 1407 1964 1448 2012; x_wconf 91' lang='lat' dir='ltr'><strong>et</strong></span> <span class='ocrx_word' id='word_1_34' title='bbox 1401 1863 1448 1922; x_wconf 87' lang='lat' dir='ltr'><strong>ad</strong></span> <span class='ocrx_word' id='word_1_35' title='bbox 1404 1560 1465 1827; x_wconf 78' lang='lat' dir='ltr'><strong>augendam</strong></span> <span class='ocrx_word' id='word_1_36' title='bbox 1405 1319 1468 1526; x_wconf 89' lang='lat' dir='ltr'><strong>opulen-</strong></span> 
     </span>
     <span class='ocr_line' id='line_1_10' title="bbox 1484 2053 1546 2969; textangle 90"><span class='ocrx_word' id='word_1_37' title='bbox 1488 2856 1535 2969; x_wconf 85' lang='lat' dir='ltr'><strong>tiam</strong></span> <span class='ocrx_word' id='word_1_38' title='bbox 1488 2696 1533 2819; x_wconf 88' lang='lat' dir='ltr'><strong>inter</strong></span> <span class='ocrx_word' id='word_1_39' title='bbox 1501 2608 1532 2661; x_wconf 90' lang='lat' dir='ltr'><strong>se</strong></span> <span class='ocrx_word' id='word_1_40' title='bbox 1484 2215 1546 2573; x_wconf 82' lang='lat' dir='ltr'><strong>conspiraturos</strong></span> <span class='ocrx_word' id='word_1_41' title='bbox 1497 2053 1528 2178; x_wconf 89' lang='lat' dir='ltr'><strong>esse.</strong></span> 
     </span>
    </p>

    <p class='ocr_par' dir='ltr' id='par_1_7' title="bbox 1559 1315 2083 2973">
     <span class='ocr_line' id='line_1_11' title="bbox 1559 1319 1622 2839; textangle 90"><span class='ocrx_word' id='word_1_42' title='bbox 1564 2720 1610 2839; x_wconf 86' lang='lat' dir='ltr'><strong>Eam</strong></span> <span class='ocrx_word' id='word_1_43' title='bbox 1563 2407 1609 2692; x_wconf 81' lang='lat' dir='ltr'><strong>familiarum</strong></span> <span class='ocrx_word' id='word_1_44' title='bbox 1560 2252 1622 2387; x_wconf 87' lang='lat' dir='ltr'><strong>quasi</strong></span> <span class='ocrx_word' id='word_1_45' title='bbox 1559 1773 1620 2230; x_wconf 81' lang='lat' dir='ltr'><strong>conglutinationem</strong></span> <span class='ocrx_word' id='word_1_46' title='bbox 1565 1612 1622 1754; x_wconf 88' lang='lat' dir='ltr'><strong>atque</strong></span> <span class='ocrx_word' id='word_1_47' title='bbox 1562 1319 1612 1585; x_wconf 87' lang='lat' dir='ltr'><strong>alienorum</strong></span> 
     </span>
     <span class='ocr_line' id='line_1_12' title="bbox 1639 1319 1702 2969; textangle 90"><span class='ocrx_word' id='word_1_48' title='bbox 1644 2645 1691 2969; x_wconf 82' lang='lat' dir='ltr'><strong>exclusionem</strong></span> <span class='ocrx_word' id='word_1_49' title='bbox 1645 2466 1686 2628; x_wconf 83' lang='lat' dir='ltr'><strong>contra</strong></span> <span class='ocrx_word' id='word_1_50' title='bbox 1646 2219 1686 2437; x_wconf 85' lang='lat' dir='ltr'><strong>naturam</strong></span> <span class='ocrx_word' id='word_1_51' title='bbox 1654 2081 1684 2189; x_wconf 88' lang='lat' dir='ltr'><strong>esse</strong></span> <span class='ocrx_word' id='word_1_52' title='bbox 1644 1915 1699 2051; x_wconf 86' lang='lat' dir='ltr'><strong>pater</strong></span> <span class='ocrx_word' id='word_1_53' title='bbox 1639 1664 1697 1894; x_wconf 76' lang='lat' dir='ltr'><strong>ostendit,</strong></span> <span class='ocrx_word' id='word_1_54' title='bbox 1648 1591 1686 1640; x_wconf 89' lang='lat' dir='ltr'><strong>ut</strong></span> <span class='ocrx_word' id='word_1_55' title='bbox 1657 1442 1702 1563; x_wconf 87' lang='lat' dir='ltr'><strong>qnae</strong></span> <span class='ocrx_word' id='word_1_56' title='bbox 1658 1319 1691 1411; x_wconf 90' lang='lat' dir='ltr'><strong>non</strong></span> 
     </span>
     <span class='ocr_line' id='line_1_13' title="bbox 1716 1318 1783 2970; textangle 90"><span class='ocrx_word' id='word_1_57' title='bbox 1722 2817 1769 2970; x_wconf 88' lang='lat' dir='ltr'><strong>solum</strong></span> <span class='ocrx_word' id='word_1_58' title='bbox 1719 2531 1783 2790; x_wconf 77' lang='lat' dir='ltr'><strong>sanguinis,</strong></span> <span class='ocrx_word' id='word_1_59' title='bbox 1718 2411 1764 2496; x_wconf 86' lang='lat' dir='ltr'><strong>sed</strong></span> <span class='ocrx_word' id='word_1_60' title='bbox 1717 2236 1765 2383; x_wconf 88' lang='lat' dir='ltr'><strong>etiam</strong></span> <span class='ocrx_word' id='word_1_61' title='bbox 1718 2027 1779 2203; x_wconf 82' lang='lat' dir='ltr'><strong>legum,</strong></span> <span class='ocrx_word' id='word_1_62' title='bbox 1716 1642 1776 1989; x_wconf 77' lang='lat' dir='ltr'><strong>institutorum,</strong></span> <span class='ocrx_word' id='word_1_63' title='bbox 1720 1450 1767 1606; x_wconf 88' lang='lat' dir='ltr'><strong>iurum</strong></span> <span class='ocrx_word' id='word_1_64' title='bbox 1737 1318 1769 1422; x_wconf 85' lang='lat' dir='ltr'><strong>ser-</strong></span> 
     </span>
     <span class='ocr_line' id='line_1_14' title="bbox 1796 1316 1862 2970; textangle 90"><span class='ocrx_word' id='word_1_65' title='bbox 1801 2724 1862 2970; x_wconf 83' lang='lat' dir='ltr'><strong>monisque</strong></span> <span class='ocrx_word' id='word_1_66' title='bbox 1797 2334 1844 2669; x_wconf 89' lang='lat' dir='ltr'><strong>communione</strong></span> <span class='ocrx_word' id='word_1_67' title='bbox 1804 2233 1843 2283; x_wconf 89' lang='lat' dir='ltr'><strong>et</strong></span> <span class='ocrx_word' id='word_1_68' title='bbox 1796 2068 1842 2198; x_wconf 78' lang='lat' dir='ltr'><strong>vario</strong></span> <span class='ocrx_word' id='word_1_69' title='bbox 1796 1904 1843 2031; x_wconf 86' lang='lat' dir='ltr'><strong>vitae</strong></span> <span class='ocrx_word' id='word_1_70' title='bbox 1798 1574 1845 1869; x_wconf 86' lang='lat' dir='ltr'><strong>commercio</strong></span> <span class='ocrx_word' id='word_1_71' title='bbox 1799 1316 1848 1538; x_wconf 87' lang='lat' dir='ltr'><strong>homiues</strong></span> 
     </span>
     <span class='ocr_line' id='line_1_15' title="bbox 1874 1315 1941 2972; textangle 90"><span class='ocrx_word' id='word_1_72' title='bbox 1879 2847 1926 2972; x_wconf 87' lang='lat' dir='ltr'><strong>iuter</strong></span> <span class='ocrx_word' id='word_1_73' title='bbox 1893 2760 1923 2812; x_wconf 89' lang='lat' dir='ltr'><strong>se</strong></span> <span class='ocrx_word' id='word_1_74' title='bbox 1876 2597 1937 2727; x_wconf 81' lang='lat' dir='ltr'><strong>iungi</strong></span> <span class='ocrx_word' id='word_1_75' title='bbox 1874 2329 1934 2561; x_wconf 84' lang='lat' dir='ltr'><strong>voluerit,</strong></span> <span class='ocrx_word' id='word_1_76' title='bbox 1876 2014 1937 2281; x_wconf 86' lang='lat' dir='ltr'><strong>eademque</strong></span> <span class='ocrx_word' id='word_1_77' title='bbox 1875 1839 1922 1962; x_wconf 89' lang='lat' dir='ltr'><strong>duce</strong></span> <span class='ocrx_word' id='word_1_78' title='bbox 1892 1554 1939 1794; x_wconf 86' lang='lat' dir='ltr'><strong>pauperes</strong></span> <span class='ocrx_word' id='word_1_79' title='bbox 1880 1315 1941 1518; x_wconf 89' lang='lat' dir='ltr'><strong>opulen-</strong></span> 
     </span>
     <span class='ocr_line' id='line_1_16' title="bbox 1954 1316 2021 2973; textangle 90"><span class='ocrx_word' id='word_1_80' title='bbox 1962 2798 2018 2973; x_wconf 89' lang='lat' dir='ltr'><strong>tosque</strong></span> <span class='ocrx_word' id='word_1_81' title='bbox 1954 2460 2018 2734; x_wconf 86' lang='lat' dir='ltr'><strong>promiscue</strong></span> <span class='ocrx_word' id='word_1_82' title='bbox 1954 2355 2000 2403; x_wconf 88' lang='lat' dir='ltr'><strong>in</strong></span> <span class='ocrx_word' id='word_1_83' title='bbox 1954 2108 2002 2308; x_wconf 86' lang='lat' dir='ltr'><strong>urbibus</strong></span> <span class='ocrx_word' id='word_1_84' title='bbox 1954 1840 2002 2060; x_wconf 88' lang='lat' dir='ltr'><strong>habitare</strong></span> <span class='ocrx_word' id='word_1_85' title='bbox 1970 1626 2017 1783; x_wconf 86' lang='lat' dir='ltr'><strong>neque</strong></span> <span class='ocrx_word' id='word_1_86' title='bbox 1959 1316 2021 1574; x_wconf 88' lang='lat' dir='ltr'><strong>separatim</strong></span> 
     </span>
     <span class='ocr_line' id='line_1_17' title="bbox 2035 2487 2083 2972; textangle 90"><span class='ocrx_word' id='word_1_87' title='bbox 2035 2763 2083 2972; x_wconf 87' lang='lat' dir='ltr'><strong>condere</strong></span> <span class='ocrx_word' id='word_1_88' title='bbox 2035 2487 2081 2729; x_wconf 81' lang='lat' dir='ltr'><strong>civitates:</strong></span> 
     </span>
    </p>

    <p class='ocr_par' dir='ltr' id='par_1_8' title="bbox 2109 1705 2175 2842">
     <span class='ocr_line' id='line_1_18' title="bbox 2109 1705 2175 2842; textangle 90"><span class='ocrx_word' id='word_1_89' title='bbox 2111 2655 2163 2842; x_wconf 82' lang='grc' dir='ltr'><strong><em>δοκεῖτ’</em></strong></span> <span class='ocrx_word' id='word_1_90' title='bbox 2110 2550 2161 2617; x_wconf 74' lang='grc' dir='ltr'><strong>ἂν</strong></span> <span class='ocrx_word' id='word_1_91' title='bbox 2109 2355 2161 2516; x_wconf 81' lang='grc' dir='ltr'><em>οἰκεῖν</em></span> <span class='ocrx_word' id='word_1_92' title='bbox 2114 2147 2175 2321; x_wconf 79' lang='grc' dir='ltr'><em>γαῖαν,</em></span> <span class='ocrx_word' id='word_1_93' title='bbox 2109 2067 2160 2109; x_wconf 83' lang='grc' dir='ltr'><strong>εἰ</strong></span> <span class='ocrx_word' id='word_1_94' title='bbox 2109 1876 2175 2033; x_wconf 80' lang='grc' dir='ltr'><strong><em>πένης</em></strong></span> <span class='ocrx_word' id='word_1_95' title='bbox 2109 1705 2171 1841; x_wconf 77' lang='grc' dir='ltr'><em>ἅπας</em></span> 
     </span>
    </p>

    <p class='ocr_par' dir='ltr' id='par_1_9' title="bbox 2190 1867 2254 2842">
     <span class='ocr_line' id='line_1_19' title="bbox 2190 1867 2254 2842; textangle 90"><span class='ocrx_word' id='word_1_96' title='bbox 2190 2716 2251 2842; x_wconf 85' lang='grc' dir='ltr'><em>λαὸς</em></span> <span class='ocrx_word' id='word_1_97' title='bbox 2191 2357 2241 2681; x_wconf 82' lang='grc' dir='ltr'><em>πολιτεύοιτο</em></span> <span class='ocrx_word' id='word_1_98' title='bbox 2190 2052 2241 2321; x_wconf 84' lang='grc' dir='ltr'><em>πλουσίων</em></span> <span class='ocrx_word' id='word_1_99' title='bbox 2192 1867 2254 2017; x_wconf 67' lang='grc' dir='ltr'><em>ἄτερ,</em></span> 
     </span>
    </p>

    <p class='ocr_par' dir='ltr' id='par_1_10' title="bbox 2267 1712 2336 2840">
     <span class='ocr_line' id='line_1_20' title="bbox 2267 1712 2336 2840; textangle 90"><span class='ocrx_word' id='word_1_100' title='bbox 2271 2741 2321 2840; x_wconf 80' lang='grc' dir='ltr'><strong>οὐκ</strong></span> <span class='ocrx_word' id='word_1_101' title='bbox 2270 2640 2321 2706; x_wconf 77' lang='grc' dir='ltr'><strong>ἂν</strong></span> <span class='ocrx_word' id='word_1_102' title='bbox 2268 2402 2335 2606; x_wconf 79' lang='grc' dir='ltr'><em>γένοιτο</em></span> <span class='ocrx_word' id='word_1_103' title='bbox 2269 2212 2336 2366; x_wconf 77' lang='grc' dir='ltr'><em>χωρὶς</em></span> <span class='ocrx_word' id='word_1_104' title='bbox 2267 2018 2320 2177; x_wconf 77' lang='grc' dir='ltr'><em>ἐσθλὰ</em></span> <span class='ocrx_word' id='word_1_105' title='bbox 2270 1897 2321 1985; x_wconf 86' lang='grc' dir='ltr'><strong>καὶ</strong></span> <span class='ocrx_word' id='word_1_106' title='bbox 2269 1712 2331 1863; x_wconf 74' lang='grc' dir='ltr'><em>κακοὶ,</em></span> 
     </span>
    </p>

    <p class='ocr_par' dir='ltr' id='par_1_11' title="bbox 2348 1608 2415 2841">
     <span class='ocr_line' id='line_1_21' title="bbox 2348 1608 2415 2841; textangle 90"><span class='ocrx_word' id='word_1_107' title='bbox 2350 2732 2400 2841; x_wconf 74' lang='grc' dir='ltr'><em>ἀλλ’</em></span> <span class='ocrx_word' id='word_1_108' title='bbox 2348 2590 2399 2694; x_wconf 76' lang='grc' dir='ltr'><em>ἔστι</em></span> <span class='ocrx_word' id='word_1_109' title='bbox 2369 2482 2409 2558; x_wconf 89' lang='grc' dir='ltr'><em>τις</em></span> <span class='ocrx_word' id='word_1_110' title='bbox 2352 2148 2415 2445; x_wconf 68' lang='grc' dir='ltr'><em>σύγκρασις,</em></span> <span class='ocrx_word' id='word_1_111' title='bbox 2348 1995 2409 2108; x_wconf 80' lang='grc' dir='ltr'><em>ὥςτ’</em></span> <span class='ocrx_word' id='word_1_112' title='bbox 2348 1827 2414 1958; x_wconf 75' lang='grc' dir='ltr'><em>ἔχειν</em></span> <span class='ocrx_word' id='word_1_113' title='bbox 2350 1608 2409 1793; x_wconf 82' lang='grc' dir='ltr'><em>καλῶς.</em></span> 
     </span>
    </p>

    <p class='ocr_par' dir='ltr' id='par_1_12' title="bbox 2428 1803 2498 2839">
     <span class='ocr_line' id='line_1_22' title="bbox 2428 1803 2498 2839; textangle 90"><span class='ocrx_word' id='word_1_114' title='bbox 2431 2806 2479 2839; x_wconf 76' lang='grc' dir='ltr'><em>ἃ</em></span> <span class='ocrx_word' id='word_1_115' title='bbox 2428 2703 2495 2772; x_wconf 81' lang='grc' dir='ltr'><strong>μὴ</strong></span> <span class='ocrx_word' id='word_1_116' title='bbox 2429 2568 2494 2667; x_wconf 76' lang='grc' dir='ltr'><strong>γὰρ</strong></span> <span class='ocrx_word' id='word_1_117' title='bbox 2429 2427 2479 2529; x_wconf 76' lang='grc' dir='ltr'><em>ἔστι</em></span> <span class='ocrx_word' id='word_1_118' title='bbox 2433 2323 2498 2391; x_wconf 82' lang='grc' dir='ltr'><strong>τῷ</strong></span> <span class='ocrx_word' id='word_1_119' title='bbox 2431 2090 2495 2285; x_wconf 78' lang='grc' dir='ltr'><em>πένητι,</em></span> <span class='ocrx_word' id='word_1_120' title='bbox 2430 1803 2488 2053; x_wconf 82' lang='grc' dir='ltr'><em>πλούσιος</em></span> 
     </span>
    </p>

    <p class='ocr_par' dir='ltr' id='par_1_13' title="bbox 2507 1573 2573 2837">
     <span class='ocr_line' id='line_1_23' title="bbox 2507 1573 2573 2837; textangle 90"><span class='ocrx_word' id='word_1_121' title='bbox 2510 2640 2569 2837; x_wconf 79' lang='grc' dir='ltr'><em>δίδωσ’,</em></span> <span class='ocrx_word' id='word_1_122' title='bbox 2511 2572 2558 2603; x_wconf 78' lang='grc' dir='ltr'>ἃ</span> <span class='ocrx_word' id='word_1_123' title='bbox 2510 2490 2558 2535; x_wconf 76' lang='grc' dir='ltr'><strong>δ’</strong></span> <span class='ocrx_word' id='word_1_124' title='bbox 2510 2400 2559 2451; x_wconf 81' lang='grc' dir='ltr'><strong>οἱ</strong></span> <span class='ocrx_word' id='word_1_125' title='bbox 2514 2016 2568 2367; x_wconf 76' lang='grc' dir='ltr'><em>πλουτοῦντες</em></span> <span class='ocrx_word' id='word_1_126' title='bbox 2510 1917 2558 1981; x_wconf 85' lang='grc' dir='ltr'><strong>οὐ</strong></span> <span class='ocrx_word' id='word_1_127' title='bbox 2507 1573 2573 1881; x_wconf 77' lang='grc' dir='ltr'><em>κεκτήμεθα,</em></span> 
     </span>
    </p>

    <p class='ocr_par' dir='ltr' id='par_1_14' title="bbox 2589 1830 2654 2840">
     <span class='ocr_line' id='line_1_24' title="bbox 2589 1830 2654 2840; textangle 90"><span class='ocrx_word' id='word_1_128' title='bbox 2592 2675 2640 2840; x_wconf 85' lang='grc' dir='ltr'><em>τοῖσιν</em></span> <span class='ocrx_word' id='word_1_129' title='bbox 2589 2460 2652 2642; x_wconf 82' lang='grc' dir='ltr'><em>πένησι</em></span> <span class='ocrx_word' id='word_1_130' title='bbox 2591 2169 2654 2423; x_wconf 76' lang='grc' dir='ltr'><em>χρώμενοι</em></span> <span class='ocrx_word' id='word_1_131' title='bbox 2589 1830 2653 2133; x_wconf 72' lang='grc' dir='ltr'><em>θηρώμεθα.</em></span> 
     </span>
    </p>

    <p class='ocr_par' dir='ltr' id='par_1_15' title="bbox 2669 1310 2971 2972">
     <span class='ocr_line' id='line_1_25' title="bbox 2669 1312 2734 2969; textangle 90"><span class='ocrx_word' id='word_1_132' title='bbox 2672 2834 2719 2969; x_wconf 87' lang='lat' dir='ltr'><strong>Haec</strong></span> <span class='ocrx_word' id='word_1_133' title='bbox 2687 2630 2718 2797; x_wconf 74' lang='lat' dir='ltr'><strong>rursus</strong></span> <span class='ocrx_word' id='word_1_134' title='bbox 2670 2337 2717 2593; x_wconf 82' lang='lat' dir='ltr'><strong>Macareus</strong></span> <span class='ocrx_word' id='word_1_135' title='bbox 2673 2025 2734 2301; x_wconf 77' lang='lat' dir='ltr'><strong>impugnat3</strong></span> <span class='ocrx_word' id='word_1_136' title='bbox 2674 1876 2715 1977; x_wconf 89' lang='lat' dir='ltr'><strong>tum</strong></span> <span class='ocrx_word' id='word_1_137' title='bbox 2673 1695 2730 1839; x_wconf 85' lang='lat' dir='ltr'><strong>turpe</strong></span> <span class='ocrx_word' id='word_1_138' title='bbox 2682 1521 2728 1658; x_wconf 87' lang='lat' dir='ltr'><strong>esse,</strong></span> <span class='ocrx_word' id='word_1_139' title='bbox 2669 1429 2716 1469; x_wconf 87' lang='lat' dir='ltr'><strong>si</strong></span> <span class='ocrx_word' id='word_1_140' title='bbox 2685 1312 2717 1392; x_wconf 90' lang='lat' dir='ltr'><strong>so-</strong></span> 
     </span>
     <span class='ocr_line' id='line_1_26' title="bbox 2749 1310 2813 2972; textangle 90"><span class='ocrx_word' id='word_1_141' title='bbox 2766 2836 2797 2972; x_wconf 86' lang='lat' dir='ltr'><strong>rores</strong></span> <span class='ocrx_word' id='word_1_142' title='bbox 2749 2571 2796 2800; x_wconf 78' lang='lat' dir='ltr'><strong>sratribns</strong></span> <span class='ocrx_word' id='word_1_143' title='bbox 2750 2340 2807 2535; x_wconf 54' lang='lat' dir='ltr'><strong>nubann</strong></span> <span class='ocrx_word' id='word_1_144' title='bbox 2756 2128 2811 2301; x_wconf 84' lang='lat' dir='ltr'><strong>negat:</strong></span> <span class='ocrx_word' id='word_1_145' title='bbox 2749 1970 2795 2090; x_wconf 88' lang='lat' dir='ltr'><strong>nihil</strong></span> <span class='ocrx_word' id='word_1_146' title='bbox 2749 1809 2794 1935; x_wconf 86' lang='lat' dir='ltr'><strong>enim</strong></span> <span class='ocrx_word' id='word_1_147' title='bbox 2763 1685 2810 1773; x_wconf 86' lang='lat' dir='ltr'><strong>per</strong></span> <span class='ocrx_word' id='word_1_148' title='bbox 2763 1598 2794 1651; x_wconf 88' lang='lat' dir='ltr'><strong>se</strong></span> <span class='ocrx_word' id='word_1_149' title='bbox 2749 1488 2795 1562; x_wconf 79' lang='lat' dir='ltr'><strong>vel</strong></span> <span class='ocrx_word' id='word_1_150' title='bbox 2755 1310 2813 1455; x_wconf 90' lang='lat' dir='ltr'><strong>turpe</strong></span> 
     </span>
     <span class='ocr_line' id='line_1_27' title="bbox 2828 1310 2887 2972; textangle 90"><span class='ocrx_word' id='word_1_151' title='bbox 2830 2896 2876 2972; x_wconf 82' lang='lat' dir='ltr'><strong>vel</strong></span> <span class='ocrx_word' id='word_1_152' title='bbox 2830 2603 2875 2860; x_wconf 87' lang='lat' dir='ltr'><strong>honestum</strong></span> <span class='ocrx_word' id='word_1_153' title='bbox 2844 2438 2887 2565; x_wconf 87' lang='lat' dir='ltr'><strong>esse,</strong></span> <span class='ocrx_word' id='word_1_154' title='bbox 2830 2314 2875 2400; x_wconf 85' lang='lat' dir='ltr'><strong>sed</strong></span> <span class='ocrx_word' id='word_1_155' title='bbox 2829 2065 2875 2278; x_wconf 89' lang='lat' dir='ltr'><strong>moribus</strong></span> <span class='ocrx_word' id='word_1_156' title='bbox 2828 1913 2874 2028; x_wconf 91' lang='lat' dir='ltr'><strong>solis</strong></span> <span class='ocrx_word' id='word_1_157' title='bbox 2832 1826 2874 1876; x_wconf 87' lang='lat' dir='ltr'><strong>et</strong></span> <span class='ocrx_word' id='word_1_158' title='bbox 2828 1440 2875 1790; x_wconf 87' lang='lat' dir='ltr'><strong>consuetudine</strong></span> <span class='ocrx_word' id='word_1_159' title='bbox 2834 1310 2876 1413; x_wconf 91' lang='lat' dir='ltr'><strong>tur-</strong></span> 
     </span>
     <span class='ocr_line' id='line_1_28' title="bbox 2908 2304 2971 2972; textangle 90"><span class='ocrx_word' id='word_1_160' title='bbox 2909 2897 2971 2972; x_wconf 87' lang='lat' dir='ltr'><strong>pia</strong></span> <span class='ocrx_word' id='word_1_161' title='bbox 2912 2812 2955 2861; x_wconf 89' lang='lat' dir='ltr'><strong>et</strong></span> <span class='ocrx_word' id='word_1_162' title='bbox 2908 2576 2954 2778; x_wconf 85' lang='lat' dir='ltr'><strong>honesta</strong></span> <span class='ocrx_word' id='word_1_163' title='bbox 2908 2304 2954 2540; x_wconf 85' lang='lat' dir='ltr'><strong>discerni:</strong></span> 
     </span>
    </p>

    <p class='ocr_par' dir='ltr' id='par_1_16' title="bbox 2983 1755 3050 2840">
     <span class='ocr_line' id='line_1_29' title="bbox 2983 1755 3050 2840; textangle 90"><span class='ocrx_word' id='word_1_164' title='bbox 2988 2724 3045 2840; x_wconf 86' lang='grc' dir='ltr'><em>ὄψει</em></span> <span class='ocrx_word' id='word_1_165' title='bbox 2985 2449 3047 2689; x_wconf 77' lang='grc' dir='ltr'><em>διαθρῶν</em></span> <span class='ocrx_word' id='word_1_166' title='bbox 2984 2257 3035 2413; x_wconf 77' lang='grc' dir='ltr'><em>οὐδὲν</em></span> <span class='ocrx_word' id='word_1_167' title='bbox 2983 2155 3034 2221; x_wconf 69' lang='grc' dir='ltr'><strong>ἂν</strong></span> <span class='ocrx_word' id='word_1_168' title='bbox 2984 1954 3050 2123; x_wconf 78' lang='grc' dir='ltr'><em>πάντῃ</em></span> <span class='ocrx_word' id='word_1_169' title='bbox 2983 1755 3033 1919; x_wconf 81' lang='grc' dir='ltr'><em>καλὸν</em></span> 
     </span>
    </p>

    <p class='ocr_par' dir='ltr' id='par_1_17' title="bbox 3061 1604 3129 2841">
     <span class='ocr_line' id='line_1_30' title="bbox 3061 1604 3129 2841; textangle 90"><span class='ocrx_word' id='word_1_170' title='bbox 3065 2724 3115 2841; x_wconf 84' lang='grc' dir='ltr'><em>οὐδ’</em></span> <span class='ocrx_word' id='word_1_171' title='bbox 3064 2447 3129 2687; x_wconf 78' lang='grc' dir='ltr'><em>αἰσχρόν·</em></span> <span class='ocrx_word' id='word_1_172' title='bbox 3065 2279 3115 2408; x_wconf 72' lang='grc' dir='ltr'><em>ἄλλα</em></span> <span class='ocrx_word' id='word_1_173' title='bbox 3067 2103 3114 2244; x_wconf 83' lang='grc' dir='ltr'><em>τοῦτ’</em></span> <span class='ocrx_word' id='word_1_174' title='bbox 3061 1828 3127 2066; x_wconf 76' lang='grc' dir='ltr'><em>ἐποίησεν</em></span> <span class='ocrx_word' id='word_1_175' title='bbox 3061 1604 3127 1783; x_wconf 85' lang='grc' dir='ltr'><em>λαβὼν</em></span> 
     </span>
    </p>

    <p class='ocr_par' dir='ltr' id='par_1_18' title="bbox 3143 1308 3351 2970">
     <span class='ocr_line' id='line_1_31' title="bbox 3143 1699 3209 2839; textangle 90"><span class='ocrx_word' id='word_1_176' title='bbox 3144 2810 3194 2839; x_wconf 86' lang='grc' dir='ltr'>ὁ</span> <span class='ocrx_word' id='word_1_177' title='bbox 3146 2596 3208 2775; x_wconf 80' lang='grc' dir='ltr'><em>καιρὸς</em></span> <span class='ocrx_word' id='word_1_178' title='bbox 3145 2376 3209 2559; x_wconf 72' lang='grc' dir='ltr'><em>αἰσχρὰ</em></span> <span class='ocrx_word' id='word_1_179' title='bbox 3144 2255 3193 2341; x_wconf 79' lang='grc' dir='ltr'><strong>καὶ</strong></span> <span class='ocrx_word' id='word_1_180' title='bbox 3145 1947 3205 2219; x_wconf 71' lang='grc' dir='ltr'><em>διαλλάξας</em></span> <span class='ocrx_word' id='word_1_181' title='bbox 3143 1699 3205 1913; x_wconf 41' lang='grc' dir='ltr'><strong>καλοίῑῑᾛ)</strong></span> 
     </span>
     <span class='ocr_line' id='line_1_32' title="bbox 3222 1308 3286 2969; textangle 90"><span class='ocrx_word' id='word_1_182' title='bbox 3223 2568 3272 2969; x_wconf 85' lang='lat' dir='ltr'><strong>Contentionibus</strong></span> <span class='ocrx_word' id='word_1_183' title='bbox 3227 2290 3273 2539; x_wconf 80' lang='lat' dir='ltr'><strong>altercatio</strong></span> <span class='ocrx_word' id='word_1_184' title='bbox 3226 1971 3284 2269; x_wconf 67' lang='lat' dir='ltr'><strong>annectitur,</strong></span> <span class='ocrx_word' id='word_1_185' title='bbox 3225 1887 3271 1934; x_wconf 90' lang='lat' dir='ltr'><strong>in</strong></span> <span class='ocrx_word' id='word_1_186' title='bbox 3241 1766 3286 1857; x_wconf 86' lang='lat' dir='ltr'><strong>qua</strong></span> <span class='ocrx_word' id='word_1_187' title='bbox 3223 1648 3269 1734; x_wconf 90' lang='lat' dir='ltr'><strong>filii</strong></span> <span class='ocrx_word' id='word_1_188' title='bbox 3222 1308 3271 1619; x_wconf 85' lang='lat' dir='ltr'><strong>concubitum</strong></span> 
     </span>
     <span class='ocr_line' id='line_1_33' title="bbox 3302 1745 3351 2970; textangle 90"><span class='ocrx_word' id='word_1_189' title='bbox 3302 2731 3351 2970; x_wconf 89' lang='lat' dir='ltr'><strong>incestum</strong></span> <span class='ocrx_word' id='word_1_190' title='bbox 3304 2385 3351 2692; x_wconf 75' lang='lat' dir='ltr'><strong>defendentis</strong></span> <span class='ocrx_word' id='word_1_191' title='bbox 3305 2226 3351 2347; x_wconf 83' lang='lat' dir='ltr'><strong>haec</strong></span> <span class='ocrx_word' id='word_1_192' title='bbox 3305 2033 3351 2190; x_wconf 84' lang='lat' dir='ltr'><strong>fuisse</strong></span> <span class='ocrx_word' id='word_1_193' title='bbox 3305 1745 3349 1999; x_wconf 67' lang='lat' dir='ltr'><strong>xidentur:</strong></span> 
     </span>
    </p>

    <p class='ocr_par' dir='ltr' id='par_1_19' title="bbox 3375 1548 3446 2841">
     <span class='ocr_line' id='line_1_34' title="bbox 3375 1548 3446 2841; textangle 90"><span class='ocrx_word' id='word_1_194' title='bbox 3380 2806 3446 2841; x_wconf 82' lang='grc' dir='ltr'>ή</span> <span class='ocrx_word' id='word_1_195' title='bbox 3381 2615 3445 2772; x_wconf 85' lang='grc' dir='ltr'><em>φύσις</em></span> <span class='ocrx_word' id='word_1_196' title='bbox 3382 2322 3446 2581; x_wconf 67' lang='grc' dir='ltr'><em>ἐβούλεθ’,</em></span> <span class='ocrx_word' id='word_1_197' title='bbox 3375 2254 3445 2286; x_wconf 69' lang='grc' dir='ltr'>ᾗ</span> <span class='ocrx_word' id='word_1_198' title='bbox 3381 2037 3444 2217; x_wconf 85' lang='grc' dir='ltr'><em>νόμων</em></span> <span class='ocrx_word' id='word_1_199' title='bbox 3380 1843 3430 1999; x_wconf 78' lang='grc' dir='ltr'><em>οὐδὲν</em></span> <span class='ocrx_word' id='word_1_200' title='bbox 3378 1670 3443 1807; x_wconf 81' lang='grc' dir='ltr'><em>μέλει</em></span> <span class='ocrx_word' id='word_1_201' title='bbox 3377 1548 3441 1641; x_wconf 45' lang='grc' dir='ltr'><strong>Ἡ.)</strong></span> 
     </span>
    </p>

    <p class='ocr_par' dir='ltr' id='par_1_20' title="bbox 3536 1303 3764 2969">
     <span class='ocr_line' id='line_1_35' title="bbox 3536 1547 3606 2839; textangle 90"><span class='ocrx_word' id='word_1_202' title='bbox 3540 2790 3589 2839; x_wconf 83' lang='grc' dir='ltr'><strong>τί</strong></span> <span class='ocrx_word' id='word_1_203' title='bbox 3540 2710 3590 2755; x_wconf 80' lang='grc' dir='ltr'><strong>δ’</strong></span> <span class='ocrx_word' id='word_1_204' title='bbox 3541 2439 3605 2669; x_wconf 74' lang='grc' dir='ltr'><em>αἰσχρόν,</em></span> <span class='ocrx_word' id='word_1_205' title='bbox 3540 2338 3606 2405; x_wconf 78' lang='grc' dir='ltr'><strong>ἢν</strong></span> <span class='ocrx_word' id='word_1_206' title='bbox 3540 2235 3605 2303; x_wconf 78' lang='grc' dir='ltr'><strong>μὴ</strong></span> <span class='ocrx_word' id='word_1_207' title='bbox 3543 2066 3589 2200; x_wconf 86' lang='grc' dir='ltr'><em>τοῖσι</em></span> <span class='ocrx_word' id='word_1_208' title='bbox 3538 1746 3604 2030; x_wconf 75' lang='grc' dir='ltr'><em>χρωμένοις</em></span> <span class='ocrx_word' id='word_1_209' title='bbox 3536 1547 3601 1710; x_wconf 70' lang='grc' dir='ltr'><em>δοκῇς</em></span> 
     </span>
     <span class='ocr_line' id='line_1_36' title="bbox 3616 1303 3685 2969; textangle 90"><span class='ocrx_word' id='word_1_210' title='bbox 3619 2704 3683 2969; x_wconf 84' lang='lat' dir='ltr'><strong>Postquam</strong></span> <span class='ocrx_word' id='word_1_211' title='bbox 3630 2526 3685 2666; x_wconf 88' lang='lat' dir='ltr'><strong>pater</strong></span> <span class='ocrx_word' id='word_1_212' title='bbox 3625 2444 3670 2491; x_wconf 87' lang='lat' dir='ltr'><strong>in</strong></span> <span class='ocrx_word' id='word_1_213' title='bbox 3639 2324 3669 2407; x_wconf 88' lang='lat' dir='ltr'><strong>sua</strong></span> <span class='ocrx_word' id='word_1_214' title='bbox 3622 2046 3669 2286; x_wconf 87' lang='lat' dir='ltr'><strong>sententia</strong></span> <span class='ocrx_word' id='word_1_215' title='bbox 3635 1692 3685 2010; x_wconf 88' lang='lat' dir='ltr'><strong>perseverans</strong></span> <span class='ocrx_word' id='word_1_216' title='bbox 3617 1402 3679 1655; x_wconf 83' lang='lat' dir='ltr'><strong>discessit,</strong></span> <span class='ocrx_word' id='word_1_217' title='bbox 3616 1303 3664 1364; x_wconf 90' lang='lat' dir='ltr'><strong>de</strong></span> 
     </span>
     <span class='ocr_line' id='line_1_37' title="bbox 3700 2317 3764 2968; textangle 90"><span class='ocrx_word' id='word_1_218' title='bbox 3700 2855 3763 2968; x_wconf 83' lang='lat' dir='ltr'><strong>fuga</strong></span> <span class='ocrx_word' id='word_1_219' title='bbox 3703 2639 3764 2817; x_wconf 80' lang='lat' dir='ltr'><strong>cogitat</strong></span> <span class='ocrx_word' id='word_1_220' title='bbox 3702 2317 3750 2604; x_wconf 85' lang='lat' dir='ltr'><strong>Macareus:</strong></span> 
     </span>
    </p>

    <p class='ocr_par' dir='ltr' id='par_1_21' title="bbox 3778 1962 3841 2837">
     <span class='ocr_line' id='line_1_38' title="bbox 3778 1962 3841 2837; textangle 90"><span class='ocrx_word' id='word_1_221' title='bbox 3806 2773 3815 2837; x_wconf 93' lang='lat'><strong>——</strong></span> <span class='ocrx_word' id='word_1_222' title='bbox 3807 2578 3815 2641; x_wconf 88' lang='lat'><strong>—-</strong></span> <span class='ocrx_word' id='word_1_223' title='bbox 3811 2385 3817 2443; x_wconf 88' lang='lat'>-</span> <span class='ocrx_word' id='word_1_224' title='bbox 3778 2141 3829 2249; x_wconf 69' lang='grc' dir='ltr'><em>ἀλλ’</em></span> <span class='ocrx_word' id='word_1_225' title='bbox 3778 1962 3841 2103; x_wconf 83' lang='grc' dir='ltr'><em>ὅμως</em></span> 
     </span>
    </p>

    <p class='ocr_par' dir='ltr' id='par_1_22' title="bbox 3854 1598 3923 2835">
     <span class='ocr_line' id='line_1_39' title="bbox 3854 1598 3923 2835; textangle 90"><span class='ocrx_word' id='word_1_226' title='bbox 3858 2629 3921 2835; x_wconf 65' lang='lat' dir='ltr'><strong>nim-963</strong></span> <span class='ocrx_word' id='word_1_227' title='bbox 3877 2520 3918 2597; x_wconf 84' lang='grc' dir='ltr'><em>τις</em></span> <span class='ocrx_word' id='word_1_228' title='bbox 3859 2356 3910 2485; x_wconf 83' lang='grc' dir='ltr'><em>αἰὼν</em></span> <span class='ocrx_word' id='word_1_229' title='bbox 3860 2067 3923 2321; x_wconf 76' lang='grc' dir='ltr'><em>πατρίδος</em></span> <span class='ocrx_word' id='word_1_230' title='bbox 3857 1809 3909 2032; x_wconf 79' lang='grc' dir='ltr'><em>ἐκλιπεῖν</em></span> <span class='ocrx_word' id='word_1_231' title='bbox 3854 1598 3920 1774; x_wconf 77' lang='grc' dir='ltr'><em>ὄρους.</em></span> 
     </span>
    </p>
   </div>
   <div class='ocr_carea' id='block_1_7' title="bbox 3963 1300 4155 2909">
    <p class='ocr_par' dir='ltr' id='par_1_23' title="bbox 3963 1300 4155 2909">
     <span class='ocr_line' id='line_1_40' title="bbox 3963 1304 4027 2909; textangle 90"><span class='ocrx_word' id='word_1_232' title='bbox 3971 2863 4024 2909; x_wconf 68' lang='lat'><strong>³⁵)</strong></span> <span class='ocrx_word' id='word_1_233' title='bbox 3973 2713 4014 2833; x_wconf 84' lang='lat' dir='ltr'><strong>Sext.</strong></span> <span class='ocrx_word' id='word_1_234' title='bbox 3975 2555 4027 2683; x_wconf 90' lang='lat' dir='ltr'><strong>Emp.</strong></span> <span class='ocrx_word' id='word_1_235' title='bbox 3973 2366 4027 2522; x_wconf 79' lang='lat' dir='ltr'><strong>disput.</strong></span> <span class='ocrx_word' id='word_1_236' title='bbox 3972 2097 4026 2333; x_wconf 72' lang='lat' dir='ltr'><strong>Antisoept.</strong></span> <span class='ocrx_word' id='word_1_237' title='bbox 3986 1993 4026 2064; x_wconf 81' lang='lat' dir='ltr'><strong>ap.</strong></span> <span class='ocrx_word' id='word_1_238' title='bbox 3972 1783 4013 1961; x_wconf 85' lang='lat' dir='ltr'><strong>Fabric.</strong></span> <span class='ocrx_word' id='word_1_239' title='bbox 3968 1622 4010 1740; x_wconf 85' lang='lat' dir='ltr'><strong>Bibl.</strong></span> <span class='ocrx_word' id='word_1_240' title='bbox 3967 1514 4008 1588; x_wconf 89' lang='lat' dir='ltr'><strong>Gr.</strong></span> <span class='ocrx_word' id='word_1_241' title='bbox 3966 1434 4016 1482; x_wconf 85' lang='lat' dir='ltr'><strong>V,</strong></span> <span class='ocrx_word' id='word_1_242' title='bbox 3963 1374 4003 1414; x_wconf 85' lang='lat'><strong>7.</strong></span> <span class='ocrx_word' id='word_1_243' title='bbox 3977 1304 4015 1347; x_wconf 87' lang='lat' dir='ltr'><strong>p.</strong></span> 
     </span>
     <span class='ocr_line' id='line_1_41' title="bbox 4031 1300 4096 2830; textangle 90"><span class='ocrx_word' id='word_1_244' title='bbox 4040 2734 4083 2830; x_wconf 85' lang='lat'>623.</span> <span class='ocrx_word' id='word_1_245' title='bbox 4044 2469 4085 2675; x_wconf 85' lang='lat' dir='ltr'><strong>Meineke</strong></span> <span class='ocrx_word' id='word_1_246' title='bbox 4044 2372 4085 2428; x_wconf 82' lang='lat' dir='ltr'><strong>ad</strong></span> <span class='ocrx_word' id='word_1_247' title='bbox 4044 2216 4085 2333; x_wconf 84' lang='lat' dir='ltr'><strong>Men.</strong></span> <span class='ocrx_word' id='word_1_248' title='bbox 4058 2132 4096 2173; x_wconf 87' lang='lat' dir='ltr'><strong>p.</strong></span> <span class='ocrx_word' id='word_1_249' title='bbox 4042 1996 4083 2098; x_wconf 85' lang='lat'>201:</span> <span class='ocrx_word' id='word_1_250' title='bbox 4044 1799 4096 1936; x_wconf 77' lang='lat' dir='ltr'><strong>„Sunt</strong></span> <span class='ocrx_word' id='word_1_251' title='bbox 4040 1572 4083 1762; x_wconf 82' lang='lat' dir='ltr'><strong>fortasse</strong></span> <span class='ocrx_word' id='word_1_252' title='bbox 4031 1300 4088 1523; x_wconf 82' lang='lat' dir='ltr'><strong>Euripidis</strong></span> 
     </span>
     <span class='ocr_line' id='line_1_42' title="bbox 4113 2633 4155 2827; textangle 90"><span class='ocrx_word' id='word_1_253' title='bbox 4113 2633 4155 2827; x_wconf 86' lang='lat' dir='ltr'><strong>versus.⁷’</strong></span> 
     </span>
    </p>
   </div>
   <div class='ocr_carea' id='block_1_8' title="bbox 4179 1628 4281 2934">
    <p class='ocr_par' dir='ltr' id='par_1_24' title="bbox 4179 1628 4281 2934">
     <span class='ocr_line' id='line_1_43' title="bbox 4179 1628 4281 2934; textangle 90"><span class='ocrx_word' id='word_1_254' title='bbox 4179 2857 4232 2934; x_wconf 54' lang='lat' dir='ltr'><strong>W&lt;)</strong></span> <span class='ocrx_word' id='word_1_255' title='bbox 4180 2646 4235 2828; x_wconf 83' lang='lat' dir='ltr'><strong>Fragm.</strong></span> <span class='ocrx_word' id='word_1_256' title='bbox 4182 2532 4224 2615; x_wconf 90' lang='lat' dir='ltr'><strong>inc.</strong></span> <span class='ocrx_word' id='word_1_257' title='bbox 4182 2404 4224 2499; x_wconf 82' lang='lat'>171.</span> <span class='ocrx_word' id='word_1_258' title='bbox 4198 2329 4237 2371; x_wconf 85' lang='lat' dir='ltr'><strong>p.</strong></span> <span class='ocrx_word' id='word_1_259' title='bbox 4180 2203 4224 2298; x_wconf 84' lang='lat'><strong>409.</strong></span> <span class='ocrx_word' id='word_1_260' title='bbox 4181 2012 4223 2170; x_wconf 81' lang='lat' dir='ltr'><strong>Matth.</strong></span> <span class='ocrx_word' id='word_1_261' title='bbox 4232 1628 4281 1728; x_wconf 48' lang='grc' dir='ltr'><strong>ΓΙ*</strong></span> 
     </span>
    </p>
   </div>
  </div>
 </body>
</html>
