5010 3336
3954 2180 4011 2261 62

3799 1372 3864 1586 perdere
3814 1634 3865 1969 decrevisse.’⁷
3813 2053 3863 2353 Accuratius
3812 2407 3858 2570 autem
3795 2617 3856 2766 atque
3792 2801 3856 3068 copiosiuS,

3718 1371 3783 1618 quomodo
3735 1654 3766 1712 ea
3720 1746 3777 1886 gesta
3725 1919 3781 2033 sint,
3732 2069 3782 2316 Diodorus
3722 2351 3780 2528 refert,
3730 2563 3779 2702 cuius
3726 2735 3775 3066 narrationem

3655 1369 3702 1467 13111
3654 1503 3698 1658 totam
3654 1707 3685 1817 cum
3652 1864 3700 2133 lectoribus
3650 2184 3699 2585 communicabo:
3636 2636 3697 2835 „Quum
3645 2887 3695 3067 ducum

3574 1368 3621 1592 reversio
3572 1620 3620 1874 etiamtum
3556 1902 3603 1992 per
3571 2021 3621 2334 Thessaliam
3555 2362 3616 2687 ignoraretur,
3568 2723 3615 2853 fama
3553 2880 3598 3066 omnes,

3479 1368 3541 1452 qui
3493 1487 3535 1626 erant
3493 1660 3523 1770 cum
3492 1806 3539 1978 Iasone
3476 2013 3539 2245 profecti,
3490 2282 3537 2331 in
3490 2366 3538 2510 Ponti
3473 2529 3535 2812 regionibus
3485 2836 3533 3068 interisse

3399 1370 3460 1655 nuntiante,
3400 1706 3459 1886 Pelias,
3394 1925 3457 2345 opportunitatem
3407 2384 3454 2616 omittere
3394 2651 3453 2850 nolens,
3406 2897 3438 3069 omnes

3319 1368 3380 1508 regni
3331 1544 3363 1862 successores
3330 1907 3379 2167 sustulisse
3328 2219 3377 2409 dicitur.
3326 2481 3377 2681 Patrem
3326 2719 3373 2845 enim
3326 2883 3375 3067 Iasonis

3236 1369 3299 1597 coegisse
3252 1631 3298 1690 ad
3251 1743 3297 1867 tauri
3234 1903 3298 2188 sanguinem
3237 2225 3298 2568 hauriendum,
3246 2623 3295 2826 fratrem
3245 2864 3294 3065 Proma-

3160 1369 3220 1549 chum,
3170 1587 3218 1846 etiamtum
3154 1892 3202 2117 puerum,
3166 2156 3217 2420 occidisse.
3151 2504 3214 2867 Amphinomen
3165 2903 3208 3068 autem

3091 1365 3134 1576 matrem
3078 1612 3139 1809 ferunt,
3090 1848 3121 1958 cum
3090 1996 3136 2055 ad
3088 2092 3130 2303 mortem
3071 2340 3136 2651 adigeretur,
3084 2699 3132 2839 virile
3084 2875 3127 2924 et
3084 2959 3116 3066 me-

3011 1366 3054 1559 moratu
2994 1595 3057 1791 dignum
3009 1830 3057 2020 facinus
2991 2069 3049 2414 perpetrasse:
3006 2462 3037 2571 nam
2989 2622 3036 2769 quum
2989 2817 3052 3067 confugis-

2930 1366 2974 1444 set
2930 1478 2977 1540 ad
2928 1576 2978 1741 focum
2927 1778 2974 1954 domus
2910 2000 2973 2168 regiae
2926 2218 2967 2270 et
2909 2309 2967 2512 precata
2910 2556 2967 2724 esset,
2922 2773 2966 2827 ut
2908 2871 2971 3068 dignam

2849 1366 2898 1449 ille
2832 1483 2896 1757 impietatis
2847 1795 2893 2078 mercedem
2829 2107 2893 2373 acciperet,
2828 2412 2886 2620 pectore
2825 2644 2891 2806 gladio
2825 2826 2874 3067 percusso

2767 1365 2810 1577 mortem
2765 1615 2814 1709 sibi
2766 1746 2814 2019 fortissime
2762 2055 2811 2322 conscisse.
2763 2391 2811 2577 Peliam
2749 2614 2805 2806 autem,
2761 2856 2808 2950 hac
2760 2986 2792 3067 ra-

2686 1365 2735 1502 tione
2686 1563 2733 1789 omnibus
2686 1850 2733 2035 Iasonis
2668 2095 2730 2317 cognatis
2673 2380 2730 2619 sublatis,
2681 2686 2728 2852 statim
2680 2913 2727 3065 meri-

2606 1365 2651 1466 tam
2605 1542 2653 1847 nefariorum
2605 1910 2652 2183 facinorum
2586 2246 2634 2452 poenam
2601 2524 2650 2738 dedisse.
2600 2840 2648 3066 Iasonem

2525 1366 2572 1495 enim
2524 1544 2565 1693 noctu
2524 1744 2570 1792 111
2522 1838 2572 2129 Thessaliae
2505 2181 2569 2422 quendam
2504 2460 2563 2656 portum
2520 2692 2569 2824 Iolco
2503 2860 2566 3066 propin-

2428 1365 2475 1531 quum,
2443 1572 2474 1632 ex
2443 1669 2489 1790 urbe
2443 1827 2474 1922 non
2425 1960 2487 2297 conspicuum,
2440 2334 2470 2454 nave
2424 2490 2486 2711 appulsa,
2440 2752 2470 2812 ex
2422 2838 2487 3068 populari

2348 1365 2411 1577 quodam
2362 1614 2409 1842 miseram
2362 1881 2393 2081 suorum
2360 2130 2402 2311 sortem
2343 2359 2406 2662 cognovisse.
2359 2736 2407 2941 Cunctis
2358 2980 2390 3065 au-

2282 1362 2325 1465 tem
2281 1504 2328 1709 ducibus
2282 1746 2328 1806 ad
2280 1842 2329 2179 ulciscendum
2264 2218 2311 2379 neque
2264 2429 2325 2692 quidquam
2264 2729 2326 2934 periculi
2278 2971 2326 3066 de·

2200 1362 2248 1671 trectandum
2184 1703 2247 1902 paratis,
2200 1943 2248 2003 de
2198 2029 2246 2217 ratione
2181 2246 2246 2566 aggrediendi
2197 2601 2245 2959 dubitationem
2196 2991 2243 3065 111-

2119 1364 2166 1574 cidisse:
2120 1614 2166 1732 alios
2119 1770 2166 1900 enim
2107 1937 2165 2180 suasisse,
2104 2237 2159 2319 ut,
2100 2372 2164 2561 impetu
2116 2597 2163 2763 statim
2115 2808 2162 2855 111
2114 2892 2162 3065 urbem

2023 1363 2086 1516 facto,
2022 1553 2069 1722 regem
2023 1752 2085 2051 inopinatum
2021 2080 2084 2445 opprimerent3
2021 2484 2083 2773 quibusdam
2020 2799 2082 3067 placuisse,

1942 1365 1999 1435 ut,
1956 1471 2004 1711 militibus
1957 1748 1988 1809 ex
1957 1843 1987 1929 sua
1940 1967 2003 2173 quisque
1940 2208 2001 2366 patria
1943 2402 2001 2670 arcessitis,
1954 2707 2002 2890 bellum
1953 2930 1985 3066 com-

1873 1365 1905 1515 mune
1859 1551 1923 1896 susciperent;
1862 1935 1907 2094 neque
1876 2131 1921 2261 enim
1875 2299 1905 2325 a
1858 2363 1921 2715 quinquaginta
1874 2750 1921 2909 tribus
1872 2946 1920 3064 viris

1792 1365 1840 1495 vinci
1777 1529 1825 1678 posse
1781 1712 1827 1882 regem
1779 1916 1842 2309 potentissimum
1779 2347 1841 2698 civitatumque
1777 2733 1842 3064 amplissima-

1712 1365 1744 1474 rum
1698 1511 1762 1828 possessione
1713 1863 1761 2119 munitum.
1715 2190 1762 2245 Ι11
1714 2282 1761 2374 1136
1713 2418 1761 2716 difficultate
1711 2743 1760 3065 haerentibus

1632 1364 1681 1597 Medeam
1618 1637 1681 1902 pollicitam
1634 1941 1665 2054 esse
1634 2100 1666 2155 se
1633 2191 1682 2344 8013111
1633 2381 1681 2565 Peliam
1633 2603 1681 2717 dolo
1631 2767 1680 3063 intersectu-

1551 1366 1583 1468 ram
1537 1506 1584 1810 regnumque
1538 1843 1600 2141 dignissimis
1551 2178 1601 2467 tradituram
1551 2505 1583 2617 esse
1552 2652 1598 2758 sine
1552 2793 1599 2894 ullo
1535 2931 1598 3064 peri-

1470 1366 1518 1491 culo.
1458 1562 1519 1720 Quam
1471 1758 1517 2027 orationem
1455 2077 1503 2224 quum
1470 2277 1503 2448 omnes
1459 2493 1519 2882 admirarentur,
1470 2929 1519 3063 illam

1378 1365 1438 1668 ostendisse,
1391 1707 1438 1867 teneri
1392 1919 1421 1945 a
1391 1981 1422 2036 se
1391 2071 1438 2225 multa
1391 2258 1423 2383 nova
1382 2417 1437 2805 medicamenta,
1391 2843 1421 2870 a
1388 2904 1432 3064 matre

1308 1364 1357 1559 Hecate
1311 1595 1354 1645 et
1310 1682 1342 1853 sorore
1310 1890 1358 2036 Circe
1297 2069 1358 2281 inventa,
1293 2319 1356 2494 quibus
1309 2530 1352 2673 antea
1294 2709 1358 2910 quidem
1308 2936 1341 3062 nun-

1212 1364 1259 1511 quam
1230 1546 1278 1605 ad
1229 1642 1278 1895 hominum
1213 1932 1277 2204 perniciem
1216 2240 1260 2343 usa,
1228 2379 1260 2506 nunc
1228 2540 1271 2704 autern
1227 2740 1275 2946 meritos
1227 2987 1277 3062 fa-

1146 1368 1195 1461 cile
1148 1499 1192 1633 esset
1148 1668 1196 1843 ultura.
1148 1914 1196 1981 Et
1132 2018 1179 2165 quum
1146 2204 1195 2354 duces
1148 2391 1194 2453 de
1147 2491 1195 2697 consilio
1147 2734 1179 2822 suo
1147 2859 1179 3061 accura-

1066 1364 1113 1466 tius
1055 1503 1115 1778 docuisset,
1051 1825 1114 2149 praedixisse,
1065 2204 1097 2258 se
1051 2295 1114 2517 signum,
1049 2570 1113 2701 quod
1066 2749 1112 2811 de
1049 2858 1114 3063 specula

967 1364 1032 1750 prospiceretur,
986 1786 1034 2001 interdiu
972 2038 1033 2190 sumo,
984 2226 1026 2373 noctu
969 2409 1033 2548 igne,
984 2588 1016 2616 e
969 2651 1031 2785 regia
984 2819 1031 3059 daturam.

902 1364 952 1555 Deinde
895 1590 937 1716 eam,
889 1754 936 1903 quum
904 1938 951 1987 in
903 2012 952 2194 Dianae
903 2220 936 2335 cavo
891 2358 951 2633 simulacro,
903 2672 951 2887 adhunc
903 2918 936 3060 usum

806 1363 867 1556 parato,
824 1591 872 1725 varia
822 1760 872 2121 medicamenta
810 2150 871 2470 condidisset,
822 2507 855 2671 comas
822 2692 870 2926 remediis
808 2953 870 3059 qui-

740 1363 790 1571 busdam
741 1607 790 1658 in
741 1694 775 1840 canas
730 1874 784 2120 mutasse,
740 2170 773 2225 os
738 2268 785 2430 autem
725 2466 785 2724 totumque
724 2759 774 2939 corpus
741 2974 773 3059 ru·

1712 3183 1719 3187 .-
1730 3174 1810 3187 Α-
