5010 3336
1318 3251 1346 3318 ''21'291

1985 3230 1996 3302 ······

1139 2145 1197 2265 ⁴55

1292 2741 1354 3027 tradiderat)
1290 2450 1355 2705 significat.
1289 2169 1345 2378 Eorum,
1300 1994 1347 2115 quae
1283 1885 1329 1946 de
1281 1744 1327 1840 vita
1279 1606 1327 1712 sera
1282 1523 1326 1572 et
1276 1378 1324 1490 soli-

1376 2907 1423 3026 taria
1373 2611 1429 2872 referebat,
1371 2482 1417 2577 hoc
1373 2291 1415 2447 exstat
1362 1825 1410 2258 lucuientissimnm
1360 1441 1421 1787 fragmentum:

1450 2700 1507 2896 κοίλοις
1446 2609 1496 2666 έν
1449 2365 1509 2576 ἄντροις
1445 2092 1505 2332 ἄλυχνος,
1436 1934 1497 2055 ὥςτε
1434 1796 1501 1899 θὴρ
1436 1588 1501 1761 μόνος.

1530 2732 1578 2894 Finito
1530 2437 1591 2686 prooemio
1525 2062 1573 2399 Athamantem
1520 1955 1566 2013 ad
1520 1722 1566 1918 Inonem
1516 1462 1578 1687 prodisse
1528 1372 1559 1428 ac

1612 2962 1658 3025 de
1609 2655 1658 2928 conditione
1607 2526 1653 2629 eius
1605 2333 1665 2489 deque
1601 2180 1661 2305 lege,
1600 2055 1645 2141 sub
1615 1916 1660 2008 qua
1600 1844 1644 1889 in
1598 1622 1643 1816 domum
1594 1371 1639 1597 restituta

1694 2901 1748 3023 erat,
1704 2754 1734 2864 cum
1702 2656 1733 2714 ea
1685 2332 1731 2621 collocutum
1693 2186 1725 2296 esse
1693 2090 1724 2150 ex
1677 1780 1738 2064 fragmentis
1675 1570 1736 1758 colligo.
1669 1371 1717 1499 con-

1770 2897 1830 3025 iugio
1766 2706 1813 2861 inonis
1764 2506 1827 2666 priore
1759 2319 1822 2471 magis
1772 2135 1818 2277 quam
1756 1853 1818 2100 praesenti
1751 1491 1800 1821 Themistonis
1763 1368 1794 1455 rex

1847 2754 1893 3023 delectatus
1857 2597 1890 2706 esse
1840 2349 1887 2564 videtur:
1836 2065 1898 2284 queritur
1836 1877 1893 2031 enim,
1832 1700 1894 1828 quod
1845 1560 1878 1653 non
1829 1367 1874 1512 liceat

1926 2855 1990 3021 plures
1922 2676 1970 2820 simui
1934 2467 1968 2643 uxores
1917 2250 1964 2431 ducere
1920 2169 1961 2217 et
1918 1979 1976 2122 capto
1929 1755 1961 1944 morum
1907 1367 1972 1719 experimento,

2005 2978 2052 3020 si
2020 2848 2067 2942 qua
2002 2658 2050 2816 minus
1998 2375 2061 2624 probetur,
1996 2217 2042 2342 hanc
1994 1907 2040 2181 dimittere:

2080 2738 2143 2893 νόμοι
2076 2436 2143 2706 γυναικῶν
2073 2339 2123 2402 οὐ
2072 2135 2130 2305 καλῶς
2074 1911 2121 2105 κεῖνται
2068 1736 2132 1879 πέρι·

2161 2760 2223 2891 χρῆν
2157 2627 2223 2727 γὰρ
2156 2502 2206 2595 τὸν
2154 2155 2218 2468 εὐτυχοῦνθ’
2150 2040 2200 2119 ὅτι
2149 1768 2207 2007 πλείστας
2146 1602 2213 1734 ἔχειν

2240 2616 2303 2890 γυναῖκας,
2235 2440 2298 2578 εἴπερ
2233 2337 2283 2402 ἂν
2230 2134 2297 2303 τροφὴ
2231 1917 2294 2097 δόμοις
2232 1693 2295 1883 παρῆν,

2318 2814 2378 2884 ὡς
2316 2686 2384 2783 τὴν
2314 2486 2381 2653 κακὴν
2314 2360 2377 2453 μὲν
2310 2094 2375 2324 ἐξέβαλλε
2310 1786 2374 2058 δωμάτων,

2399 2790 2464 2887 τὴν
2399 2710 2448 2756 δ’
2392 2506 2447 2672 οὖσαν
2391 2281 2458 2473 ἐσθλὴν
2389 2082 2457 2247 ἡδέως
2388 1824 2452 2049 ἐσώζετο.

2482 2784 2530 2886 νῦν
2477 2702 2527 2747 δ’
2477 2595 2535 2664 εἰς
2474 2438 2541 2561 μίαν
2470 2138 2537 2400 βλέπουσι,
2470 1847 2521 2102 κίνδυνον
2468 1649 2533 1813 μέγαν

2559 2614 2623 2879 ῥίπτοντες
2573 2583 2584 2594 ·
2555 2481 2604 2545 οὐ
2552 2347 2618 2445 γὰρ
2554 2208 2601 2313 τῶν
2550 1967 2615 2175 τρόπων
2549 1626 2613 1935 πειρώμενοι

2639 2670 2703 2883 νύμφας
2635 2586 2694 2633 ἐς
2634 2368 2693 2549 οἴκους
2630 1977 2697 2332 έρματίζονται
2629 1744 2694 1940 βροτοί.

2722 2880 2770 3011 Dicit
2721 2718 2767 2847 idem
2717 2412 2764 2682 mirandum
2731 2283 2761 2376 non
2730 2108 2771 2246 esse,
2713 1926 2774 2055 qnod
2706 1592 2774 1891 poenitentia
2700 1352 2764 1558 coniugii

2801 2826 2849 3005 multos
2799 2588 2846 2786 subeat:
2810 2402 2858 2553 genus
2795 2243 2840 2365 enim
2810 2179 2839 2204 a
2793 1894 2856 2145 plerisque
2790 1714 2851 1866 magis
2800 1535 2848 1678 quam
2795 1353 2828 1501 venu-

2887 2831 2930 3007 statem
2878 2747 2924 2797 in
2874 2481 2922 2714 ducendis
2873 2214 2921 2444 uxoribus
2871 1969 2934 2179 respici:

2954 2784 3021 2879 τὴν
2949 2469 3017 2748 εὐγένειαν,
2949 2342 3000 2441 κᾶν
2952 2064 3013 2308 ἄμορφος
2943 1997 3011 2032 ᾗ
2946 1783 3011 1963 γάμος,

3036 2695 3101 2881 τιμῶσι
3030 2478 3083 2662 πολλοὶ
3031 2315 3093 2445 πρὸς
3027 2085 3079 2282 τέκνων
3027 1903 3092 2054 χάριν
3024 1672 3090 1870 λαβεῖν,

3116 2820 3166 2878 τό
3118 2741 3165 2785 τ’
3113 2506 3176 2704 ἀξίωμα
3113 2275 3175 2471 μᾶλλον
3108 2209 3173 2241 ἢ
3108 2111 3157 2174 τὰ
3108 1828 3172 2078 χρήματα.

3198 2920 3245 3002 Sic
3196 2670 3243 2886 sentiens
3197 2448 3240 2635 rectum
3207 2300 3238 2410 esse
3204 1962 3249 2265 aequumque
3186 1793 3232 1926 ducit
3186 1544 3244 1745 recepta
3179 1346 3243 1511 priore

3290 2847 3323 3001 uxore
3274 2602 3320 2813 retinere
3272 2334 3326 2568 alteram3
3269 2110 3314 2285 timens
3272 1874 3323 2064 autem,
3280 1766 3309 1825 ne
3261 1473 3307 1730 Themisto
3257 1344 3303 1437 tori

3358 2899 3403 3001 iura
3368 2753 3400 2863 cum
3350 2532 3397 2718 aemula
3348 2156 3395 2497 communicari
3360 1966 3406 2108 aegre
3342 1772 3400 1930 ferat,
3340 1657 3386 1718 de
3339 1494 3384 1623 illius
3352 1343 3382 1455 con-

3434 2868 3495 3000 iugio
3432 2708 3478 2833 hanc
3430 2504 3476 2672 celavit
3430 2196 3488 2469 iterumque
3426 1967 3471 2161 Inonem
3423 1788 3468 1930 enixe
3422 1584 3482 1754 rogat,
3421 1489 3462 1542 ut
3430 1343 3461 1454 con-

3518 2865 3562 2998 tenta
3512 2783 3557 2843 sit
3511 2684 3568 2758 iis,
3525 2525 3571 2646 quae
3506 2140 3568 2490 impetraverit,
3519 1982 3550 2103 neve
3517 1778 3563 1947 pacem
3500 1580 3546 1751 domus
3499 1494 3542 1543 et
3508 1344 3540 1460 con—

3592 2781 3641 2996 cordiam
3589 2549 3636 2747 turbare
3588 2382 3644 2513 velit,
3586 2296 3630 2344 id
3584 2132 3646 2259 quod
3584 1925 3629 2094 lubens
3580 1806 3627 1887 ino
3575 1502 3641 1770 promittit:

3666 2766 3732 2866 ἐγὼ
3663 2531 3730 2731 παρέξω
3662 2311 3726 2496 λέκτρα
3676 2192 3711 2275 σοι
3662 1991 3719 2159 καλῶς
3658 1813 3723 1957 ἔχειν,

3751 2724 3816 2994 probatque
3747 2460 3794 2690 Athamas
3746 2100 3807 2425 promissum:

3825 2659 3877 2862 δίκαιόν
3822 2471 3885 2623 ἐστιν,
3818 2334 3873 2433 οἷσι
3819 1905 3885 2299 συγγηράσομαι
3815 1805 3881 1871 *).

3908 2766 3955 2864 lam
3921 2567 3955 2731 rumor
3905 2474 3951 2534 de
3906 2246 3951 2437 inventa
3904 2076 3950 2222 Inone
3901 1798 3947 2040 civitatem
3894 1481 3959 1762 pervaserat
3903 1336 3950 1447 per-

4005 2891 4051 2987 que
3987 2649 4049 2859 compita
3986 2366 4033 2616 manabat:
4000 2228 4046 2321 quo
3983 1946 4029 2184 excitatae
3977 1675 4031 1909 feminae,
3986 1504 4035 1626 qnae
3966 1332 4014 1470 chori

4083 2786 4115 2987 munere
4066 2424 4129 2743 fungerentur
4063 2275 4125 2380 ²2²²),
4064 2165 4109 2225 ad
4060 1938 4124 2119 regiam
4057 1697 4105 1888 venisse
4052 1428 4099 1654 videntur
4048 1331 4091 1382 et

4232 2877 4285 2925 2¹v)
4232 2667 4286 2848 Fragm.
4231 2554 4273 2637 inc.
4244 2480 4270 2522 n.
4228 2382 4269 2450 52.

4301 2874 4355 2947 W)
4301 2615 4357 2844 Hyginus:
4313 2423 4354 2583 „quam
4296 2172 4351 2392 captivam
4307 2048 4336 2142 csse
4291 1769 4335 2016 credebat.'⁷
