5010 3336
1134 2091 1189 2209 427

1303 2865 1337 2977 nam
1285 2520 1333 2831 reducuntur.
1280 2353 1327 2475 Rem
1283 2140 1344 2324 gestam
1278 2055 1333 2115 is,
1273 1944 1335 2026 qui
1272 1636 1320 1918 custodibus
1269 1326 1333 1602 praefectus

1366 2863 1425 2975 fuit,
1363 2614 1426 2826 exponit.
1361 2473 1407 2546 Re
1362 2157 1424 2438 perpetrata
1371 2030 1402 2124 non
1354 1813 1416 2003 fugerat
1352 1647 1412 1780 virgo
1365 1465 1410 1621 neque
1363 1325 1394 1429 earn

1445 2687 1493 2973 destituerat
1440 2341 1496 2654 adolesceus3
1439 2115 1498 2288 sponte
1449 2011 1479 2065 se
1433 1888 1477 1965 illa
1430 1570 1477 1851 custodibus
1428 1325 1474 1535 interve-

1523 2730 1570 2972 nientibus
1519 2414 1574 2683 obtulerat3
1516 2257 1575 2366 hic,
1529 2064 1574 2209 quum
1512 1825 1572 2016 eripere
1525 1669 1556 1775 eam
1523 1561 1554 1619 ex
1506 1323 1552 1527 militum

1601 2751 1648 2972 manibus
1614 2610 1645 2705 non
1598 2300 1660 2565 potuisset,
1591 1966 1654 2251 participem
1605 1862 1635 1915 se
1588 1535 1649 1816 sociumque
1586 1316 1646 1486 culpae

1694 2859 1727 2969 esse
1677 2570 1742 2826 professus
1682 2443 1723 2533 est.
1672 2295 1719 2374 Sic
1672 2198 1718 2258 ad
1686 1998 1732 2165 regem
1667 1826 1714 1967 ambo
1668 1483 1714 1792 reducuntur.
1664 1317 1711 1415 Ex—

1763 2870 1805 2969 stat
1756 2510 1819 2838 fragmentum
1752 2232 1809 2475 orationis,
1766 2102 1811 2195 qua
1753 1930 1811 2069 pater
1747 1742 1793 1895 filium
1745 1424 1805 1715 obiurgavit:

1833 2806 1899 2841 ἡ
1833 2672 1899 2773 γὰρ
1834 2429 1896 2636 δόκησις
1828 2170 1890 2396 πατράσι
1825 1948 1884 2136 παῖδας
1822 1722 1874 1913 εἰκέναι

1914 2776 1964 2840 τὰ
1912 2579 1964 2742 πολλὰ
1911 2369 1976 2544 φαύλη
1909 2105 1975 2335 γίγνεται
1906 1874 1956 2072 τέκνων
1902 1724 1969 1841 πέρι

2014 1806 2030 2647 ——-..—.·-·—

2063 1647 2086 1718 77!

2070 2621 2137 2837 ὀνόματι
2070 2358 2137 2589 μεμπτὸν
2067 2267 2119 2326 τὸ
2068 2046 2128 2233 νόθον,
2066 1978 2132 2012 ἦ
2065 1786 2130 1943 φύσις
2064 1722 2114 1751 δ
2074 1571 2129 1668 ιση.

2151 2793 2215 2965 Neque
2154 2604 2200 2760 minus
2153 2270 2201 2568 defensionis
2151 2147 2197 2234 filii
2148 1877 2212 2113 particula
2150 1656 2194 1841 servata
2149 1521 2192 1621 est:

2232 2665 2295 2837 ἤρων·
2231 2570 2281 2629 τὸ
2230 2254 2295 2533 μαίνεσθαι
2229 2171 2278 2217 δ’
2230 2053 2290 2135 ἄρ’
2220 1952 2290 2019 ἧν
2225 1789 2289 1918 ἔρως
2225 1535 2289 1754 βροτοῖς.

2312 2503 2360 2837 Audacissima
2318 2314 2359 2474 autem
2310 2059 2358 2279 oratione
2308 1792 2371 2033 Antigone
2311 1596 2353 1765 contra
2310 1307 2368 1563 tyrannum

2405 2878 2438 2967 usa
2396 2737 2438 2843 est:

2469 2569 2518 2831 ἄκουσον·
2469 2466 2518 2530 ού
2468 2332 2533 2430 γὰρ
2466 2242 2516 2293 οἱ
2468 2038 2526 2210 κακῶς
2464 1687 2528 2005 πεπραγότες

2542 2731 2598 2831 σὺν
2552 2585 2607 2697 ταῖς
2548 2349 2613 2553 τύχαισι
2540 2193 2606 2316 τοὺς
2547 1969 2610 2159 λόγους
2546 1663 2595 1934 ἀπώλεσαν

2708 2718 2756 2827 οὔτ’
2706 2548 2766 2682 εἰκὸς
2709 2338 2771 2513 ἄρχειν
2707 2193 2757 2302 οὔτ’
2704 2003 2773 2157 ἐχρῆν
2700 1834 2756 1968 εἶναι
2704 1635 2769 1802 νόμον

2787 2571 2851 2833 τύραννον
2783 2402 2838 2535 εἶναι
2787 2172 2853 2367 (μωρία
2786 2081 2836 2136 δὲ
2784 1959 2836 2047 καὶ
2785 1712 2851 1925 θέλειν),

2862 2773 2926 2829 ὃς
2868 2635 2917 2739 τῶν
2867 2405 2931 2601 ὁμοίων
2868 2128 2931 2369 βούλεται
2870 1887 2932 2096 κρατεῖν
2867 1674 2930 1853 μόνος.

2948 2784 3011 2958 quibus
2949 2638 2995 2748 addi
2955 2436 3012 2603 potest
2950 2231 3012 2401 fragm.
2950 2102 2997 2195 ine.
2951 1978 2996 2064 10:

3025 2794 3093 2829 ἦ
3026 2662 3092 2762 γὰρ
3026 2376 3092 2627 τυραννὶς
3026 2138 3087 2343 ἀδικίας
3027 1937 3093 2103 μήτηρ
3024 1793 3091 1895 ἔφυ

3187 2745 3236 2825 δεῖ
3190 2578 3236 2714 τοῖσι
3188 2333 3245 2545 πολλοῖς
3185 2207 3236 2300 τὸν
3186 1908 3251 2173 τύραννον
3183 1609 3235 1873 ἁνδάνειν.

3269 2878 3316 2954 Ex
3269 2769 3326 2847 iis,
3284 2610 3329 2733 quae
3274 2407 3315 2573 contra
3269 2248 3314 2373 hanc
3268 2072 3314 2229 Creon
3268 1913 3324 2052 dixit,
3268 1754 3313 1877 haec
3272 1608 3314 1719 sunt
3267 1296 3330 1573 depromta:

3342 2767 3395 2825 τὸ
3345 2551 3409 2731 μωρὸν
3345 2383 3409 2515 αὐτῇ
3349 2252 3395 2347 τοῦ
3343 2022 3409 2217 πατρὸς
3344 1805 3409 1989 νόσημ’
3343 1692 3394 1768 ἔνι
3343 1587 3410 1658 *)·

3427 2680 3490 2823 φιλεῖ
3423 2552 3489 2651 γὰρ
3424 2347 3483 2515 οὕτως
3422 2257 3475 2311 ἐκ
3427 2045 3475 2223 κακῶν
3420 1876 3474 2010 εἶναι
3424 1631 3483 1843 κακούς.

3508 2746 3555 2823 Ad
3512 2505 3553 2709 mortem
3506 2356 3553 2467 duci
3506 2030 3568 2321 Antigonam
3523 1782 3554 1986 necesse
3507 1626 3564 1748 fuit3
3505 1292 3561 1577 Haemonis,

3586 2867 3650 2949 qui
3586 2609 3634 2832 conscius
3590 2388 3633 2573 tantum
3585 2188 3632 2350 delicti
3586 1991 3633 2154 fuerat
3602 1792 3647 1949 neque
3586 1642 3649 1749 ipse
3586 1540 3632 1589 in
3585 1291 3632 1504 curando

3665 2777 3713 2949 funere
3665 2506 3729 2742 virginem
3666 2194 3722 2470 adiuverat„
3665 1975 3729 2146 capitis
3666 1669 3713 1925 damnandi
3680 1454 3711 1621 caussa
3663 1290 3710 1418 nulla

3745 2841 3792 2951 fuit.
3744 2674 3792 2772 Sed
3744 2423 3800 2639 iuvenis,
3745 2161 3806 2372 quamvis
3760 1957 3806 2113 poena
3751 1792 3792 1922 esset
3746 1497 3803 1756 liberatus7
3748 1291 3790 1449 tamen

3824 2794 3880 2946 illam,
3840 2614 3886 2757 quum
3824 2517 3869 2576 ad
3824 2206 3887 2493 supplicium
3823 1902 3881 2181 duceretur,
3826 1610 3872 1864 comitatus
3830 1481 3883 1572 est,
3839 1288 3884 1445 neque

3903 2723 3950 2942 obscuris
3904 2520 3950 2681 verbis
3904 2216 3950 2469 consilium
3919 2071 3950 2164 una
3904 1786 3952 2026 moriendi
3905 1457 3952 1738 declaravit:
3918 1288 3964 1407 quas

3984 2793 4029 2947 minas
3982 2590 4043 2764 Creon,
3986 2499 4028 2552 ut
3998 2439 4028 2465 a
3982 2150 4046 2405 repentino
3982 1967 4030 2113 animi
3990 1744 4032 1932 tumore
3984 1444 4047 1707 profectas,
3998 1285 4045 1407 neg—

4060 2808 4108 2942 lexit.

4225 2834 4277 2883 ῆς)
4226 2660 4280 2802 Vulgo
4224 2507 4284 2629 αὐτῷ
4241 2399 4282 2477 pro
4225 2234 4283 2367 αὐτῇ.
4227 1913 4270 2176 Emendavit
4228 1700 4280 1887 Siivern‚
4239 1408 4282 1667 comparans
4239 1286 4267 1387 ver-

4306 2704 4336 2802 sum
4296 2620 4336 2673 de
4297 2355 4351 2589 Sophoclis
4297 2107 4352 2326 Antigona
4296 1983 4340 2079 465.

3083 844 3270 863 >ss-ss't‘s?l·
3310 856 3315 858 -
