5010 3336
2634 3251 2665 3309 (lm-

2884 3327 2895 3333 ·
2877 3261 2905 3307 ww

3036 3323 3043 3327 '
3038 3268 3064 3302 Ἧι

1113 2147 1166 2265 413

1274 2895 1320 3017 inter
1285 2806 1317 2861 se
1267 2610 1315 2761 fuisse
1262 2270 1326 2577 Pythagorae
1254 1952 1318 2236 Orpheique
1246 1626 1312 1905 disciplinas
1245 1377 1292 1583 testatur

1350 2741 1399 3020 Herodotus
1346 2646 1405 2704 ΙΙ,
1346 2511 1399 2613 81.,
1347 2426 1389 2475 et
1338 2178 1403 2392 pluribus
1334 1984 1381 2144 verbis
1330 1739 1378 1948 ostendit
1323 1461 1372 1705 Iloeckius
1321 1375 1368 1427 in

1432 2868 1489 3018 libro,
1442 2676 1489 2816 quem
1425 2578 1470 2638 de
1422 2393 1468 2537 rebus
1414 2051 1463 2357 Cretensium
1410 1792 1471 2012 scripsit,
1423 1706 1452 1746 c.
1404 1592 1451 1669 III.
1420 1508 1465 1554 p.
1402 1375 1447 1471 190

1525 2881 1571 3016 seqq.
1506 2659 1551 2814 Carne
1502 2486 1547 2611 enim
1504 2293 1558 2435 atque
1494 2100 1540 2248 caede
1489 1782 1536 2054 animalium
1490 1694 1531 1745 et
1481 1458 1543 1660 Orphici
1482 1374 1525 1421 et

1583 2721 1649 3017 Pythagorei
1581 2362 1629 2673 abstinebant.
1573 2146 1620 2292 Iidem
1570 1973 1615 2104 initia
1582 1871 1612 1926 ac
1563 1599 1625 1827 mysteria
1573 1373 1606 1561 summo

1666 2856 1713 3016 studio
1662 2571 1717 2819 colebant;
1658 2474 1705 2534 cf.
1652 2191 1715 2439 Aristoph.
1649 2036 1696 2156 Ran.
1646 1846 1691 1999 10:322

1733 2667 1806 2894 Ὀρφεὺς
1734 2434 1802 2643 μὲνγὰρ
1728 2145 1787 2408 τελετάς
1725 2064 1775 2116 θ’
1724 1917 1790 2043 ἡμῖν
1716 1631 1778 1881 κατέδειξε
1714 1371 1780 1597 φόνων

1809 2136 1856 2178 τ’
1803 1823 1869 2099 ἀπέχεσθαι
1800 1721 1862 1791 *).

1904 2846 1950 3014 Pisces
1899 2589 1948 2797 omnium
1892 2267 1942 2540 aiiimalium
1888 2015 1935 2218 maxime
1899 1877 1947 1967 pro
1880 1707 1928 1815 cibo
1874 1366 1939 1661 Pythagorei

1982 2652 2035 3013 aversabantur,
1981 2490 2023 2617 teste
1969 2207 2020 2467 Plutarcho
1966 1945 2029 2170 Sympos.
1960 1786 2009 1909 VIII.
1976 1705 2022 1749 p.
1959 1570 2003 1678 373.
1956 1366 2014 1532 Quan-

2067 2840 2124 3012 topere
2074 2709 2105 2814 cum
2057 2605 2102 2680 his
2055 2452 2101 2571 ritus
2048 2075 2113 2417 mysteriorum
2040 1745 2099 2038 convenerit,
2053 1648 2084 1707 ex
2032 1365 2096 1622 Porphyrii

2140 2948 2187 3010 de
2138 2742 2186 2915 abstin.
2135 2546 2182 2706 verbis
2138 2342 2197 2503 patet:
2122 1894 2187 2296 παραγγέλλεται
2116 1751 2181 1849 γὰρ
2109 1466 2165 1721 Ἐλευσῖνι
2108 1364 2159 1422 οἶ-

2216 2761 2281 3011 πέχεσθαι
2210 2633 2263 2719 καὶ
2205 2139 2262 2592 κατοικιδίων
2202 1799 2265 2090 ὀρνίθων
2194 1667 2246 1754 καὶ
2191 1363 2258 1620 ἰχθύων

2296 2922 2348 3012 καὶ
2294 2617 2359 2891 κυάμων
2293 2476 2342 2582 κτλ.
2290 2257 2338 2406 Vides
2286 2074 2348 2221 igitur
2297 1789 2339 2039 caussam,
2281 1538 2341 1741 propter
2287 1363 2335 1504 quam

2378 2847 2426 3010 statim
2375 2676 2422 2814 initio
2372 2405 2420 2631 dramatis
2367 2076 2431 2370 Hippolytus
2360 1756 2410 2030 ostenditur
2357 1510 2404 1722 Athenas
2367 1361 2415 1475 pro-

2457 2846 2505 3010 fectus
2470 2700 2501 2809 esse

2532 2673 2594 2877 σεμνῶν
2530 2588 2590 2639 ἐς
2532 2430 2589 2553 ὄψιν
2524 2310 2577 2397 καὶ
2523 2164 2588 2279 τέλη
2518 1813 2586 2129 μυστηρίων.

2615 2679 2678 3005 Orphicorum
2612 2454 2673 2634 scripta
2608 2210 2671 2415 plurima
2604 1870 2656 2169 ferebantur,
2610 1622 2659 1825 quorum
2596 1358 2640 1581 auctores

2694 2714 2758 3005 Pythagorei
2697 2526 2748 2687 erant3
2688 2386 2735 2487 Cic.
2686 2305 2733 2362 N.
2686 2217 2731 2271 D.
2684 2156 2742 2189 1,
2686 2041 2741 2119 38,
2683 1896 2727 2004 107.
2677 1690 2723 1827 Haec
2674 1523 2736 1669 igitur
2671 1357 2733 1500 signi-

2773 2856 2820 3004 ficant
2771 2692 2818 2838 verba
2770 2577 2829 2673 ina,
2766 2348 2817 2556 πολλῶν
2760 1996 2827 2315 γραμμάτων
2757 1817 2821 1979 τιμῶν
2752 1548 2811 1795 καπνούς.
2750 1354 2813 1511 Magi-

2867 2900 2899 3004 cam
2856 2723 2897 2873 artem
2854 2644 2897 2692 et
2849 2292 2912 2617 expiationem
2849 2219 2891 2267 et
2841 1852 2890 2193 divinationem
2836 1629 2898 1827 Orpheo
2830 1351 2896 1600 propriam

2930 2853 2979 3005 fuisse
2929 2558 2992 2819 Euripides
2929 2434 2990 2539 ipse
2923 2183 2972 2398 ostendit
2921 1976 2969 2156 Alcest.
2920 1831 2964 1941 969.
2914 1656 2975 1793 Cycl.
2914 1518 2957 1629 646.
2910 1352 2956 1481 Ean-

3009 2898 3056 3007 dem
3008 2568 3071 2876 Pythagorae
3006 2324 3053 2543 tribuunt
3003 2126 3049 2299 Cicero
3000 1990 3048 2093 Div.
2998 1916 3056 1954 Ι,
2998 1815 3053 1877 3.,
2992 1479 3054 1779 Porphyrius
2991 1352 3043 1452 23„

3088 2716 3136 3003 lamblichus
3089 2617 3133 2682 60
3100 2446 3146 2583 seqq.
3083 2240 3129 2379 Hanc
3082 2053 3143 2201 igitur
3082 1855 3125 2009 artem
3073 1605 3135 1808 respicit
3069 1348 3116 1574 Theseus

3183 2960 3215 3003 v.
3169 2771 3213 2924 1036:

3236 2788 3307 2869 ἆρ’
3241 2653 3292 2749 οὐκ
3238 2421 3307 2619 ἐπῳδὸς
3237 2301 3287 2388 καὶ
3237 2145 3302 2269 γόης
3234 1923 3298 2111 πέφυχ’
3230 1769 3287 1886 ὅδες

3324 2780 3386 3000 Denique
3323 2527 3386 2753 Orpheus
3321 2302 3368 2506 traditur
3319 2033 3365 2261 mulieres
3315 1845 3362 2006 odisse
3323 1608 3369 1810 eamque
3307 1524 3354 1584 ob
3322 1348 3354 1486 caus-

3420 2896 3451 2999 sam
3403 2704 3450 2847 etiam
3403 2380 3463 2654 discerptus
3416 2303 3445 2328 a
3396 1979 3444 2259 mulieribus
3408 1817 3439 1941 esse.
3388 1544 3449 1749 Quidam
3386 1442 3432 1499 ab
3400 1345 3432 1403 eo

3483 2849 3530 2997 etiam
3496 2530 3545 2793 puerorum
3494 2293 3525 2483 amores
3477 2093 3539 2249 primo
3473 1816 3519 2037 inductos
3484 1654 3515 1763 esse
3466 1344 3513 1607 affirmant.

3560 2575 3625 2998 Pythagoreorum
3562 2380 3605 2539 autem
3556 2168 3602 2344 iudicia
3555 2076 3600 2133 ab
3549 1789 3599 2028 eiusmodi
3545 1471 3595 1757 abstinentia
3559 1342 3591 1438 non

3641 2853 3704 2996 plane
3639 2478 3689 2817 abhorrebant.
3634 2172 3697 2411 Exemplo
3638 2059 3680 2135 est
3630 1784 3691 2026 Archytas
3626 1669 3672 1749 ille
3623 1343 3670 1634 Tarentinus

3719 2869 3783 2996 apud
3719 2739 3767 2841 cic.
3718 2510 3765 2703 Senect.
3734 2441 3764 2479 c.
3718 2307 3773 2399 12,
3714 2190 3775 2271 qui
3711 1946 3771 2156 „nullam
3705 1571 3770 1907 capitaliorem
3707 1341 3765 1535 pestem

3812 2845 3860 2991 quam
3798 2592 3860 2810 corporis
3797 2266 3859 2559 voluptatem
3790 1954 3839 2229 hominibus
3787 1725 3835 1917 dicebat
3800 1663 3830 1690 a
3787 1461 3831 1630 natura
3782 1341 3829 1425 da-

3883 2895 3924 2994 tam
3874 2696 3925 2858 esse.⁷⁷
3877 2552 3924 2627 Ex
3876 2385 3923 2518 Italia
3872 2222 3936 2351 pulsi
3867 1899 3933 2192 Pythagorei
3867 1818 3913 1866 in
3864 1580 3913 1782 Graecia
3863 1339 3910 1544 societa-

4054 2887 4107 2936 *Ἴ
4054 2737 4095 2858 Adde
4053 2506 4095 2700 Lobeck.
4053 2248 4108 2469 Aglaoph.
4066 2174 4105 2214 p.
4049 2050 4091 2133 233
4061 1894 4102 2013 seqq.
4043 1566 4097 1836 Antiphanes
4040 1335 4081 1526 comicus

4137 2780 4176 2851 ap.
4124 2592 4165 2749 Athen.
4139 2509 4177 2551 p.
4124 2381 4164 2478 161.
4124 2264 4163 2340 A.:
4120 2044 4176 2221 πρῶτον
4118 1904 4173 2005 μέν,
4110 1722 4168 1865 ὥςπερ
4111 1336 4165 1683 Πυθαγθξίζωνυ

4191 2705 4317 2851 Ξῗῗέξι
4193 2476 4248 2676 ἔμψυχον
4191 2311 4236 2445 οὐδὲν
4194 2192 4234 2282 κτλ.
4189 1988 4232 2133 Alexis
4186 1842 4229 1949 ibid.
4180 1528 4227 1798 lamblichus
4194 1446 4233 1489 p.
4178 1336 4220 1405 25.
