5010 3336
3969 2130 4023 2207 16

3812 1339 3877 1506 ltaque
3814 1531 3879 1905 Agamemnoni,
3814 1940 3873 2118 quanta
3828 2154 3871 2229 est
3827 2264 3876 2657 consternatione
3814 2691 3873 2864 animi,
3823 2898 3871 2993 iam

3748 1338 3781 1397 ex
3732 1442 3793 1577 parte
3748 1624 3794 1893 castrorum
3748 1931 3797 2108 Graeci
3731 2143 3796 2323 expelli
3732 2357 3796 2587 adituque
3745 2622 3794 2813 navium
3743 2847 3792 2995 inter-

3669 1338 3717 1469 cludi
3670 1503 3718 1753 videntur:

3606 1463 3613 1527 —-
3580 1561 3640 1787 „Classis
3590 1823 3640 1995 aditus
3576 2030 3638 2317 clauditur,
3571 2341 3638 2553 fervit'’.

3514 1335 3563 1471 Haec
3511 1516 3560 1685 videns
3494 1728 3553 2059 reputansque
3509 2104 3542 2325 somnum
3491 2377 3541 2553 capere
3492 2608 3555 2823 nequivit
3489 2878 3538 2995 prae

3432 1332 3482 1638 vehementia
3420 1673 3479 1875 doloriS,

3341 1464 3402 1756 „Sc-indens
3350 1790 3399 1965 dolore
3351 2000 3400 2281 identidem
3349 2315 3397 2570 intonsam
3347 2606 3393 2831 comam'’
3331 2858 3398 2925 *).

3257 1332 3323 1650 Congregatis
3270 1685 3320 1859 deinde
3268 1894 3318 2097 ducibus
3269 2134 3303 2355 caussam
3268 2390 3313 2654 nocturnae
3265 2679 3315 2991 consultatio-

3193 1330 3242 1405 nis
3183 1440 3241 1682 ostendit:

3103 1458 3163 1654 „Caius
3111 1698 3144 1785 vos
3109 1823 3159 2034 tumulti
3110 2070 3142 2250 caussa
3108 2286 3157 2526 accierim
3110 2562 3150 2610 et
3091 2646 3157 2769 quid
3090 2796 3138 2991 parem,

3032 1460 3082 1767 advortite.’'

2953 1326 3003 1555 Poenitet
2938 1598 2984 1736 eum,
2936 1787 2998 1916 quod
2951 1963 2984 2057 non
2935 2092 2998 2281 pridem
2934 2317 2993 2593 opportuno
2933 2627 2992 2854 tempore
2947 2887 2995 2990 bel-

2874 1323 2923 1425 lum
2858 1460 2920 1625 aequis
2869 1660 2920 2015 conditionibus
2856 2049 2917 2442 composuerint,
2855 2492 2917 2622 quod
2869 2657 2917 2699 si
2856 2733 2916 2987 fecissent,

2792 1326 2840 1572 exercitus

2727 1451 2734 1515 —-
2701 1548 2761 1705 „Rite
2712 1741 2760 1810 ad
2695 1836 2759 2066 patriam
2694 2100 2743 2269 sospes
2694 2296 2760 2665 pervenisset⁷⁷.

2624 1322 2682 1450 lam,
2617 1499 2681 1780 priusquam
2617 1826 2680 1970 plane
2632 2005 2679 2134 salus
2616 2168 2678 2455 reditusque
2616 2489 2677 2872 intercludatur,
2628 2906 2676 2984 fu-

2537 1319 2602 1549 giendum
2552 1585 2585 1695 esse
2552 1732 2594 1899 censet
2539 1932 2584 2005 ac,
2551 2041 2598 2195 donec
2550 2222 2597 2455 tenebrae
2550 2479 2598 2704 fraudem
2536 2738 2597 2985 adiuvent,

2474 1320 2506 1381 ex
2472 1423 2521 1740 harbarorum
2472 1788 2514 1919 terra
2470 1974 2519 2265 abeundum.
2470 2344 2518 2437 His
2470 2495 2518 2673 auditis
2468 2728 2518 2984 Menelaus

2394 1319 2444 1523 fratrem
2378 1559 2441 1795 obiurgat,
2392 1833 2440 2002 dolens
2380 2038 2438 2281 nimirum,
2376 2318 2438 2449 quod
2390 2483 2439 2664 infecta
2390 2698 2422 2751 re
2388 2789 2437 2983 relicta-

2299 1318 2346 1414 que
2298 1448 2361 1574 apud
2312 1612 2361 1848 Troianos
2311 1878 2344 2031 uxore
2310 2058 2359 2220 redire
2295 2248 2354 2464 cogatur.
2311 2520 2359 2586 Et
2309 2612 2358 2740 hunc
2294 2766 2358 2981 quidem,

2233 1316 2276 1371 ut
2217 1418 2281 1632 cupidini
2232 1677 2281 1939 obnoxium
2231 1988 2274 2038 et
2230 2084 2278 2159 sui
2230 2208 2279 2451 commodi
2231 2497 2278 2640 nimis
2217 2687 2278 2979 studiosum,

2153 1313 2203 1496 refutat
2138 1530 2201 1889 Agamemnon,
2136 1934 2184 2116 negans
2134 2163 2192 2369 propter
2149 2414 2182 2557 unam
2149 2593 2197 2846 mulierem
2148 2882 2197 2982 vita

2073 1319 2120 1563 sociorum
2055 1598 2120 1803 amplius
2056 1839 2119 2205 periclitandum
2070 2242 2103 2378 esse:

1980 1445 2043 1615 „Tan'
1975 1662 2040 1794 quod
1973 1838 2031 2070 superest
1989 2114 2037 2305 socium
1990 2351 2037 2512 mittis
1976 2557 2037 2684 leto,
1988 2734 2020 2801 an
1986 2851 2035 2979 lacti

1892 2208 1958 2525 poenitet?’'

1817 1313 1881 1478 Surgit
1833 1521 1877 1684 autem
1832 1729 1882 1991 Diomedes
1831 2038 1872 2088 et
1814 2131 1879 2404 vituperata
1813 2451 1878 2579 regis
1828 2624 1878 2887 timiditate
1827 2922 1861 2976 se

1753 1309 1802 1357 in
1753 1406 1801 1618 hostium
1753 1663 1796 1821 castra
1737 1855 1800 2140 speculandi
1750 2174 1782 2344 caussa
1749 2378 1798 2607 continuo
1748 2639 1798 2821 iturum
1732 2856 1781 2971 pro-

1673 1307 1721 1504 fitetur:

1582 1440 1643 1627 „Iubet
1592 1672 1627 1807 nunc
1577 1854 1635 2144 attentare,
1590 2193 1639 2333 iubet
1589 2367 1623 2503 nanc
1589 2539 1637 2738 animas
1572 2772 1635 2977 ruspari

1493 2211 1559 2472 Phryga-5²³
1496 2506 1562 2602 **).

1433 1305 1483 1500 Socium
1434 1536 1482 1595 ab
1417 1630 1482 1992 Agamemnone
1429 2025 1478 2186 iussus
1415 2222 1478 2431 eligere,
1415 2478 1478 2711 Ulyssem
1428 2746 1478 2968 omnibus

1337 1302 1402 1588 praeponit:

1261 1432 1323 1555 „An
1257 1588 1306 1681 ego
1256 1720 1323 1935 Ulya'em
1268 1964 1319 2231 obliviscar
1252 2265 1303 2504 unquam,
1269 2542 1314 2634 aut
1251 2667 1303 2966 quemquam

1171 2203 1237 2456 praeponi
1188 2487 1238 2723 velim?'’
1175 2761 1240 2867 ***)

989 1362 1043 1405 *)
1002 1437 1045 1527 Cic.
1001 1558 1043 1691 Tusc.
991 1721 1042 1799 ΙΙΙ,
990 1830 1043 1899 26,
999 1929 1043 1997 62.
998 2065 1041 2132 Cf.
998 2162 1039 2215 ΙΙ.
988 2246 1024 2288 κ,
1000 2316 1043 2384 14.

919 1340 972 1404 **)
931 1436 973 1567 Ofili.
920 1594 957 1634 n,
931 1656 974 1760 220:
915 1794 974 1988 Νέστορ,
917 2018 973 2084 ἔμ’
913 2114 974 2293 ὀτρύνει
914 2319 970 2483 κραδίη
926 2509 970 2587 καὶ
913 2607 971 2759 θυμὸς
914 2781 972 2961 ἀγήνωρ

845 1431 903 1621 Ἀνδρῶν
845 1645 903 1896 δυςμενέων
858 1927 901 2062 δῦναι
842 2089 902 2283 στρατὸν
845 2311 903 2441 ἐγγὺς
855 2472 902 2654 ἐόντων.

780 1316 832 1403 ***)
790 1432 832 1483 11.
780 1515 815 1553 u,
788 1585 832 1690 243:
780 1722 830 1820 πῶς
786 1849 835 1907 ὂὶν
787 1935 832 2069 ἔπειτ’
773 2100 829 2323 Ὀδυσῆος
774 2358 831 2442 ἐγώ
784 2473 828 2623 θείοιο
774 2654 829 2902 hastulam),-
