5010 3336
1143 2052 1198 2168 233

1291 2805 1342 2932 Nub.
1293 2616 1348 2777 1415„
1290 2434 1355 2562 quod
1289 2234 1337 2400 facere
1304 2106 1336 2199 non
1288 1884 1351 2071 potuit,
1286 1739 1333 1830 nisi
1286 1540 1349 1690 (quae
1289 1431 1333 1505 est
1299 1286 1334 1399 vere.

1372 2552 1435 2933 simpliciterque
1371 2279 1418 2518 dictorum
1367 2068 1427 2245 virtus)
1366 1862 1413 2032 animis
1365 1555 1413 1828 auditorum
1365 1451 1413 1530 illa
1366 1284 1427 1420 quasi

1456 2757 1513 2931 sponte
1451 2449 1500 2722 haererent.
1448 2316 1495 2381 Et
1446 2137 1494 2282 sentit
1446 1921 1509 2101 quivis,
1444 1654 1506 1867 quamvis
1446 1557 1492 1619 sit
1444 1390 1492 1525 rudis
1446 1284 1492 1357 in-

1530 2635 1591 2932 doctusque,
1530 2495 1577 2589 nisi
1529 2395 1577 2460 sit
1526 2209 1573 2363 nostri
1524 1994 1572 2174 saeculi
1524 1713 1571 1957 erroribus
1523 1423 1584 1665 imbutus,
1540 1282 1571 1377 non

1610 2775 1656 2931 solum
1609 2487 1655 2738 verborum
1606 2161 1669 2462 elegantiam,
1604 2038 1651 2124 sed
1619 1845 1651 2006 rerum
1618 1628 1665 1819 quoque
1607 1444 1665 1601 aptam
1618 1283 1650 1414 com-

1689 2644 1752 2934 positionem
1692 2543 1734 2591 et
1701 2314 1733 2499 morum
1683 1975 1747 2267 prudentem
1682 1503 1745 1931 temperationem,
1683 1282 1744 1455 quibus

1767 2837 1814 2932 hoc
1766 2637 1813 2800 drama
1765 2397 1813 2603 excellit.
1764 2143 1811 2326 Omitto
1777 1821 1820 2109 recensere,
1761 1690 1823 1771 qui
1760 1569 1807 1645 vel
1777 1280 1823 1534 argumen-

1850 2830 1893 2931 tum
1845 2558 1893 2785 dramatiS
1845 2435 1891 2511 vel
1843 2174 1905 2387 singulos
1858 1958 1890 2126 versus
1841 1600 1905 1905 respexerint
1839 1277 1901 1545 imitatique

1924 2816 1982 2930 sint,
1924 2649 1971 2780 velut
1924 2361 1972 2615 Aelianum
1923 2278 1971 2336 N.
1923 2197 1971 2252 A.
1922 2061 1982 2167 ΧΠ,
1923 1937 1981 2035 44.,
1920 1590 1968 1902 Plutarchum
1919 1421 1968 1567 Cous,
1920 1280 1966 1390 107.

2002 2856 2063 2929 C„
2003 2685 2051 2819 Dion.
2003 2518 2051 2652 Cass.
2020 2440 2067 2490 p.
2005 2331 2050 2409 71.
2004 2228 2062 2301 A„
2002 1937 2050 2194 Arrianum
2000 1681 2063 1918 Epict.11‚
2001 1562 2057 1659 22„
1998 1278 2045 1527 Platonem

2081 2702 2146 2930 Sympos.
2099 2630 2146 2677 p.
2085 2492 2131 2599 179.
2084 2387 2142 2461 B„
2082 2151 2130 2351 Sextum
2080 1926 2144 2124 Emp.1‚
2082 1821 2127 1896 33.
2097 1752 2143 1801 p.
2081 1658 2128 1734 61.
2078 1421 2126 1603 Totum
2092 1277 2124 1395 vero

2177 2808 2225 2931 opus
2163 2691 2224 2774 qui
2163 2487 2210 2657 imitati
2162 2339 2222 2453 sint,
2162 2142 2225 2306 plures
2165 2051 2208 2099 et
2162 1892 2207 2018 inter
2159 1634 2222 1859 antiquos
2162 1550 2204 1599 et
2157 1387 2205 1517 inter
2171 1275 2203 1355 re-

2246 2764 2289 2931 centes
2242 2379 2301 2717 inveffluntur,
2242 2264 2289 2326 de
2241 2036 2303 2211 quibus
2239 1845 2287 1989 adeas
2239 1748 2286 1807 G.
2237 1366 2285 1698 Hermannum
2237 1273 2282 1322 et

2321 2870 2369 2929 G.
2321 2787 2369 2843 A.
2321 2467 2385 2762 Wagnerum
2322 2392 2368 2439 in
2322 2281 2380 2357 iis,
2337 2122 2383 2245 quae
2319 1807 2367 2096 editionibus
2317 1678 2365 1778 suis
2315 1436 2379 1644 praefati
2317 1272 2376 1401 sunt,

2406 2822 2449 2929 tum
2401 2538 2449 2786 Glumium
2402 2454 2447 2502 in
2400 2014 2447 2418 commentatione
2398 1917 2445 1979 de
2398 1768 2445 1883 Eur.
2396 1624 2443 1732 Alc.
2412 1545 2458 1592 p.
2396 1456 2441 1518 21
2409 1272 2456 1428 seqq.‚

2482 2756 2543 2926 quibus
2480 2596 2526 2721 adde
2479 2287 2528 2562 Vitandium
2480 2202 2526 2249 in
2494 2055 2542 2167 opp.
2478 1927 2525 2019 vol.
2476 1695 2525 1890 XLVII.
2492 1613 2538 1659 p.
2471 1273 2532 1584 204(XLV1.

2576 2877 2622 2925 p.
2561 2737 2619 2839 18).
2559 2436 2607 2669 Fabulam
2560 2260 2606 2387 omni
2558 2073 2620 2211 poesi
2560 1792 2604 2037 carentem
2555 1504 2603 1758 I-Ierderus
2565 1270 2615 1468 compo-

2639 2800 2695 2923 suit,
2654 2602 2701 2747 quum
2654 2318 2701 2550 superare
2636 2024 2697 2275 Euripidis
2652 1857 2699 1978 opus
2635 1577 2683 1810 studeret.
2631 1270 2689 1497 Laevius,

2722 2783 2781 2925 poeta
2717 2546 2777 2749 latinus,
2724 2346 2765 2508 utrum
2716 2029 2779 2310 Euripidem
2721 1984 2775 2008 ,’
2732 1900 2763 1960 an
2715 1515 2776 1867 Phrynichum,
2726 1419 2758 1478 an
2709 1271 2756 1381 Mo—

2798 2676 2843 2923 schionem
2797 2571 2855 2638 (si
2797 2343 2859 2536 quidem
2796 2084 2842 2310 Pheraeis
2795 1909 2842 2051 huius
2794 1725 2853 1874 idem,
2791 1556 2855 1686 quod
2789 1268 2845 1522 Alcestidi,

2880 2589 2939 2923 argumentum
2875 2473 2923 2569 suit
2874 2360 2935 2455 ³⁴7),
2875 2122 2922 2339 imitatus
2875 1930 2933 2096 suerit,
2873 1701 2930 1898 dubit03
2871 1407 2933 1677 fragmenta
2867 1269 2931 1376 qui-

2956 2813 3003 2924 dem
2957 2739 3004 2796 ab
2956 2476 3018 2723 Euripidis
2971 2301 3018 2450 opere
2970 2179 3002 2273 nou
2955 1976 3001 2157 absona
2969 1837 3001 1947 esse
2952 1572 3000 1812 videntur.
2949 1462 2999 1535 Ad
2964 1404 2998 1446 v.
2948 1268 2997 1381 470.

3035 2799 3084 2924 enim
3035 2586 3083 2765 referri
3039 2349 3098 2553 possunt
3035 2173 3081 2319 verba
3035 1993 3082 2141 haec:

3130 2072 3178 2343 corpore
3119 1622 3177 2034 pectoreque

3193 2480 3259 2785 Undique
3193 2257 3240 2443 obeso
3211 2148 3241 2219 ae
3201 1893 3241 2111 mente
3191 1514 3251 1845 exsensa,'‘

3273 2324 3337 2786 Tardigenulo
3274 2103 3320 2290 senio
3287 1672 3337 2067 oppressum,

3354 2860 3401 2921 ad
3369 2772 3403 2816 v.
3355 2626 3399 2737 635.
3351 1997 3414 2555 dulcioriloquus,
3352 1861 3398 1921 ad
3366 1776 3398 1816 v.
3352 1642 3397 1738 438
3363 1458 3410 1594 seqq.
3346 1263 3393 1400 loca

3432 2648 3492 2919 silenta‚
3430 2540 3477 2600 ad
3446 2462 3476 2504 v.
3431 2315 3475 2425 342.
3431 1914 3477 2253 carendum
3430 1775 3477 1867 tui
3433 1599 3489 1725 est,
3427 1412 3473 1550 adv.
3427 1265 3472 1376 (356.

3511 2634 3559 2920 oblitera
3525 2403 3573 2588 gensi,
3510 2221 3556 2350 adv.
3511 2071 3555 2183 4053.
3509 1943 3556 2019 vel
3511 1787 3556 1896 189.
3505 1398 3555 1739 manciolis
3510 1262 3551 1345 te-

3590 2697 3650 2920 nellis,
3589 2600 3637 2661 ad
3606 2520 3635 2564 v.
3592 2374 3635 2483 847.
3589 1947 3650 2324 accipitret,
3588 1762 3635 1898 adv.
3589 1611 3634 1721 800.
3582 1260 3631 1561 subducti

3669 2566 3733 2919 supercilii
3674 2190 3731 2528 carptores
3666 2058 3727 2155 **).
3666 1755 3715 1987 Ceterum
3664 1484 3729 1719 quaedam
3678 1263 3719 1447 eorum,

3766 2796 3813 2918 quae
3748 2572 3797 2759 Gellius
3748 2408 3807 2535 xix,
3752 2334 3795 2378 7.
3747 2077 3810 2300 collegit,
3762 1961 3794 2021 ex
3747 1807 3794 1911 aliis
3745 1530 3809 1771 poematis
3743 1259 3805 1493 decerpta

3845 2806 3877 2918 esse
3833 2622 3877 2757 recte
3830 2304 3890 2577 suspicatus
3843 2141 3874 2251 esse
3826 1905 3873 2096 videtur
3828 1548 3875 1869 Ilermannus.
3823 1258 3870 1480 Attianae

3907 2726 3956 2917 fabulae
3924 2569 3955 2691 unus
3924 2363 3954 2530 versus
3913 2107 3954 2325 servatur
3907 1947 3969 2073 apud
3906 1584 3953 1910 Priscianum:

4003 2600 4051 2785 quum
3987 2244 4034 2566 striderz't
3991 1899 4033 2205 retracta
4001 1642 4033 1864 rursus
3980 1326 4044 1608 inseris,

4067 2836 4127 2915 qui
4072 2623 4130 2786 potest
4067 2528 4112 2575 in
4068 2261 4114 2478 oratione
4065 2001 4113 2227 Herculis
4083 1926 4112 1965 v.
4066 1595 4113 1886 850—-854,
4062 1398 4110 1555 locum
4058 1259 4106 1345 ha-

4238 2810 4289 2853 “’“··”“)
4240 2522 4291 2778 Suspicatur
4239 2404 4278 2492 hoc
4238 2117 4277 2374 wolckerus
4251 2047 4287 2086 p.
4232 1891 4275 2013 1049.

4307 2802 4358 2880 W)
4308 2704 4348 2770 Cf.
4308 2507 4350 2670 Glumii
4312 2245 4350 2475 comment,
4322 2168 4358 2209 p.
4304 2081 4347 2134 33
4318 1964 4356 2050 seq.
