5010 3336
1134 2139 1189 2257 311

1301 3296 1346 3331 ³23
1303 2925 1348 3027 tate
1301 2837 1343 2890 et
1292 2676 1340 2805 filius
1285 2389 1354 2641 perpetuis
1281 2112 1329 2352 laboribus
1278 1876 1322 2076 vexatus
1276 1789 1318 1839 et
1270 1558 1330 1761 nepotes
1264 1486 1310 1533 iu
1263 1371 1309 1461 mi-

1396 3298 1423 3329 Α·
1417 3145 1439 3179 ,ψ
1378 2851 1426 3024 seriam
1374 2431 1435 2796 egestatemque
1358 2193 1409 2381 detrusi
1362 2090 1403 2138 et
1355 1938 1417 2043 ipsa
1349 1756 1398 1892 malis
1342 1366 1403 1708 aerumnisque

1474 3294 1503 3325 <¹-
1480 3178 1483 3179 ¹
1456 2847 1505 3024 affecta
1457 2712 1500 2802 est.
1447 2460 1509 2630 Neque
1459 2388 1489 2414 a
1438 2179 1487 2345 fabula
1434 1984 1498 2147 potuit
1433 1779 1479 1951 abesse
1427 1481 1488 1746 adspectus
1428 1366 1482 1446 ty-

1535 2887 1585 3022 ranni
1529 2611 1595 2853 quondam
1522 2376 1587 2574 superbi
1514 1977 1576 2343 insolentisque,
1525 1815 1557 1941 nunc
1507 1718 1552 1781 de
1503 1490 1563 1685 fastigio
1516 1365 1563 1454 po-

1614 3173 1661 3176 l
1613 2838 1663 3022 tentiae
1605 2486 1673 2804 praecipitati,
1602 2406 1647 2453 in
1600 2077 1663 2370 potestatem
1606 1905 1648 2041 auus,
1602 1731 1650 1870 quam
1583 1472 1630 1693 omnibus
1581 1362 1626 1438 in·

1716 3291 1745 3331 an·
1698 3173 1764 3176 ξ
1692 2884 1740 3021 iuriis
1685 2455 1744 2855 contumeliisque
1676 2227 1733 2430 vexavit,
1671 2012 1729 2192 traditi,
1683 1755 1716 1976 caussam
1662 1554 1724 1729 capitis
1674 1360 1706 1525 coram

1795 3289 1824 3333 ‘10-
1773 3171 2112 3176 ι
1772 2935 1830 3020 iis,
1784 2768 1831 2890 quos
1765 2487 1830 2733 perditum
1759 2287 1813 2440 ierat,
1751 2003 1809 2241 dicentis,
1748 1892 1795 1952 ad
1743 1546 1807 1839 supplicium
1738 1358 1785 1501 tracti

1551 3288 1586 3330 w:

1633 3288 1664 3325 tu-

1867 2926 1915 3019 per
1847 2663 1904 2893 famulos,
1842 2547 1905 2629 qui
1836 2204 1886 2513 interfectum
1828 1930 1879 2168 abiecturi
1830 1768 1883 1898 sunt,
1820 1435 1884 1732 sepulturam
1830 1355 1861 1416 ex

1926 2679 1977 3017 misericordia
1919 2412 1975 2646 hostium,
1929 2173 1979 2378 quorum
1916 1957 1958 2139 terram
1908 1647 1953 1924 vastaturus
1898 1502 1956 1611 fnit,
1910 1355 1959 1469 spe-

2007 2845 2057 3016 rantis.
2000 2484 2051 2779 Interficitur
2000 2290 2043 2452 autem
1989 1946 2053 2250 Eurystheus
1983 1747 2033 1911 invitis
1978 1490 2044 1711 quidem,
1972 1352 2020 1441 sed

2103 2920 2136 3017 non
2079 2484 2148 2868 improbantibus
2071 2029 2128 2436 Atheniensibus3
2079 1803 2129 1979 corpus
2058 1559 2114 1765 mortui,
2053 1352 2118 1515 proie-

2172 2880 2215 3014 ctum
2166 2786 2212 2846 ab
2162 2501 2216 2752 Alcmena,
2155 2414 2204 2468 hi
2150 2136 2203 2383 humaturi
2152 1982 2207 2112 sunt,
2144 1860 2193 1950 sed
2141 1703 2189 1834 nulla
2135 1497 2186 1681 facturi
2134 1348 2180 1477 iusta

2278 3301 2307 3336 q.
2278 3170 2291 3172 a
2243 2775 2294 3014 funebria.

2330 3170 2379 3172 3
2322 2743 2370 2880 Duae
2334 2629 2368 2710 res
2316 2479 2366 2595 huic
2312 2231 2363 2433 carmini
2309 1982 2364 2184 desunt,
2302 1756 2367 1933 quibus
2313 1585 2361 1708 quae
2298 1344 2342 1541 careant

2411 3170 2465 3172 ξ
2403 2796 2461 3010 fabulae„
2415 2676 2447 2760 eas
2402 2506 2445 2641 recte
2410 2417 2443 2470 se
2394 2200 2440 2383 habere
2391 1983 2449 2174 negant.
2382 1699 2431 1918 Primum
2376 1543 2423 1671 euim
2372 1343 2435 1517 exigua

2473 3170 2479 3171 ἵ
2478 2678 2544 3009 implicatione
2490 2480 2524 2644 rerum
2484 2152 2535 2444 progressus
2464 1832 2527 2119 impeditur,
2474 1636 2522 1782 quum
2453 1458 2501 1599 nullis
2466 1344 2497 1422 er—

2560 2781 2616 3007 roribus,
2555 2593 2602 2738 nullis
2552 2338 2599 2545 diversis
2547 2208 2595 2285 vel
2544 1906 2593 2158 contrariis
2546 1552 2603 1869 personarum
2528 1340 2578 1517 studiis

2654 2868 2688 3006 mora
2635 2738 2685 2835 ulla
2632 2342 2692 2704 difficultasque
2627 2056 2674 2308 inferatur.
2622 1832 2670 1985 Adest
2618 1665 2679 1797 virgo
2629 1541 2677 1630 pro
2608 1339 2656 1504 fratri-

2720 2910 2767 3004 bus
2714 2523 2774 2875 sororibusque
2709 2224 2762 2489 moritura,
2706 2028 2751 2171 adest
2715 1833 2749 1985 senex
2712 1712 2762 1801 pro
2692 1494 2757 1680 virgine
2686 1336 2735 1461 mori

2798 2781 2861 3000 cupiens,
2793 2606 2840 2745 adest
2806 2455 2837 2571 anus
2803 2330 2851 2419 pro
2801 2177 2833 2294 seue
2789 2090 2831 2141 et
2781 1888 2830 2055 liberis
2780 1705 2841 1849 caput
2770 1453 2837 1671 periculo
2766 1338 2813 1425 ob-

2879 2797 2932 3003 iectum,
2872 2620 2919 2761 adest
2869 2300 2916 2586 adolescens
2879 2174 2928 2263 pro
2863 2063 2909 2139 his
2858 1805 2907 2026 omnibus
2856 1733 2901 1779 in
2856 1458 2900 1705 certamen
2846 1335 2893 1434 siu-

2955 2830 3021 3001 gulare
2952 2443 3005 2795 descensuruS,
2946 2250 2991 2391 adest
2942 1996 3003 2205 denique
2953 1865 2985 1950 rex
2933 1522 2998 1830 populusque
2926 1334 2974 1488 Athe·

3032 2758 3083 3001 niensium
3045 2637 3093 2724 pro
3026 2354 3089 2601 hospitum
3023 2162 3069 2320 salute
3020 1961 3069 2139 bellum
3010 1464 3079 1931 periculosissimum
3018 1331 3050 1443 cum

3112 2775 3163 2999 hostibus
3106 2408 3156 2730 ferocissimis
3107 2020 3165 2355 suscepturus
3095 1822 3144 1952 Huic
3087 1480 3139 1789 incommodo
3082 1330 3130 1448 vici-

3208 2878 3240 2994 num
3192 2749 3236 2827 est
3187 2498 3234 2706 alterum
3184 2251 3240 2451 vitium,
3179 2067 3242 2199 quod
3175 1815 3224 2017 crimine
3169 1639 3217 1769 omni
3168 1426 3213 1596 vacant
3161 1327 3217 1380 ii,
3136 812 3235 839 ἓ

3270 2908 3334 2992 qui
3267 2732 3315 2874 malis
3269 2394 3328 2697 premuntur,
3261 2214 3307 2357 laude
3258 2053 3305 2180 omni
3253 1794 3302 2016 destituti
3253 1644 3297 1757 sunt
3247 1561 3303 1612 ii,
3243 1442 3307 1524 qui
3242 1328 3288 1399 in-
3214 792 3285 851 '²3³

3348 2842 3396 2991 iurias
3345 2587 3392 2807 inferunt
3377 2553 3399 2566 ,
3341 2388 3401 2516 quod
3340 2276 3386 2353 ius
3344 2096 3399 2240 atque
3332 1827 3382 2062 iniustitia
3336 1695 3377 1793 tam
3326 1511 3373 1657 certis
3319 1324 3369 1477 mani-
3290 789 3382 852 ἶ’;1’

3426 2747 3487 2989 festisque
3422 2535 3469 2713 finibus
3424 2272 3482 2498 separata
3421 2099 3471 2237 sunt,
3418 1993 3460 2045 ut
3411 1833 3459 1960 nulla
3424 1738 3455 1799 ex
3412 1564 3470 1705 parte
3400 1323 3448 1528 consun-
3324 810 3449 839 ll

3508 2784 3561 2987 dantur,
3502 2630 3549 2747 nihil
3499 2441 3556 2594 dubii,
3498 2282 3544 2404 nibil
3493 2036 3557 2247 ambigui
3491 1674 3551 2002 relinquatur,
3498 1512 3545 1636 quae
3477 1321 3525 1479 homi-

3602 2872 3634 2988 num
3597 2666 3631 2838 caussa
3594 2370 3640 2634 rerumque
3574 2122 3622 2334 conditio
3586 1927 3632 2087 neque
3565 1658 3613 1880 docendo
3574 1452 3622 1611 neque
3557 1318 3603 1405 de-
3591 849 3598 851 ,
3567 715 3582 721 2

3663 2757 3713 2986 lectando
3657 2483 3723 2688 perinde
3657 2258 3703 2431 idonea
3657 2120 3699 2195 est
3656 1934 3712 2078 atque
3660 1692 3707 1870 anceps
3642 1539 3699 1650 ina,
3634 1318 3698 1485 impli-
3611 850 3659 871 s
3602 811 3630 817 ⁴
3646 735 3649 738 ι

3750 2857 3802 2982 cata,
3741 2754 3788 2813 ad
3736 2335 3802 2724 cognoscendum
3730 1846 3789 2306 decernendumque
3723 1550 3771 1813 difficilior.
3718 1316 3777 1500 Quem-

3822 2722 3871 2983 admodum
3824 2511 3865 2672 autem
3817 2218 3879 2459 pictorum
3825 1983 3859 2181 munere
3807 1688 3867 1949 officioque
3817 1558 3848 1654 non
3797 1314 3859 1525 fungun-

3908 2898 3951 2982 tur
3901 2799 3959 2863 ii,
3898 2681 3962 2763 qui
3902 2480 3961 2645 spreta
3895 2197 3949 2444 colorum,
3905 2025 3951 2149 quae
3893 1912 3934 1987 est
3886 1832 3933 1879 in
3898 1632 3931 1797 rerum
3882 1399 3933 1586 natura,
3877 1312 3919 1363 et

3981 2746 4029 2982 varietate
3983 2671 4025 2723 et
3976 2284 4039 2650 temperatione,
3970 2120 4018 2247 nulla
3968 1882 4031 2092 partium
3964 1725 4011 1846 alius
3962 1643 4008 1690 in
3959 1477 4005 1617 aliam
3951 1310 4001 1444 tenui

4122 3286 4151 3304 Ὶ
4058 2696 4107 2978 discrimine
4054 2314 4103 2663 transeuntium
4049 1950 4105 2276 distinctione,
4044 1784 4092 1913 nulla
4048 1654 4089 1757 tum
4040 1310 4085 1627 obscurorum

4131 3274 4220 3334 ’.ζ’
4141 3172 4184 3177 f
4137 2587 4198 2978 illustriumque,
4140 2436 4182 2538 tum
4130 2072 4179 2386 eminentium
4123 1561 4187 2022 depressiornmque
4116 1307 4161 1527 locorum

4285 3280 4317 3311 m
4279 3171 4289 3177 ὅ
4216 2649 4274 2973 contentione,
4213 2510 4261 2614 solo
4212 2335 4276 2473 nigro
4210 2108 4271 2315 alboque
4206 1917 4252 2079 colore
4200 1658 4264 1893 imagines
4193 1307 4256 1634 distinguunt:

4318 3327 4321 3329 ’
4304 3273 4308 3276 ’
4292 3169 4353 3174 3.
4295 2904 4343 2972 ita
4309 2779 4344 2870 nec
4299 2486 4358 2747 poetarum
4305 2249 4341 2451 numero
4286 1962 4337 2215 habendus
4287 1849 4331 1928 est
4281 1742 4340 1817 is,
4277 1587 4341 1697 qui,
4275 1493 4322 1551 ab
4271 1304 4319 1458 altera

4385 3283 4406 3333 >>>>>

1876 3288 1906 3326 ms

2022 3288 2067 3336 {nr
