5010 3336
3974 2157 4031 2239 58

3836 1356 3880 1467 rent
3824 1492 3885 1705 exitum,
3821 1749 3870 1896 quam
3824 1932 3883 2316 contrariarum,
3834 2367 3882 2661 Aristoteles
3816 2695 3881 2805 ipse
3830 2837 3875 3047 testatur

3740 1358 3807 1425 (c.
3755 1462 3801 1540 13.
3739 1586 3804 1632 ἓ.
3754 1670 3801 1715 7.
3739 1750 3805 1841 8.)‚
3739 1895 3804 2128 idemque
3753 2163 3801 2287 dicit
3753 2335 3802 2455 vitio
3754 2502 3801 2668 datum
3752 2718 3784 2832 esse
3751 2875 3782 2902 a
3735 2938 3798 3046 qui-

3674 1354 3722 1561 busdam
3675 1597 3723 1780 criticis
3658 1816 3723 2065 Euripidi,
3657 2104 3721 2234 quod
3673 2270 3720 2320 in
3673 2356 3704 2435 res
3673 2472 3720 2705 adversas
3656 2742 3719 3049 miserasque

3595 1354 3644 1541 multae
3595 1586 3643 1691 eius
3577 1739 3641 2108 tragoediarum
3592 2144 3640 2429 desinerent
3578 2465 3640 2531 (c.
3593 2572 3638 2650 13.
3578 2689 3642 2741 ἓ.
3575 2778 3639 2868 6.).
3576 2941 3638 3049 Qua

3515 1352 3562 1402 in
3514 1436 3546 1491 re
3514 1543 3562 1723 mirum
3512 1767 3554 1844 est
3513 1888 3560 2120 contrarii
3512 2166 3559 2269 vitii
3510 2317 3557 2529 eundem
3512 2576 3542 2602 a
3497 2638 3558 2934 quibusdam
3510 2968 3542 3049 re-

3422 1354 3482 1657 centiorum,
3432 1700 3479 1954 hominum
3431 1987 3479 2272 socordium
3430 2306 3462 2398 nee
3431 2433 3478 2528 nisi
3415 2564 3477 2788 proxima
3415 2823 3462 3050 quaeque

3337 1351 3400 1754 respicientium,
3351 1800 3394 2085 accusatum
3338 2120 3383 2260 esse,
3350 2315 3392 2363 et
3334 2413 3381 2586 parum
3336 2634 3398 2883 abfuisse,
3334 2932 3397 3051 quin

3258 1350 3320 1636 corrupisse
3271 1673 3313 1725 et
3256 1772 3319 2179 pessumdedisse
3258 2225 3317 2349 ista,
3255 2399 3301 2543 quam
3254 2577 3322 2855 fingebant,
3269 2904 3301 3051 nova-

3192 1351 3240 1488 tione
3175 1521 3239 1826 tragoediam
3176 1861 3232 2168 argueretur.
3190 2240 3238 2453 Omnino
3190 2489 3233 2653 autem
3189 2688 3236 2767 vix
3188 2803 3236 2903 dici
3172 2939 3231 3051 pot-

3099 1353 3155 1458 est,
3096 1512 3153 1745 quantam
3110 1790 3142 2016 errorum
3109 2064 3157 2431 multitudinem
3110 2479 3157 2684 traxerit
3107 2728 3139 2855 unus
3097 2893 3141 3052 error,

3016 1352 3063 1452 quo
3031 1498 3079 1548 in
3030 1600 3061 1681 res
3027 1730 3076 1935 miseras
3014 1984 3076 2152 utique
3027 2190 3077 2551 deveniendum
3012 2585 3073 2814 personis
3012 2851 3074 3051 tragicis

2949 1351 2982 1465 esse
2948 1507 2995 1811 recentiores
2933 1847 2996 1992 vulgo
2947 2029 2995 2123 sibi
2931 2158 2989 2532 persuaserunt.
2946 2602 2995 2776 Latius
2930 2832 2994 3055 patuisse

2853 1351 2915 1637 tragoediae
2866 1683 2898 1864 nomen
2867 1910 2914 2233 manifestum
2854 2276 2908 2382 est,
2866 2447 2909 2502 ut
2865 2546 2897 2609 ne
2865 2655 2913 2881 hilaritas
2850 2942 2913 3052 qui-

2774 1351 2835 1484 dem,
2772 1520 2818 1614 qua
2771 1650 2819 1800 saepe
2785 1835 2834 1884 in
2786 1918 2832 2015 vita
2786 2050 2818 2131 res
2770 2168 2832 2387 quamvis
2786 2423 2819 2621 severas
2769 2647 2833 2953 interpellari
2786 2979 2833 3053 vi-

2696 1351 2753 1558 demus,
2705 1605 2752 1664 ab
2706 1710 2753 1842 illius
2706 1879 2748 2054 natura
2705 2087 2753 2244 aliena
2705 2279 2737 2392 esse
2705 2429 2752 2730 crederetur.
2691 2802 2752 3053 Quasdam

2625 1351 2672 1485 enim
2609 1534 2673 1817 tragoedias
2627 1852 2673 1901 in
2626 1937 2673 2100 locum
2610 2138 2671 2466 satyricorum
2626 2503 2673 2779 dramatum
2625 2817 2671 3052 substitu-

2544 1352 2586 1426 tas
2531 1463 2575 1602 esse,
2529 1641 2576 1765 quae
2545 1800 2593 2030 admixtis
2528 2066 2591 2246 lepidis
2545 2283 2592 2431 rebus
2545 2467 2592 2631 tristia
2546 2667 2576 2724 ac
2545 2761 2577 2931 severa
2545 2964 2592 3052 ha-

2462 1353 2510 1528 berent
2448 1558 2505 1847 temperata,
2462 1876 2509 1997 satis
2464 2025 2509 2118 iam
2464 2150 2511 2299 certis
2464 2328 2511 2637 documentis
2448 2654 2512 3054 probaripotest.

2366 1483 2430 1659 Neque
2367 1693 2429 1843 igitur
2382 1878 2413 2043 rerum
2367 2079 2414 2242 neque
2383 2279 2431 2632 sententiarum
2385 2683 2431 2762 vel
2383 2811 2430 2943 serie
2383 2977 2431 3055 vel

2300 1350 2343 1522 mutuo
2284 1567 2342 1799 respectu
2301 1846 2349 2066 dramata
2287 2115 2349 2414 singularum
2303 2474 2352 2857 didascaliarum
2287 2918 2351 3055 iungi

2219 1349 2266 1478 inter
2219 1515 2251 1569 se
2221 1605 2268 1774 solitas
2209 1811 2253 1955 esse,
2221 2005 2252 2066 ex
2212 2100 2268 2211 his,
2207 2261 2253 2386 quae
2223 2425 2271 2574 modo
2208 2612 2270 2886 disputavi,
2208 2933 2266 3055 puto

2122 1350 2187 1576 intelligi.
2124 1644 2189 1819 Neque
2141 1864 2183 2028 tamen
2126 2077 2188 2209 quod
2142 2255 2189 2540 necessario
2143 2591 2185 2639 et
2126 2684 2189 2828 vulgo
2143 2864 2190 3052 factum

2057 1352 2090 1466 esse
2043 1501 2091 1644 nego,
2059 1680 2107 1813 idem
2045 1850 2091 2060 unquam
2061 2098 2108 2282 factum
2060 2322 2092 2436 esse
2062 2470 2109 2547 vel
2062 2583 2110 2694 fieri
2046 2731 2110 2952 potuisse
2063 2980 2110 3053 in-

1976 1351 2024 1503 fitior.
1978 1574 2027 1699 Nam
1979 1738 2026 1780 si
1978 1816 2027 2158 delectationis
1980 2193 2027 2438 rationem
1964 2483 2023 2657 poetas
1966 2695 2030 2937 imprimis
1983 2974 2014 3054 se-

1895 1353 1938 1495 cutos
1898 1532 1929 1645 esse
1885 1679 1944 1805 dico,
1898 1842 1928 1938 non
1898 1971 1945 2200 utilitatis
1899 2234 1946 2473 rationem
1885 2510 1949 2787 neglectam
1902 2822 1949 2899 vel
1902 2937 1933 3053 con-

1814 1354 1862 1484 sulto
1800 1520 1859 1737 spretam
1817 1774 1848 1886 esse
1818 1931 1864 2195 contendo.
1805 2276 1866 2443 Quare
1821 2490 1868 2575 ubi
1821 2625 1868 2908 obferretnr
1822 2956 1869 3051 illis

1733 1352 1781 1558 materia
1729 1590 1784 1850 eiusmodi,
1724 1888 1770 2013 quae
1723 2046 1781 2309 utramque
1739 2342 1786 2537 laudem
1723 2574 1787 2802 coniungi
1725 2853 1785 3054 patere-

1641 1352 1694 1460 tur,
1655 1507 1699 1562 ut
1656 1610 1705 1951 consociandis
1658 1995 1706 2178 fabulis
1659 2226 1700 2276 et
1658 2310 1706 2523 iucunda
1659 2558 1706 2766 varietas
1660 2804 1704 2853 et
1660 2888 1692 3054 rerum

1556 1352 1622 1593 quaedam
1575 1642 1624 1940 continuatio
1577 1997 1625 2075 vel
1577 2135 1625 2491 sententiarum
1578 2546 1626 2741 utilium
1580 2787 1628 3055 declaratio

1482 1352 1539 1656 efficeretur,
1480 1696 1527 1958 quemnam
1480 1995 1539 2191 poetam
1496 2228 1545 2387 fuisse
1497 2415 1540 2514 tam
1498 2547 1546 2776 stolidum
1484 2802 1542 3052 putamus,

1408 1351 1452 1408 ut
1394 1442 1461 1859 opportunitatem
1415 1897 1464 2114 feliciter
1416 2149 1463 2362 oblatam
1417 2399 1464 2656 omitteret
1405 2690 1451 2851 neque
1420 2903 1468 3055 etiam

1310 1350 1377 1625 paullulum
1332 1663 1381 2003 delectationis
1334 2038 1382 2219 rationi
1336 2260 1384 2492 utilitatis
1338 2528 1386 2874 condonares}
1339 2954 1387 3055 Aut

1232 1352 1298 1748 quotiescunque
1253 1783 1295 1918 esset
1253 1951 1301 2160 facultas
1239 2197 1305 2525 componendi
1257 2559 1303 2784 dramata
1246 2820 1289 2906 ea,
1242 2945 1307 3053 qui-

1166 1351 1215 1447 bus
1170 1482 1218 1691 finitima
1173 1731 1220 1962 vitiorum
1159 2012 1220 2347 virtutumque
1160 2396 1224 2621 exempla
1166 2670 1224 3054 illustrarentur,

1070 1352 1134 1558 ipsaque
1090 1594 1139 1828 similium
1076 1864 1140 2273 dissimiliumque
1094 2309 1141 2652 coniunctione
1096 2675 1144 2938 utilissime
1097 2963 1145 3050 do-

995 1353 1055 1532 cendi,
994 1585 1042 1846 quemnam
995 1880 1053 2140 poetarum
1012 2176 1044 2272 non
1013 2307 1061 2489 fecisse
998 2523 1057 2754 putamus
1003 2789 1063 2867 id,
1002 2922 1065 3054 quod

926 1353 975 1434 vel
927 1467 976 1678 maxime
928 1714 973 1790 est
913 1820 972 2028 poetae,
930 2082 973 2135 ut
930 2170 963 2230 ex
932 2264 980 2471 adverso
917 2506 980 2679 positis
934 2715 981 2863 rebus
937 2899 985 3053 finiti-

846 1353 894 1451 mis
846 1484 891 1708 naturam
848 1744 881 1917 earum
832 1972 897 2127 magis
849 2180 897 2415 redderet
836 2467 902 2820 conspicuam?
841 2887 903 3055 Atque

765 1356 815 1601 eiusmodi
766 1636 816 1926 facultatem
752 1963 816 2254 saepissime
768 2288 818 2475 factam
769 2512 802 2625 esse
771 2660 820 2889 arbitror.
775 2927 824 3053 Nam
