5010 3336
1430 675 1440 678 Α

1403 684 1416 689 G

1371 684 1398 690 l

1302 684 1349 690 l

1084 682 1185 689 ᾺΝΘ.
1198 683 1240 688 α.-
1250 682 1264 689 ς

739 680 913 688 —rqu-x...
931 683 953 688 ,-
968 684 978 689 s
1000 684 1031 688 Ἰ,

575 618 588 630 “-
598 627 620 631 v,
628 619 716 632 ,ὶ,),κ

3750 2082 3806 2204 472

3599 1294 3659 1582 exponeret.
3614 1657 3663 1729 De
3597 1767 3646 1860 qua
3612 1895 3645 1950 re
3609 1985 3659 2109 haec
3607 2144 3657 2304 refert
3589 2339 3655 2597 Hyginus:
3587 2635 3652 2995 „Erichtlieus,

3534 1292 3583 1562 Pandionis
3523 1594 3583 1743 filius,
3530 1782 3581 1956 habuit
3530 1991 3579 2116 filias
3513 2144 3569 2373 quattuor
3510 2397 3575 2462 ²²²),
3510 2500 3556 2624 quae
3522 2647 3571 2775 inter
3521 2795 3553 2849 se
3520 2880 3552 2998 con-

3440 1292 3502 1549 iurarunt,
3454 1587 3501 1629 si
3452 1666 3483 1760 una
3450 1797 3483 1964 earum
3447 2002 3490 2211 mortem
3432 2252 3493 2471 obisset,
3442 2510 3487 2706 ceterae
3441 2744 3473 2798 se
3440 2835 3488 2997 inter-

3373 1293 3421 1521 ficerent.
3371 1593 3420 1645 In
3372 1684 3403 1741 eo
3354 1767 3413 1990 tempore
3351 2020 3415 2312 Eumolpus,
3348 2350 3413 2566 Neptuni
3351 2590 3410 2736 filius,
3359 2775 3409 2996 Athenas

3293 1291 3340 1425 venit
3275 1461 3331 2005 oppugnaturus,
3273 2059 3333 2189 quod
3269 2225 3331 2376 patris
3284 2429 3330 2501 sui
3282 2548 3326 2730 terram
3279 2780 3327 2996 Atticam

3213 1291 3262 1452 fuisse
3211 1488 3259 1695 diceret.
3210 1768 3257 1810 ls
3208 1847 3255 2003 victus
3207 2043 3238 2151 cum
3204 2191 3251 2409 exercitu
3204 2448 3235 2557 cum
3202 2598 3243 2731 esset
3199 2757 3248 2994 abAthe-

3131 1291 3180 1547 niensibus
3115 1595 3178 1922 interfectus„
3112 1970 3174 2257 Neptunus,
3124 2308 3155 2370 ne
3124 2416 3170 2505 filii
3122 2556 3169 2629 sui
3120 2676 3162 2834 morte
3121 2885 3168 2997 Eri-

3051 1293 3099 1503 chtlieus
3042 1530 3098 1812 laetaretur„
3033 1841 3093 2194 expostulavit,
3045 2222 3087 2272 ut
3044 2301 3091 2406 eius
3043 2433 3090 2532 filia
3025 2551 3089 2782 Neptuno
3040 2813 3087 2996 immo-

2968 1291 3020 1495 laretur.
2954 1568 3016 1737 Itaque
2969 1758 3016 2006 Chthonia
2967 2042 3014 2141 filia
2965 2180 2996 2288 cum
2963 2327 3005 2463 esset
2948 2492 3009 2756 immolata,
2959 2796 3001 2994 ceterae

2891 1289 2939 1391 fide
2890 1440 2937 1552 data
2889 1602 2920 1655 se
2872 1707 2936 1846 ipsae
2885 1893 2935 2301 interl'ecerunt.”
2882 2387 2929 2520 Idem
2880 2560 2912 2602 c.
2880 2650 2924 2773 238:
2867 2844 2926 2993 „Eri-

2799 1291 2859 1522 chtheus,
2808 1569 2857 1834 Pandionis
2795 1868 2854 2015 filius,
2804 2056 2854 2352 Chthoniam
2803 2388 2834 2448 ex
2800 2484 2847 2699 sortibus
2783 2724 2829 2812 pro
2797 2835 2845 2993 Athe-

2730 1288 2779 1545 niensibus
2709 1579 2778 1917 (immolavit);
2710 1941 2772 2157 reliquae
2707 2179 2770 2334 ipsius
2723 2362 2755 2557 sorores
2705 2577 2767 2713 ipsae
2719 2739 2750 2792 se
2703 2816 2748 2845 p
2718 2863 2748 2994 rae-

2635 1291 2699 1662 cipitaveru
2644 1681 2688 1794 nt.”
2630 1847 2693 2203 Apollodorus:
2641 2230 2692 2319 καὶ
2627 2346 2691 2646 σφάξαντος
2637 2676 2688 2844 αὐτοῦ
2620 2872 2688 2993 τὴν

2551 1288 2617 1639 νεωτάτην
2551 1675 2615 1775 **),
2564 1812 2615 1901 καὶ
2564 1940 2614 1995 αἱ
2561 2028 2612 2207 λοιπαὶ
2550 2246 2612 2436 ἑαυτὰς
2542 2471 2609 2839 κατέσφαξαν·
2556 2877 2608 2989 έπε-

2472 1288 2537 1511 ποίηντο
2469 1566 2535 1699 γάρ,
2473 1750 2533 1820 ὡς
2466 1865 2536 2071 ἔφασαν
2466 2122 2511 2283 τινες,
2463 2339 2526 2683 συνωμοσίαν
2458 2743 2525 2991 ἀλλήλαις

2402 1288 2455 1703 συναπολέσθαι.
2382 1790 2449 2181 Γενομένης
2396 2218 2448 2285 δὲ
2381 2332 2447 2494 μετὰ
2377 2545 2443 2821 σφαγὴν
2376 2874 2440 2991 τῆς

2308 1286 2373 1535 μα’χης,
2304 1567 2375 1934 Ἐρεχθεὺς
2303 1970 2368 2089 μὲν
2313 2138 2365 2417 ἀνεῖλεν
2297 2454 2360 2835 Εὔμολπον
2310 2881 2358 2990 κτλ.

2240 1285 2291 1582 Accuratius
2229 1619 2285 1762 haec,
2222 1802 2268 1943 quam
2221 1972 2267 2098 quae
2217 2135 2281 2568 retulitllyginus,
2231 2608 2262 2715 cum
2215 2735 2278 2991 Euripidis

2160 1286 2210 1514 dramate
2142 1551 2190 1842 congruere,
2155 1880 2197 2158 ceterorum
2140 2197 2199 2509 testimonia,
2135 2551 2181 2677 quae
2135 2716 2181 2862 supra
2134 2901 2182 2989 po-

2068 1287 2129 1496 suimus,
2077 1533 2124 1819 ostendunt.
2061 1888 2123 2062 Neque
2075 2098 2121 2218 illud
2073 2257 2103 2425 verum
2060 2466 2113 2559 est,
2056 2598 2117 2728 quod
2054 2758 2117 2990 Neptuno

2000 1284 2050 1539 victimam
1999 1577 2045 1659 ille
1998 1698 2044 1911 oblatam
1997 1951 2028 2063 esse
1984 2101 2043 2243 dicit,
1995 2298 2042 2385 sed
1993 2436 2039 2621 rectius
1975 2661 2039 2990 Proserpinae,

1922 1289 1955 1489 caesam
1920 1529 1951 1643 esse
1918 1681 1967 1972 Demaratus
1901 2011 1963 2141 apud
1915 2181 1963 2490 Clementem
1913 2528 1960 2667 Alex.
1896 2702 1942 2751 p.
1899 2790 1956 2870 12,
1909 2907 1955 2986 38.

1832 1284 1887 1519 testatur,
1842 1557 1888 1606 id
1825 1645 1885 1776 quod
1838 1814 1884 1965 etiam
1836 2003 1868 2182 nomen
1820 2216 1882 2434 virginis,
1819 2474 1864 2599 quae
1832 2618 1879 2869 immolata
1822 2894 1872 2986 est,

1746 1289 1810 1567 significare
1758 1603 1806 1825 videtur:
1741 1854 1811 2137 Ἐρεχθεὺς
1754 2174 1806 2231 δὲ
1753 2268 1804 2297 ὁ
1742 2326 1809 2555 Ἀττικὸς
1750 2589 1804 2678 καὶ
1737 2708 1800 2924 Μοίριος
1748 2961 1800 2990 ὁ

1665 1276 1739 1537 Ῥωμαῖος
1668 1572 1729 1664 τὰς
1676 1701 1727 1879 αὐτῶν
1657 1915 1726 2186 έθυσατην
1656 2207 1723 2529 θυγατέρας,
1670 2572 1731 2660 ὧν
1669 2697 1721 2726 ὁ
1654 2760 1719 2878 μὲν
1651 2911 1713 2986 τῇ

1581 1285 1649 1716 Φερεφαττῃ,
1584 1770 1646 1856 ὡς
1577 1892 1642 2316 Δημάρατος
1589 2364 1643 2430 έν
1573 2475 1638 2703 πρώτῃ
1568 2740 1620 2986 τραγῳ-

1502 1282 1570 1672 δουμένων,
1514 1711 1565 1740 ὁ
1513 1778 1565 1834 δὲ
1502 1868 1558 1980 τοῖς
1495 2010 1561 2407 ἀποτροπαίοις.
1508 2457 1557 2750 Chthoniam
1491 2780 1550 2987 repente

1422 1279 1487 1665 imprudentem,
1432 1694 1481 1920 obscuris
1416 1950 1478 2242 quibusdam
1428 2266 1475 2429 verbis
1428 2456 1470 2569 ante
1426 2599 1476 2985 immolationem

1342 1278 1405 1436 ipsam
1341 1476 1403 1652 dictis,
1337 1690 1383 1838 quum
1336 1875 1397 2015 quasi
1349 2049 1396 2271 ministra
1348 2308 1379 2559 sacrorum
1348 2597 1394 2657 ad
1347 2696 1378 2828 aram
1346 2868 1379 2984 con-

1265 1281 1323 1512 stitisset,
1257 1551 1315 1797 arreptam
1272 1834 1302 1861 a
1254 1897 1314 2040 patre
1269 2078 1311 2128 et
1253 2165 1300 2255 pro
1267 2291 1315 2492 victima
1267 2536 1313 2747 occisam
1266 2784 1298 2898 esse
1266 2935 1310 2987 et

1195 1282 1227 1343 ex
1193 1379 1240 1542 verbis
1180 1582 1224 1769 eorum,
1176 1808 1237 1890 qui
1190 1928 1237 1990 de
1172 2025 1229 2316 argumento
1186 2353 1234 2549 fabulae
1173 2587 1234 2891 retulerunt,
1185 2936 1229 2986 et

1115 1280 1147 1342 ex
1098 1389 1161 1577 antiqui
1111 1628 1159 1880 cuiusdam
1107 1931 1153 2238 monumenti
1088 2294 1154 2477 lapidei
1108 2524 1155 2799 simulacris
1105 2847 1150 2985 recte

1034 1278 1083 1576 Welckerus
1018 1615 1081 1788 (quem
1030 1824 1077 1938 vide
1013 1974 1058 2021 p.
1025 2049 1073 2158 721.
1027 2199 1075 2261 de
1026 2297 1073 2389 hac
1027 2414 1057 2469 re
1010 2502 1077 2852 disserentem)
1027 2882 1074 2983 col-

939 1276 1002 1462 legisse
953 1496 1000 1705 videtur.
947 1777 998 2166 immolationem
945 2203 992 2434 continuo
931 2479 978 2642 pugna
932 2678 988 2827 atque
928 2864 994 2983 suga

873 1274 922 1495 hostium
872 1560 915 1735 secuta
869 1792 911 1884 est.
864 1968 915 2275 Cedentibus
865 2326 914 2553 hostibus
850 2615 914 2982 interfectoque

776 1276 842 1544 Eumolpo,
788 1583 838 1800 necdum
787 1826 836 1964 finito
771 1992 833 2200 proelio,
784 2235 832 2433 nuntius
773 2469 835 2636 rediit,
771 2672 832 2891 reginam
784 2917 831 2981 de

610 1330 664 1378 ³¹³²)
621 1409 663 1594 Rectius
618 1625 662 1807 dixisset
607 1839 658 1993 tres3
616 2025 658 2083 cf.
615 2115 658 2289 Welck.
604 2322 644 2367 P·
618 2398 661 2483 722
604 2512 646 2603 seq·

538 1301 594 1379 »ψ’-«11)
547 1412 591 1683 Demaratus
547 1714 588 1744 1.
547 1774 588 1806 1.
534 1839 592 1925 τὴν
531 1954 588 2392 πρεσβυτάτην·

1078 3180 1262 3188 *eq—⁷
