5010 3336
2311 3221 2337 3280 ’,1Ἶῖιῖ-

2147 3145 2271 3152 m

1047 2112 1101 2215 131

1199 2879 1242 2990 runt
1197 2799 1241 2847 et
1193 2528 1240 2766 criminati
1197 2374 1238 2483 sunt
1205 2258 1247 2339 ea,
1203 2088 1249 2212 quae
1193 1840 1235 2054 veterum
1187 1519 1248 1806 scriptorum
1199 1344 1233 1485 nemo

1288 2783 1334 2991 unquam
1271 2620 1318 2736 vitio
1272 2338 1317 2559 verterat.
1266 2179 1313 2254 Ad
1265 1777 1328 2122 philosophum
1265 1602 1311 1726 enim
1263 1343 1326 1557 pertinet

1349 2759 1412 2991 quidquid
1350 2668 1396 2725 ab
1348 2554 1395 2635 illo
1345 2175 1409 2519 reprehensum
1347 2041 1401 2138 est,
1342 1876 1389 1995 nihil
1343 1589 1404 1841 quicquam
1342 1495 1389 1556 ad
1357 1345 1406 1462 poe-

1434 2862 1487 2993 tam,
1429 2723 1476 2813 nisi
1428 2564 1474 2689 forte
1426 2261 1485 2531 ubIcunque
1426 2130 1469 2212 aut
1421 1944 1468 2080 illum
1424 1806 1466 1887 aut
1420 1480 1482 1772 Sophoclem
1426 1340 1470 1424 aut

1507 2696 1568 2989 Aeschylum
1503 2492 1551 2661 comici
1507 2284 1564 2459 poetae
1500 2078 1547 2251 imitati
1504 1909 1554 2043 sunt,
1499 1827 1544 1872 in
1498 1570 1545 1793 ridiculas
1514 1456 1546 1537 res
1515 1342 1547 1421 se-

1601 2853 1633 2991 veras
1582 2478 1639 2817 convertendo,
1580 2351 1626 2445 hoc
1580 2270 1627 2317 in
1578 1895 1626 2234 contumeliam
1577 1681 1623 1873 illorum
1576 1477 1623 1657 sactum
1593 1339 1626 1450 esse

1663 2698 1710 2990 credendum
1664 2561 1707 2651 est.
1658 2330 1718 2479 Quasi
1673 2193 1705 2286 non
1657 2024 1703 2146 haee
1656 1877 1717 1979 ipsa
1654 1633 1700 1831 imitatio
1656 1340 1717 1587 dignitatis

1741 2629 1801 2990 venustatisque
1737 2331 1783 2593 carminum
1734 1973 1781 2293 certissimum
1734 1596 1779 1938 documentum
1733 1470 1780 1560 sit!

1818 2586 1881 2855 Opinantur
1814 2413 1876 2552 vulgo
1813 2112 1875 2362 disciplina
1810 1847 1858 2060 Socratis
1811 1540 1858 1811 institutum
1812 1445 1859 1506 ad
1812 1340 1860 1413 fa-

1897 2854 1945 2991 bulas
1893 2543 1942 2819 scribendas
1908 2453 1939 2507 se
1891 2136 1954 2419 Euripidem
1890 1798 1948 2088 contulisse,
1890 1671 1951 1749 qui
1905 1486 1937 1623 error
1890 1337 1953 1444 ipsa

1990 2762 2023 2990 annorum
1971 2367 2033 2718 computatione
1970 2111 2031 2325 arguitur
1966 2020 2030 2085 *).
1967 1694 2015 1949 Sexdecim
1968 1519 2015 1647 enim
1970 1337 2018 1474 annis

2054 2841 2101 2991 maior
2056 2696 2099 2809 natu
2049 2403 2113 2662 Euripides
2048 2276 2095 2371 iam
2048 1973 2109 2241 tragoedias
2061 1658 2108 1948 componere
2047 1469 2110 1630 coepit
2064 1338 2111 1431 quo

2138 2768 2193 2989 tempore
2128 2498 2177 2722 Socrates
2131 2306 2175 2447 natus
2131 2169 2174 2262 est.
2125 1840 2173 2102 Praeterea
2130 1638 2171 1807 natura
2126 1503 2188 1605 ipsa
2127 1338 2175 1469 fere-

2211 2908 2259 2992 bat
2208 2717 2271 2851 prius
2208 2441 2254 2664 fictarum
2220 2081 2269 2395 personarum
2204 1659 2267 2010 exemplaribus
2211 1336 2268 1598 praecepta

2286 2591 2352 2992 philosophorum
2284 2200 2342 2548 demonstrari,
2298 2013 2344 2152 quam
2284 1915 2330 1963 in
2283 1728 2329 1872 vitam
2282 1334 2345 1682 veritatemque

2364 2752 2422 2986 conferri,
2365 2504 2411 2714 moribus
2365 2409 2411 2469 ad
2364 2296 2409 2375 illa
2361 1931 2409 2260 conformatis.
2360 1802 2407 1866 Et
2361 1548 2423 1768 discipuli
2363 1336 2423 1515 potiuS‚

2458 2846 2505 2986 quam
2442 2571 2500 2811 doctoris,
2442 2366 2488 2522 locum
2441 2198 2487 2329 illum
2440 2037 2501 2161 apud
2438 1702 2501 1984 Euripidem
2439 1438 2487 1657 tenuisse
2456 1333 2488 1391 ea

2523 2880 2583 2987 ipsa
2520 2547 2578 2832 ostendunt,
2535 2379 2580 2501 quae
2520 2270 2565 2330 de
2522 2058 2563 2223 mutuo
2533 1850 2563 2016 eorum
2517 1646 2563 1803 studio
2522 1333 2566 1599 narrantur.

2598 2765 2647 2984 Tradunt
2598 2434 2660 2715 Euripidem
2597 2145 2658 2383 quondam
2595 1904 2642 2094 Socrati
2595 1604 2657 1860 legendum
2595 1332 2644 1567 Heracliti

2677 2702 2741 2983 opusculum
2676 2470 2723 2666 dedisse
2691 2381 2721 2437 ac
2679 2178 2736 2346 postea
2688 1948 2735 2144 rogasse
2710 1913 2731 1925 7
2672 1720 2733 1860 quale
2673 1642 2719 1686 ei
2673 1332 2722 1609 videretur:

2756 2851 2804 2986 illum
2754 2481 2817 2818 respondisse,
2770 2369 2810 2443 ea,
2768 2213 2814 2335 quae
2752 1856 2809 2193 intellexisset,
2752 1624 2814 1819 egregia
2767 1480 2811 1605 esse,
2768 1332 2816 1445 spe-

2849 2876 2881 2985 rare
2849 2788 2880 2842 se
2834 2640 2879 2756 item
2848 2482 2894 2603 quae
2832 2300 2878 2454 minus
2830 1944 2878 2261 intellexisset
2826 1835 2890 1927 **).
2828 1605 2889 1765 Quum
2832 1330 2880 1576 rarissime

2913 2756 2960 2983 Socrates
2912 2678 2958 2724 in
2911 2403 2958 2644 theatrum
2911 2167 2970 2370 veniret,
2916 1974 2956 2134 tamen
2921 1697 2968 1938 nunquam
2907 1505 2956 1661 abfuit
2909 1330 2958 1477 Euri-

2991 2870 3055 2986 pide
2990 2705 3037 2835 novis
2989 2408 3052 2671 tragoediis
2993 2133 3047 2374 certante,
2986 1967 3049 2081 quin
2986 1789 3032 1934 etiam
2986 1706 3033 1754 in
2986 1451 3036 1673 Piraeum
2989 1330 3037 1417 de-

3069 2691 3128 2981 scendebat,
3068 2254 3130 2633 quotiescunque
3066 2061 3113 2204 huius
3064 1934 3110 1999 ibi
3064 1670 3111 1884 dramata
3071 1329 3129 1619 spectaren-

3154 2903 3196 2983 tur
3145 2755 3208 2882 ***).
3146 2523 3207 2683 Quum
3148 2266 3195 2489 Orestem
3145 2022 3192 2231 fabulam
3142 1730 3205 1986 Euripides
3144 1466 3204 1694 doceret,
3145 1327 3194 1411 ille

3226 2798 3289 2981 primos
3228 2651 3271 2751 tres
3241 2440 3273 2607 versus
3238 2140 3271 2395 revocasse
3220 1930 3269 2106 dicitur
3216 1755 3282 1903 ****).
3222 1440 3286 1686 Euripidis
3238 1330 3272 1407 sa—

3419 2870 3473 2915 *)
3420 2705 3460 2842 Recte
3419 2499 3459 2677 Barnes
3416 2424 3455 2466 in
3414 2311 3454 2401 vitu
3410 2043 3465 2289 Eur.§.13:
3410 1852 3460 2012 „Haud
3408 1675 3459 1824 bene,57
3408 1494 3461 1645 inquit,
3415 1328 3461 1467 „tem-

3502 2686 3542 2842 porum
3485 2456 3527 2645 rationes
3481 2142 3522 2413 considerant
3478 2026 3530 2097 qui
3478 1771 3518 1998 Socratem
3477 1521 3530 1741 Euripidis
3478 1450 3518 1495 in
3493 1326 3520 1422 mo—

3557 2677 3599 2843 ralibus
3554 2391 3609 2649 magistrum
3551 2118 3591 2353 affirmant.
3547 1884 3586 2061 Videtur
3545 1707 3598 1846 potius
3546 1643 3585 1679 is
3562 1563 3587 1614 ex
3548 1323 3601 1534 Euripide

3629 2704 3668 2841 multa
3624 2454 3674 2677 hausisse,
3635 2282 3674 2410 quem
3623 2209 3660 2250 et
3618 2069 3671 2180 apud
3617 1809 3657 2037 Platonem
3615 1662 3655 1779 haud
3628 1534 3657 1634 raro
3617 1323 3659 1504 laudare

3692 2458 3750 2838 deprehenditur-‚⁷³

3766 2866 3819 2929 *Ἴ
3764 2622 3806 2837 Heracliti
3764 2444 3813 2593 libros,
3760 2370 3801 2413 iu
3758 2173 3799 2340 Dianae
3755 1982 3807 2144 templo
3754 1895 3794 1949 ab
3753 1770 3806 1863 ipso
3754 1434 3806 1732 absconditos,
3754 1323 3794 1390 in-

3833 2667 3876 2836 venisse
3831 2388 3885 2617 Euripides
3828 2186 3868 2341 dicitur
3829 2103 3865 2143 et
3824 1810 3875 2057 frequenter
3825 1558 3875 1769 templum
3823 1322 3864 1519 adeundo

3904 2743 3944 2836 fere
3903 2521 3957 2714 integros
3898 2306 3953 2490 repetita
3895 2086 3938 2269 lectione
3892 1809 3933 2048 memor-Iac
3893 1534 3933 1779 mandasse.
3891 1321 3931 1477 Refert

3972 2626 4013 2837 Tatianus
3972 2555 4012 2598 in
3974 2418 4011 2524 orat.
3968 2323 4010 2377 ad
3967 2105 4013 2283 Graec„
3977 1940 4016 2068 quem.
3962 1702 4005 1897 laudavit
3960 1422 4011 1665 Wid0b1u·g
3960 1324 3997 1375 dv

4041 2725 4095 2835 phil.
4043 2589 4081 2693 Eur.
4054 2452 4081 2559 mor.
4055 2375 4092 2418 p.
4039 2307 4078 2347 (i.

4112 2872 4164 2960 ***)
4111 2714 4165 2843 Diog.
4110 2539 4151 2684 Laert.
4110 2452 4159 2507 ΙΙ,
4108 2381 4159 2421 5,
4107 2299 4151 2353 71,
4104 2105 4145 2269 Aeliani.
4102 2041 4139 2070 V
4103 1941 4140 1994 H.
4101 1858 4143 1908 ll„
4100 1757 4137 1816 13.

4181 2858 4233 2969 ****)
4181 2740 4222 2829 Cic.
4180 2580 4221 2707 Tuan,
4178 2479 4229 2547 lv,
4175 2383 4216 2451 25).
