5010 3336
944 2128 996 2206 39

1199 2883 1233 2990 rare
1180 2688 1239 2825 sore,
1180 2586 1223 2641 ut
1186 2413 1236 2536 quae
1170 2273 1230 2379 ipse
1181 2178 1213 2239 ex
1163 1941 1211 2143 materia
1160 1799 1207 1908 rudi
1155 1465 1213 1765 conformet,
1167 1336 1199 1419 ve-

1266 2797 1311 2991 nustate
1262 2714 1306 2762 et
1248 2322 1317 2681 magnificentia
1242 1997 1293 2290 antecellant
1240 1878 1299 1965 iis,
1254 1720 1301 1843 quae
1231 1442 1283 1685 communi
1230 1338 1279 1407 vi—

1357 2826 1390 2990 rorum
1337 2664 1386 2783 artis
1333 2351 1396 2617 peritorum
1340 2159 1389 2306 opera
1320 1925 1370 2115 exculta
1321 1827 1365 1877 et
1316 1648 1379 1783 quasi
1312 1331 1361 1606 hereditate

1424 2786 1483 2989 accepta
1416 2678 1464 2751 sui
1410 2465 1474 2645 ingenii
1406 2251 1454 2434 viribus
1409 2044 1465 2217 augeat
1395 1649 1457 1999 cumuletque‘z
1392 1491 1439 1583 nisi
1390 1332 1437 1463 forte

1495 2644 1564 2990 splendidioris
1488 2426 1554 2606 ingenii
1500 2280 1533 2391 esse
1489 2016 1547 2242 putamus
1490 1704 1541 1976 proponere
1488 1507 1519 1674 manca
1475 1329 1531 1474 atque

1578 2747 1634 2989 inchoata,
1586 2584 1635 2724 quam
1580 2224 1616 2561 consummare
1567 2150 1610 2197 et
1559 1862 1609 2138 venustiora
1553 1632 1601 1840 reddere
1566 1488 1613 1611 qnae
1564 1329 1611 1472 prae*

1656 2808 1705 2986 stantia
1651 2600 1700 2777 tradita
1649 2471 1696 2566 sint
1662 2410 1693 2437 a
1642 2094 1708 2377 prioribus‘?
1637 1903 1685 2029 Nolo
1639 1705 1682 1868 tamen
1632 1551 1679 1673 haec
1628 1444 1676 1516 sic
1626 1326 1673 1404 in-

1735 2804 1797 2985 telligi,
1730 2616 1793 2753 quasi
1726 2374 1793 2571 propria
1722 2090 1780 2332 invenire,
1716 1787 1779 2043 acquirere
1726 1621 1759 1743 nova
1714 1536 1756 1586 et
1721 1323 1771 1503 augere

1813 2796 1862 2985 divitias
1822 2478 1858 2761 communes
1819 2336 1854 2430 non
1801 2156 1850 2287 laudi
1801 1913 1847 2111 ductum
1808 1753 1841 1863 esse
1789 1466 1845 1704 arbitrer3
1784 1322 1832 1410 sed

1909 2889 1942 2985 non
1894 2624 1954 2854 quantum
1888 2540 1935 2590 in
1899 2314 1948 2507 quoque
1896 2129 1945 2281 opere
1878 1959 1936 2096 novi,
1873 1821 1923 1910 sed
1873 1559 1934 1787 quantum
1862 1321 1928 1523 egregii,

1972 2828 2043 2985 pulcri
1968 2565 2030 2787 rectique
1966 2358 2022 2520 esset,
1963 2025 2023 2301 spectatum
1970 1857 2004 1968 esse
1947 1544 1999 1803 contendo.
1943 1319 1991 1448 Satis

2054 2819 2101 2983 antem
2047 2579 2097 2785 multum
2041 2344 2107 2533 proprii
2037 1992 2104 2310 proposuisse
2032 1673 2090 1948 videbatur,
2028 1582 2074 1624 si
2024 1441 2088 1548 quis
2020 1318 2070 1396 vel

2131 2853 2195 2982 epici
2126 2593 2177 2818 carminis
2128 2370 2187 2558 partem
2121 2289 2169 2339 in
2119 2087 2167 2255 drama
2116 1982 2164 2054 sic
2114 1687 2168 1949 mutasset,
2110 1583 2155 1637 ut
2105 1318 2168 1539 gignere-

2215 2898 2259 2981 tur
2223 2752 2273 2873 opus
2204 2518 2255 2727 theatris
2206 2305 2267 2489 aptum,
2196 2021 2248 2271 docendae
2191 1635 2250 1998 movendaeque
2180 1314 2233 1612 multitudini

2291 2723 2346 2980 idoneum,
2300 2580 2348 2674 quo
2298 2452 2331 2534 res
2295 2256 2343 2400 quam
2278 2097 2325 2206 fieri
2276 1882 2339 2054 posset
2268 1631 2317 1840 maxime
2266 1313 2327 1599 praesentes

2369 2614 2423 2977 exhiberentur,
2361 2363 2424 2581 partibus
2359 2200 2406 2328 inter
2373 2112 2404 2166 se
2348 1661 2402 2078 consentientibus
2348 1577 2392 1626 et
2342 1491 2390 1552 ad
2354 1311 2388 1463 unum

2445 2732 2511 2976 quoddam
2440 2428 2489 2684 consilium
2436 1964 2498 2377 conspirantibus,
2434 1820 2476 1902 aut
2427 1721 2473 1763 si
2425 1570 2487 1675 quis
2421 1309 2468 1524 dramata

2527 2759 2589 2976 priorum
2521 2425 2582 2722 scriptorum
2517 2082 2563 2391 immutasset
2513 1952 2570 2046 sic,
2512 1836 2567 1917 ut,
2508 1752 2554 1801 in
2504 1611 2551 1720 aliis
2500 1455 2549 1576 locis
2512 1308 2560 1421 per-

2605 2718 2665 2972 sonisque,
2603 2536 2660 2682 atque
2596 2413 2652 2501 illi,
2598 2131 2642 2376 momenta
2604 1919 2638 2084 rerum
2598 1652 2649 1873 ponens,
2595 1488 2629 1605 suae
2591 1308 2624 1443 men*

2686 2910 2733 2973 tis
2682 2566 2730 2864 voluntatem
2674 2204 2739 2531 significasset
2668 1874 2734 2156 propriique
2661 1649 2726 1829 ingenii
2661 1480 2723 1616 signa
2671 1306 2718 1445 argu-

2763 2793 2813 2971 mentis
2756 2399 2824 2747 impressisset.
2751 2119 2801 2304 Sumsit
2745 1809 2810 2073 Euripides
2741 1504 2791 1756 materiam
2750 1302 2799 1459 paene

2842 2738 2900 2969 omnium,
2853 2575 2902 2700 quae
2834 2341 2883 2546 inveniri
2834 2066 2897 2309 poterant,
2829 1815 2875 2025 tractatu
2819 1433 2870 1775 difficillimam
2818 1353 2863 1404 et
2830 1301 2861 1328 a
2812 716 2816 717 ’

2921 2787 2970 2966 Graeci
2917 2555 2967 2738 theatri
2915 2332 2978 2521 legibus
2910 1958 2971 2299 institutisque
2904 1709 2951 1915 maxime
2899 1300 2953 1662 abhorrentem,
2866 703 2895 717 '⁴

3002 2782 3065 2966 quippe
3014 2624 3062 2747 quae
3011 2423 3059 2581 neque
2994 2327 3040 2377 in
2991 2141 3041 2283 unius
2986 1848 3037 2092 exercitus
2980 1600 3041 1801 castris,
2990 1389 3040 1550 neque
2973 1297 3019 1346 in

3115 3290 3117 3293 <
3096 2870 3130 2965 uno
3079 2566 3128 2834 eorundem
3080 2261 3123 2531 castrorum
3071 2101 3126 2225 loco,
3068 1976 3115 2063 sed
3063 1794 3113 1941 simul
3061 1713 3110 1764 in
3061 1499 3108 1687 duobus
3052 1297 3103 1470 castris

3175 2694 3221 2962 eorumque
3154 2383 3204 2646 intervallis
3156 2281 3200 2331 et
3151 2186 3197 2234 in
3148 1919 3195 2138 omnibus
3141 1604 3191 1870 eorundem
3140 1294 3185 1569 castrorum

3248 3248 3276 3298 ³¹³·
3240 2841 3287 2961 locis
3242 2551 3298 2794 ageretur.
3233 2349 3280 2473 Tam
3229 2038 3291 2296 dissipatas
3241 1914 3273 1995 res
3223 1806 3270 1867 ad
3221 1664 3269 1759 loci
3215 1292 3279 1623 temporisque

3328 3248 3359 3304 nn:
3316 2597 3380 2957 simplicitatem
3317 2223 3371 2539 actorumque
3307 1886 3370 2177 paucitatem
3302 1747 3348 1817 sic
3296 1420 3351 1693 revocavit,
3294 1293 3346 1362 ut,
3317 672 3347 686 ,ἶ
3312 626 3324 636 .

3413 2809 3462 2958 quum
3394 2656 3443 2776 nihil
3409 2596 3440 2622 a
3392 2347 3456 2563 priorum
3390 2059 3451 2310 poetarum
3397 1888 3430 2024 more
3384 1804 3427 1853 et
3375 1412 3426 1759 consuetudine
3385 1291 3417 1368 rea

3476 2740 3536 2954 cederet,
3479 2542 3522 2705 tamen
3468 2200 3534 2507 gravissimas
3477 1946 3527 2165 quasque
3474 1832 3506 1914 res
3472 1634 3505 1796 coram
3454 1523 3515 1599 agi
3452 1290 3509 1493 faceret,

3561 2903 3606 2955 et
3571 2746 3621 2868 quae
3554 2551 3602 2712 minus
3552 2287 3614 2516 poterant
3545 2086 3594 2240 oculis
3544 1710 3604 2044 spectatorum
3529 1287 3597 1660 repraesentari,
3545 655 3566 676 A.

3635 2735 3704 2955 perinde,
3650 2643 3681 2698 ac
3633 2566 3681 2608 si
3632 2248 3695 2533 praesentes
3626 1855 3690 2212 spectarentur,
3617 1759 3666 1820 ad
3628 1557 3665 1730 sensus
3612 1286 3677 1534 spectato-
3587 680 3592 682 ¹

3734 2844 3766 2953 rum
3718 2537 3779 2812 penetrare.
3710 2344 3759 2469 Nam
3707 2203 3770 2308 quis
3719 2072 3752 2168 non
3704 1991 3751 2040 in
3718 1900 3749 1957 ea
3695 1633 3749 1866 dramatis
3698 1428 3759 1598 parte,
3704 1282 3751 1376 qua

3797 2695 3846 2950 universus
3793 2338 3841 2659 Troianorum
3786 2058 3835 2302 exercitus
3796 1827 3830 2024 rumore
3778 1716 3825 1779 de
3768 1282 3839 1669 speculatoribus

3894 3250 3917 3307 ·'¹-
3896 3011 3901 3015 ¹
3876 2644 3924 2946 Graecorum
3871 2364 3934 2608 divulgato
3864 1989 3931 2331 perturbatur,
3874 1784 3909 1953 omnes
3861 1478 3904 1748 castrorum
3851 1280 3913 1445 partes

3955 2793 4004 2946 oculis
3954 2534 4011 2759 lustrare,
3949 2436 3997 2497 εἰ
3948 2180 3997 2401 omnibus
3943 1888 4005 2144 strepitum
3937 1655 3997 1853 audire,
3932 1404 3982 1619 omnium
3927 1279 3975 1370 mi-
3951 798 3969 804 .

4036 2808 4083 2946 litum
4032 2387 4096 2761 trepidationem
4024 2054 4087 2339 conspicere
4020 1916 4069 2009 sibi
4018 1647 4071 1873 videtur,
4029 1483 4061 1594 cum
4015 1275 4056 1441 tamen

4114 2720 4177 2943 exiguam
4115 2402 4161 2673 castrorum
4109 2166 4171 2355 partem
4104 2060 4152 2120 ob
4096 1847 4149 2014 oculos
4095 1583 4160 1792 positam
4087 1274 4152 1547 conspiciat

1141 3290 1167 3328 ‚22
862 3156 1252 3163 1
1106 2778 1154 2993 tabatur:
1104 2662 1146 2713 et
1094 2429 1144 2605 merito
1090 2173 1153 2383 quidem.
1087 2020 1132 2094 An
1082 1800 1145 1961 potest
1077 1501 1139 1752 quisquam
1088 1340 1136 1450 spe—

1253 3158 1298 3162 l

1313 3158 1380 3162 ἔ
