5010 3336
966 2134 1018 2209 41

1105 2710 1154 2996 illustranda
1112 2531 1167 2666 sunt;
1122 2328 1169 2483 neque
1108 2071 1156 2277 eundem
1125 1849 1156 2011 rerum
1110 1585 1158 1802 ordinem
1125 1344 1159 1538 servare

1184 2878 1232 2996 licet
1187 2783 1242 2841 ei,
1186 2663 1248 2744 qui
1203 2526 1234 2629 rem
1188 2288 1249 2490 aliquam
1191 1945 1250 2252 praesentem
1190 1834 1250 1910 agi
1191 1614 1254 1801 fingens
1206 1488 1238 1582 non
1196 1344 1254 1453 pot-

1268 2920 1310 2995 est
1265 2783 1311 2877 nisi
1270 2553 1329 2739 partem
1266 2417 1312 2519 eius
1267 2070 1327 2381 spectandam
1266 1773 1328 2032 exhibere,
1275 1591 1332 1737 atque
1270 1515 1317 1558 is
1305 1479 1327 1493 ,
1271 1344 1333 1425 qui

1347 2807 1404 2996 gestam
1346 2534 1392 2771 narrando
1344 2343 1391 2501 omnia
1345 2204 1391 2309 loca
1346 1919 1407 2171 omniaque
1351 1665 1410 1885 tempora
1353 1461 1398 1625 mente
1350 1342 1397 1417 lu-

1428 2839 1469 2995 strare
1428 2627 1486 2806 potest.
1421 2342 1470 2559 Necesse
1428 2232 1470 2307 est
1425 2069 1472 2196 enim
1425 1890 1472 2018 illam
1431 1641 1488 1855 partem,
1444 1471 1489 1594 quae
1445 1340 1476 1418 re-

1506 2643 1562 2996 praesentatur,
1501 2543 1548 2610 ita
1501 2250 1559 2498 adornari,
1504 1918 1567 2203 amplificari
1510 1725 1567 1871 atque
1509 1340 1568 1678 consummari,

1583 2941 1625 2995 ut
1596 2592 1644 2906 compensare
1581 2400 1644 2558 possit
1583 2226 1629 2367 etiam
1599 2104 1640 2189 ea,
1600 1928 1646 2050 quae
1585 1703 1633 1893 desunt.
1584 1484 1633 1634 Velut
1586 1339 1632 1451 Pal-

1658 2815 1707 2996 ladium
1660 2650 1722 2781 prius
1660 2557 1708 2615 ab
1660 2342 1723 2522 Ulysse
1668 2119 1726 2310 raptum
1679 1945 1724 2081 esse,
1680 1750 1727 1890 quam
1664 1521 1711 1714 Rhesus
1666 1339 1711 1486 inter-

1738 2741 1799 2997 ficeretur,
1738 2553 1786 2695 finxit
1739 2260 1803 2522 Euripides
1741 2085 1801 2226 ideo,
1747 1995 1789 2049 ut
1744 1768 1806 1972 cognito
1744 1559 1808 1733 insigni
1744 1339 1791 1523 callidi-

1818 2883 1865 2999 tatis
1818 2623 1881 2847 exemplo
1818 2526 1866 2589 de
1826 2319 1867 2493 eventu
1822 2054 1869 2285 audaciae
1823 1895 1870 2019 bene
1839 1532 1886 1855 speraremus.
1823 1336 1871 1463 Tum

1898 2869 1958 2998 quod
1897 2600 1960 2818 singulae
1914 2392 1946 2555 rerum
1902 2022 1962 2343 mutationes,
1918 1912 1949 1972 ex
1903 1637 1950 1865 continua
1902 1459 1951 1585 serie
1903 1337 1949 1423 de—

1976 2843 2024 3001 lectae
1982 2460 2041 2809 separataeque
1979 2379 2026 2426 in
1980 2082 2042 2346 tragoediis
1983 1761 2045 2058 spectandae
1982 1427 2043 1737 exhibentur,
1991 1337 2030 1390 ut

2062 2947 2103 2999 et
2056 2776 2104 2902 unde
2063 2472 2105 2729 nascantur
2064 2371 2105 2420 et
2076 2200 2123 2321 quae
2061 2051 2107 2165 inde
2067 1772 2109 1996 eventura
2062 1624 2109 1722 sint
2062 1337 2125 1577 inteiliga-

2140 2893 2195 3001 tur,
2152 2739 2183 2848 cum
2137 2416 2200 2706 praesertim
2141 2223 2201 2381 poetis
2139 2068 2204 2188 ipsis
2146 1871 2202 2034 partes
2142 1515 2204 1836 interpretum
2158 1335 2205 1479 agere

2231 2905 2263 3001 non
2216 2697 2275 2872 liceat,
2217 2447 2264 2649 deorum
2218 2124 2282 2412 plerumque
2221 1870 2283 2089 personis
2220 1775 2267 1834 ad
2223 1335 2270 1739 consummandas

2295 2812 2343 3001 fabulas
2311 2657 2358 2777 opus
2300 2520 2343 2621 est:
2312 2390 2358 2482 quo
2298 2151 2346 2353 consilio
2298 1923 2346 2116 Musam
2300 1613 2349 1876 adhibitam
2316 1456 2349 1567 esse
2319 1338 2365 1423 ap-

2377 2842 2437 2998 paret.

2606 2513 2658 2579 B.
2607 2018 2681 2467 Hippolytus
2611 1762 2682 1975 prior.

2763 2656 2812 2869 Easdem
2765 2433 2813 2622 fabulas
2784 2249 2831 2397 saepe
2770 2073 2818 2214 aliter
2771 1982 2818 2041 ab
2771 1838 2818 1946 aliis
2771 1641 2836 1803 poetis
2772 1335 2821 1613 conforma-

2847 2929 2889 3001 tas
2859 2774 2890 2884 esse
2845 2599 2892 2717 satis
2852 2333 2909 2551 constat,
2850 2190 2897 2278 sed
2852 1940 2897 2142 eandem
2852 1640 2899 1890 materiam
2854 1547 2901 1605 ab
2853 1334 2901 1509 eodem

2927 2859 2983 3003 poeta
2924 2750 2970 2825 bis
2923 2527 2972 2714 diversa
2928 2304 2976 2492 ratione
2930 1916 2978 2268 conformatam
2948 1751 2978 1863 esse
2932 1549 2994 1690 plane
2934 1336 2997 1497 singu-

3001 2900 3049 3004 lare
3007 2789 3050 2865 est
3008 2704 3051 2754 et
3004 2482 3068 2671 insigne
3007 2274 3069 2445 copiae
3010 1902 3072 2239 ubertatisque
3011 1625 3073 1876 Euripidis
3014 1335 3061 1597 documen-

3084 2885 3129 3004 tum.
3082 2707 3129 2817 Non
3084 2513 3144 2671 enim,
3088 2323 3147 2460 quasi
3089 2104 3150 2282 prioris
3089 1809 3152 2069 Hippolyti
3108 1664 3138 1774 eum
3094 1335 3156 1629 poeniteret,

3162 2693 3222 3005 postmodum
3163 2457 3210 2660 alterum
3168 2071 3216 2417 correctiorem
3170 1553 3234 2034 emendatioremque
3172 1333 3233 1504 edidit7

3239 2913 3285 3001 sed
3254 2710 3286 2878 novam
3244 2399 3305 2673 composuit
3248 2050 3308 2367 tragoediam,
3264 1891 3309 2013 quae
3266 1749 3296 1856 cum
3251 1554 3313 1718 priore
3258 1332 3314 1526 praeter

3318 2811 3365 3003 nomina
3325 2727 3366 2774 et
3321 2456 3381 2691 quaedam
3323 2289 3370 2419 facta
3326 2138 3371 2254 nihil
3327 1900 3373 2105 haberet
3344 1583 3376 1865 commune:
3331 1502 3376 1548 id
3333 1333 3393 1463 quod

3397 2718 3461 3003 intelligitur
3415 2590 3447 2685 non
3401 2388 3449 2544 minus
3420 2279 3450 2337 ex
3404 1952 3465 2243 scriptorum
3408 1602 3467 1904 quorundam
3412 1335 3457 1556 testimo-

3475 2894 3537 3004 niis7
3492 2713 3539 2857 quam
3495 2618 3526 2677 ex
3479 2310 3544 2597 fragmentis
3482 2106 3546 2285 prioris
3483 1802 3547 2076 Hippolyti,
3488 1683 3549 1763 qui
3488 1335 3553 1660 καλυπτόμε-

3571 2910 3612 3004 vos
3558 2432 3619 2875 cognominabatur.
3562 2241 3611 2364 Nam
3578 2095 3609 2204 cum
3564 2012 3610 2060 in
3572 1650 3614 1960 coronato
3569 1334 3634 1606 Hippolyto

3634 2780 3683 3005 Phaedra
3638 2397 3688 2747 honestissimo
3642 2181 3689 2362 iudicio
3643 1846 3692 2147 moriendum
3648 1658 3709 1794 prius
3666 1466 3713 1608 quam
3667 1334 3713 1423 pu—

3714 2831 3763 3002 dorem
3717 2469 3782 2787 officiumque
3722 2150 3769 2423 violandum
3738 1991 3770 2101 esse
3730 1713 3787 1919 statuat7
3728 1605 3775 1653 in
3729 1335 3777 1553 velato

3795 2812 3854 2998 eadem,
3813 2538 3861 2774 praeceps
3800 2443 3847 2502 ad
3802 2144 3859 2407 libidinem,
3804 1852 3867 2109 profligato
3807 1616 3869 1819 pudore,
3808 1434 3856 1579 laesis
3810 1336 3856 1406 di—

3873 2879 3920 3004 vinis
3876 2525 3939 2844 humanisque
3881 2288 3941 2492 iuribus,
3881 2194 3926 2252 ad
3884 1871 3945 2155 explendam
3887 1556 3949 1833 cupidinem
3888 1453 3933 1520 nil
3904 1334 3935 1430 non

3953 2687 4003 3004 moliebatur:
3958 2590 4004 2639 id
3960 2413 4022 2540 quod
3965 2157 4008 2368 testatur
3963 1897 4026 2109 scriptor
3966 1695 4027 1851 vitae,
3983 1527 4028 1648 quae
3972 1416 4013 1491 est
3968 1335 4014 1381 in

4033 2896 4079 3002 cod.
4033 2649 4084 2859 vindob.
4044 2563 4085 2612 et
4040 2344 4088 2529 llam:
4038 2107 4103 2307 γράψαι
4042 2018 4090 2075 τὸ
4042 1810 4109 1982 δρᾶμα
4044 1690 4093 1783 τὸν
4037 1335 4106 1664 Ἱππόλυτον,

4101 2857 4109 2878 m

4105 2937 4159 3004 ἐν
4111 2851 4175 2891 ᾡ
4116 2391 4181 2803 θριαμβεύει
4116 2224 4183 2341 τὴν
4120 1674 4189 2177 ἀναισχυντίαν
4126 1495 4175 1626 τῶν
4144 1335 4189 1449 γν-

2511 604 2514 611 «

2306 696 2671 717 *e-sz--z-„i--aeaeoe
2692 702 2802 708 ae—--⁷
2852 703 2862 705 -

2236 678 2275 685 ε-
2303 672 2378 687 -3⁶.

2392 592 2416 625 λ’
