5010 3336
1220 2931 1272 3079 Falsa
1216 2680 1282 2887 quadam
1211 2481 1276 2645 specie
1208 2287 1257 2446 oblata
1220 2199 1251 2253 se
1202 1906 1262 2165 deceptum
1209 1748 1243 1861 esse
1185 1419 1255 1705 significavit

1304 2941 1351 3077 hisce
1298 2720 1345 2907 verbis:

1369 2840 1427 2946 ἀλλ’
1370 2636 1438 2802 ἡμέρα
1386 2521 1419 2602 τοι
1364 2322 1418 2487 πολλὰ
1358 2199 1412 2286 καὶ
1356 1949 1422 2166 μέλαινα
1350 1819 1414 1916 νὺξ

1451 3236 1533 3266 ⁴³³³
1455 2789 1507 2944 τίκτει
1453 2529 1517 2754 βροτοῖς.

1542 3237 1582 3330 affl
1538 2898 1590 3074 Audita
1536 2758 1583 2849 hac
1532 2393 1586 2704 defensione,
1525 2249 1570 2331 aut
1522 1940 1566 2191 accusator
1518 1805 1561 1889 aut
1513 1521 1560 1755 Alcmene
1510 1414 1555 1474 il-

1611 3236 1655 3290 32'³··
1620 2971 1668 3072 lum
1614 2544 1679 2908 quaestionibus
1601 2195 1670 2482 quibusdam
1597 1856 1643 2145 convincere
1592 1591 1651 1804 studuit,
1589 1412 1637 1543 velut

1703 3237 1750 3313 &³
1699 2913 1747 3068 hacce
1712 2880 1742 2892 ε

1778 3235 1827 3320 -Ῑέῑῑὲ
1774 2764 1824 2935 πόθεν
1769 2674 1820 2729 δὲ
1767 2450 1829 2639 πεύκης
1754 2248 1811 2419 πανὸν
1753 2013 1817 2213 ἐξεῦρες
1750 1775 1814 1982 λαβεῖν,-

1855 2798 1904 3065 Damnatus
1853 2522 1911 2761 exilioque
1843 2257 1891 2488 multatus
1837 1994 1884 2219 Rhodum
1848 1848 1879 1956 cum
1830 1646 1877 1811 amicis
1827 1403 1890 1614 migrare

1935 2789 1984 3061 constituit.
1926 2498 1990 2722 Apollod.
1924 2430 1973 2461 l.
1923 2332 1968 2391 1.:
1916 2035 1979 2295 ,,φεύγων
1907 1900 1961 1998 οὖν
1912 1762 1974 1865 μετ’
1907 1626 1957 1723 οὐκ
1904 1399 1969 1591 ὀλίγων

2021 3285 2051 3301 -³
2010 3235 2056 3261 ab
2005 2934 2079 3061 ἧκεν
2012 2830 2070 2901 εἰς
2004 2618 2059 2805 Ῥόδον
2003 2437 2055 2584 κάκεῖ
1997 2134 2063 2405 κατῴκει.”
1995 1816 2042 2062 Homerus
1992 1749 2041 1778 l.
1990 1678 2035 1711 l.

2102 3283 2135 3325 ³
2090 3236 2135 3253 ⁵³
2089 2764 2154 2927 αὐτὰρ
2082 2656 2153 2728 ὅγ’
2084 2566 2145 2617 ἐς
2078 2342 2133 2529 Ῥόδον
2073 2189 2139 2293 ἷξεν
2074 1798 2137 2143 ἀλώμενος
2070 1545 2131 1747 ἄλγεα
2062 1396 2115 1501 ποί-

2184 3307 2212 3327 ³
2166 1888 2219 2075 σχων

2254 2975 2301 3054 Ex
2252 2832 2316 2940 ipso
2254 2630 2296 2794 autem
2243 2416 2293 2596 iudicio
2238 1970 2305 2381 prosequentibus
2230 1670 2281 1929 sodalibus
2226 1391 2289 1644 sociisque

2350 3321 2370 3331 ⁶
2330 3244 2377 3297 ’Μ-
2334 2990 2381 3053 ad
2333 2819 2379 2955 littus
2326 2468 2376 2783 descendisse
2323 2226 2367 2431 videtur.

2408 2652 2467 2922 Carminis,
2403 2487 2467 2616 quod
2403 2357 2449 2452 hoc
2400 2214 2447 2322 loco
2392 1778 2459 2180 interponendum
2387 1634 2444 1745 fuit,
2386 1505 2434 1599 hoc
2397 1387 2430 1470 ex-

2496 2951 2540 3050 stat
2490 2566 2551 2919 fragmentum:

2565 2684 2631 2921 οέτρέκεια
2557 2604 2613 2649 δ’
2564 2354 2624 2570 ἄριστον
2556 2126 2619 2319 ἀνδρὸς

2652 3237 2698 3320 <tim
2646 2856 2698 2913 ἐν
2646 2680 2696 2823 πόλει
2643 2439 2693 2646 δικαίου
2638 2250 2689 2401 πέλει.

2732 3232 2778 3311 Ξὲὗῡν
2731 2859 2778 3048 Deinde
2726 2620 2775 2815 nuntiils
2725 2504 2770 2586 ille
2722 2218 2768 2468 ambustus
2730 2120 2762 2181 ex
2710 1782 2776 2086 navigatione
2707 1604 2755 1750 rediit
2709 1521 2753 1570 et
2719 1378 2752 1487 nar-

2816 3232 2875 3313 Lepo-
2810 2808 2857 3047 rationem
2806 2644 2854 2773 illam
2801 2240 2850 2606 celeberrimam
2795 2059 2859 2188 egit,
2794 1950 2840 2012 de
2807 1821 2853 1915 qua
2803 1638 2851 1785 supra
2784 1376 2848 1604 exposui—

2908 3243 2938 3303 [Ἥκω
2903 3166 2939 3168 j
2904 2919 2938 3045 mus-

2965 2862 3013 2916 In
2964 2716 3011 2816 fine
2961 2435 3009 2669 dramatis
2973 2279 3005 2387 cum
2954 1991 3003 2227 Alcmene
2949 1810 2997 1946 malis
2944 1438 2993 1761 succumbens
2957 1373 2987 1401 e

3046 2940 3093 3042 vita
3042 2610 3099 2907 discederet,
3038 2331 3086 2574 Hercules
3035 2231 3081 2293 de
3032 2058 3079 2195 coelo
3026 1699 3076 2003 descendens
3029 1452 3071 1656 matrem
3022 1369 3068 1417 in

3137 2838 3185 3036 campos
3120 2574 3182 2802 Elysios,
3117 2455 3162 2537 ubi
3110 2025 3171 2417 Rhadamanthyi
3113 1780 3168 1990 nuptura
3108 1623 3158 1744 erat,
3101 1370 3147 1586 abduxit.

3201 2800 3249 3037 Testatur
3200 2642 3246 2766 haec
3195 2310 3257 2605 epigramma
3192 1976 3253 2271 Cyzicenum
3202 1896 3233 1940 n.
3187 1784 3232 1861 20.
3200 1699 3245 1746 p.
3183 1551 3227 1662 6:33.
3195 1368 3242 1511 para-

3301 3231 3338 3328 .-2rxat1;r
3281 2952 3345 3036 lip.
3295 2854 3327 2914 ex
3280 2711 3326 2818 cod.
3276 2491 3325 2673 Vatic.:
3270 2425 3321 2453 ὁ
3271 2334 3321 2389 δὲ
3264 1882 3332 2299 τριςκαιδὲκατος
3256 1597 3322 1855 Ἡρακλέα
3259 1364 3321 1563 ἄγοντα

3356 2935 3424 3033 τὴν
3354 2704 3421 2901 μητέρα
3353 2489 3403 2655 αὐτοῦ
3351 2132 3414 2439 Ἀλκμήνην
3346 2016 3404 2085 εἰς
3344 1906 3393 1963 τὸ
3337 1612 3390 1861 Ἠλύσιον
3337 1364 3397 1565 πεδίον,

3437 2662 3498 3030 συνοικίζοντα
3428 2448 3495 2614 αὐτὴν
3424 2017 3494 2407 Ῥαδαμάνθυϊ,
3421 1796 3473 1957 αὐτὸν
3417 1690 3470 1746 δὲ
3418 1574 3477 1644 εἰς
3411 1361 3477 1523 θεοὺς

3520 2864 3586 3028 δῆθεν
3514 2432 3580 2829 ἐγκρινόμενον·

3593 2670 3654 2908 Ἀλκίδας
3594 2609 3645 2637 ὁ
3586 2365 3655 2573 θρασὺς
3583 1971 3651 2339 Ῥαδαμάνθυϊ
3580 1750 3646 1947 ματέρα
3578 1563 3629 1718 τάνδε

3671 2512 3740 2807 Ἀλκμήναν
3672 2326 3722 2476 ὅσιον
3668 2161 3731 2293 πρὸς
3666 1981 3731 2125 λε’χος
3661 1726 3724 1945 ἐξέδοτο.

3759 2768 3809 3026 Amaverat
3763 2558 3803 2720 autem
3753 2264 3816 2507 quondam
3751 2072 3796 2214 etiam
3746 1718 3808 2025 Licymnium
3738 1355 3787 1667 Rhadaman-

3840 2879 3897 3024 thus,
3842 2716 3883 2843 teste
3835 2388 3882 2682 Philostrato
3831 2209 3893 2350 epist.
3826 1997 3875 2169 XLVI.
3842 1914 3887 1959 p.
3826 1802 3871 1879 25.
3821 1675 3869 1751 ed.
3818 1353 3865 1640 Boissonad.

3916 2629 3964 2893 Alcmenae
3928 2486 3960 2592 sors
3911 2199 3957 2449 materiam
3904 1788 3968 2147 tragoediarum
3899 1518 3964 1742 praebuit
3896 1351 3953 1472 Ioni,

3995 2680 4057 3020 Astydamanti
4008 2560 4038 2615 ac
3990 2250 4052 2511 Dionysio,
3984 1946 4048 2188 Licymnii
3997 1749 4028 1879 mors
3977 1463 4034 1699 Xenocli3
3974 1350 4021 1413 cf.

4124 3228 4159 3322 .‹,0em
4078 3159 4141 3163 l
4074 2828 4122 3021 Welck·
4090 2720 4136 2769 p.
4074 2546 4121 2658 954.
4072 2336 4119 2480 1060.
4069 2130 4113 2271 12:33.
4071 2029 4111 2080 et
4064 1837 4109 1981 1022.
4058 1454 4119 1755 Respexisse
4054 1349 4100 1408 ad

4141 3282 4170 3333 ’Μ
4145 3159 4166 3161 ’
4151 2764 4216 3017 Euripidis
4151 2559 4200 2727 drama
4148 2170 4211 2525 Aristophanes
4144 1929 4191 2121 videtur
4141 1831 4189 1881 in
4137 1604 4200 1784 Vespis
4152 1516 4183 1557 v.
4135 1346 4181 1469 375:
