5010 3336
3918 2095 3975 2214 190

3785 1322 3835 1689 Matrimonium
3780 1740 3824 2151 commemoratur
3760 2201 3827 2509 fragmento,
3757 2565 3818 2695 quod
3752 2746 3818 3003 Sophoclis

3705 1322 3738 1434 esse
3706 1466 3755 1658 fertur:

3608 1441 3681 1863 Ἀλφεσσίβοιαν,
3605 1898 3671 1965 ἣν
3619 2001 3670 2030 ὁ
3600 2062 3667 2321 γεννήσας
3596 2352 3663 2540 πατήρ.

3545 1451 3594 1616 Potuit
3542 1648 3591 1826 deinde
3526 1860 3589 2190 Alphesiboea
3535 2224 3582 2389 statim
3518 2424 3581 2533 ipsa
3516 2580 3578 2807 prodire,
3524 2860 3575 3002 cuius

3451 1318 3515 1620 benignitate
3461 1654 3510 1921 Alcmaeon
3459 1956 3507 2005 in
3456 2041 3506 2238 domum
3451 2264 3501 2591 reduceretur
3434 2617 3497 2840 patrique
3446 2866 3480 3001 com-

3384 1314 3432 1648 mendaretur.

3304 1447 3354 1576 Tum
3302 1614 3351 1762 choro
3284 1809 3346 2154 prodeundum
3295 2200 3343 2296 fuit
3293 2342 3341 2444 sive
3290 2492 3334 2717 catervae
3272 2763 3338 3000 virginum

3209 1315 3273 1641 popularium
3206 1677 3270 2038 Alphesiboeae
3202 2074 3263 2367 aequalium,
3198 2407 3244 2545 quae
3194 2582 3258 2827 divulgata
3208 2862 3257 2995 sama

3144 1315 3191 1379 de
3142 1423 3191 1732 Alcmaeonis
3126 1785 3187 1979 reditu,
3137 2036 3168 2148 eum
3135 2195 3183 2245 in
3133 2296 3181 2495 domum
3130 2532 3162 2706 rmsus
3113 2742 3171 2999 receptum

3063 1314 3096 1429 esse
3062 1457 3111 1769 mirarentur.
3059 1838 3108 2023 Harum
3056 2063 3103 2189 enim
3054 2228 3086 2422 carmen
3053 2471 3095 2520 et
3035 2557 3098 2851 colloquium
3048 2887 3095 2997 imi-

2983 1311 3027 1443 tatus
2984 1477 3027 1553 est
2966 1586 3029 1943 Aristophanes
2977 1976 3025 2026 in
2960 2062 3024 2225 Equit.
2971 2262 3006 2305 v,
2974 2342 3019 2469 1300
2954 2504 3003 2673 seqq,
2950 2725 3016 2997 virginibus

2901 1310 2950 1537 triremes
2899 1574 2949 1947 substituendo:

2807 1440 2872 1606 φασὶν
2804 1641 2871 1884 ἀλλήλαις
2806 1920 2867 2194 ξυνελθεῖν
2802 2227 2863 2319 τὰς
2794 2353 2861 2581 τριήρεις
2800 2615 2861 2687 εἰς
2794 2719 2858 2898 λόγον,

2739 1440 2791 1528 καὶ
2729 1563 2790 1691 μίαν
2727 1726 2789 1865 λέξαι
2736 1899 2783 1996 τιν’
2720 2034 2784 2226 αὐτῶν
2716 2264 2782 2375 ἥτις
2715 2407 2777 2474 ἠν
2714 2508 2781 2806 γεραιτέρα·

2658 1441 2711 1598 οὐδὲ
2654 1632 2707 2074 πυνθανεσθε
2643 2120 2699 2323 ταῦτ’,
2652 2375 2699 2414 ὠ
2636 2462 2699 2826 παρθένοι,
2645 2876 2697 2993 ταν

2556 2139 2616 2216 τῇ
2559 2252 2620 2475 πόλει,-

2498 1306 2547 1596 Extremum
2481 1634 2543 1829 quidem
2494 1865 2527 2059 versum
2492 2098 2523 2156 ex
2474 2192 2537 2445 Euripidis
2488 2491 2536 2653 sabula
2470 2703 2534 2992 decerptum

2418 1305 2450 1419 esse
2417 1454 2460 1664 testatur
2404 1701 2463 1985 scholiasta3
2412 2031 2459 2118 sed
2411 2155 2453 2307 totam
2406 2363 2455 2631 orationem
2405 2668 2452 2730 ad
2403 2768 2451 2990 similitu-

2338 1304 2385 1467 dinem
2321 1523 2385 1822 Euripideae
2318 1875 2379 2201 compositam
2328 2251 2360 2362 esse
2312 2411 2367 2627 apparet.
2308 2710 2372 2991 Indignatae

2257 1304 2305 1433 enim
2257 1470 2299 1579 sunt
2239 1612 2302 1837 virgines,
2239 1874 2299 2002 quod
2252 2038 2300 2185 homo
2248 2220 2296 2437 nefarius
2229 2486 2297 2643 (ἀνὴρ
2228 2678 2292 2989 μοχθηρός),

2177 1302 2225 1504 alterius
2175 1540 2225 1753 feminae
2172 1788 2219 2097 matrimonio
2156 2135 2217 2355 iunctus,
2167 2415 2213 2475 ad
2163 2521 2212 2768 desertam
2162 2818 2210 2989 coniu-

2082 1301 2129 1411 gem
2082 1445 2144 1662 priorem
2095 1697 2142 1861 redire
2092 1897 2125 2043 ausus
2089 2081 2129 2214 esset
2089 2250 2129 2298 et
2086 2333 2133 2520 veniam
2083 2556 2132 2722 delicti
2082 2749 2114 2804 se
2064 2831 2129 2988 impe-

2015 1300 2061 1544 traturum
2016 1578 2047 1690 csse
2000 1726 2055 1980 speraret:

1925 1430 1982 1542 ταῖς
1935 1577 1987 1632 δὲ
1921 1669 1983 1815 δόξαι
1931 1850 1983 2025 δεινὸν
1930 2059 1986 2195 εἶναι
1927 2229 1975 2388 τοῦτο
1925 2426 1976 2560 κούκ
1908 2595 1975 2897 ἀνασχετόν,

1854 1431 1904 1519 καί
1853 1553 1901 1650 τιν’
1842 1689 1902 1867 εἰπεῖν,
1835 1903 1902 2015 ’ἥτις
1836 2050 1900 2265 ἀνδρῶν
1845 2300 1903 2467 ἆσσον
1844 2502 1895 2600 οὐκ
1828 2634 1897 2903 ἐληλύθει·

1756 1430 1825 1841 ἀποτρόπαῦ,
1769 1879 1819 1955 ού
1751 1986 1818 2120 δῆτ’
1753 2146 1821 2309 ἐμοῦ
1750 2348 1812 2395 γ’
1751 2426 1813 2609 ἄρξει
1749 2643 1810 2803 ποτ’,
1748 2838 1810 2985 ἀλλ’,

1686 2132 1740 2249 ἐάν
1672 2284 1717 2359 με
1667 2394 1727 2530 κρῆ,

1610 1430 1662 1534 ὑπὸ
1594 1568 1659 1871 τερηδόνων
1593 1920 1654 2137 σαπεῖσ’,
1602 2175 1657 2478 ἐνταῦθα
1583 2522 1649 2985 καταγηράσο-

1511 2128 1556 2261 μαι.

1449 1429 1499 1579 Redit
1448 1614 1480 1724 cum
1431 1761 1495 1958 Phegeo
1446 1995 1478 2055 ex
1443 2080 1492 2283 aedibus
1440 2313 1489 2596 Alcmaeon.
1436 2666 1489 2983 ostendendo

1354 1296 1414 1442 atque
1369 1485 1415 1543 ob
1367 1594 1415 1762 oculos
1351 1810 1412 2036 ponendo
1363 2085 1411 2325 malorum
1362 2379 1393 2579 suorum
1354 2615 1408 2983 multitudinem

1272 1293 1337 1775 magnitudinemque
1284 1809 1333 2199 misericordiam
1282 2235 1330 2450 excitare
1280 2498 1329 2667 studet
1273 2700 1326 2981 Alcmaeon.

1211 1295 1259 1418 Nam
1207 1455 1254 1781 conscientiae
1203 1818 1251 2112 cruciatibus
1202 2152 1249 2426 etiamnunc
1202 2461 1233 2514 se
1199 2550 1247 2723 confici
1196 2758 1245 2907 dicit:

1118 1426 1178 1577 „Ita
1127 1612 1173 1869 territa
1122 1903 1170 2194 membra
1122 2231 1168 2445 animo
1103 2480 1159 2766 aegroto

1047 1432 1099 1771 Czwzctant
1029 1806 1093 2128 subferre
1039 2164 1090 2520 laborem.’⁷

969 1295 1021 1486 Rursus
966 1521 1015 1666 domo
950 1701 1014 1895 pulsum
947 1931 1004 2133 propter
946 2166 1010 2435 piaculum,
957 2472 1000 2607 recta
956 2641 1005 2739 huc
954 2775 998 2977 conten-

889 1295 938 1456 disse:

792 1423 859 1533 ἥκω
807 1571 858 1617 δ’
787 1654 855 1838 ἀτενὴς
801 1873 852 1961 ἀπ’
798 2000 850 2178 οἴκων.
