5010 3336
1089 700 1139 707 ..ο-γ
1168 701 1199 706 ⁷-
1246 703 1251 705 -

3344 815 3350 819 a
3359 812 3365 814 -
3384 814 3414 821 ἱ
3422 814 3441 821 ⁷„
3455 812 3588 825 §afim-nv«.
3596 806 3661 825 -νῡῖῗ
3672 816 3692 824 *·-'
3702 815 3711 823 ¹

666 1252 721 1363 >mW)
676 1392 718 1460 Cf.
673 1491 717 1698 Mcineke
672 1727 711 1753 l.
671 1789 710 1816 l.

3854 2095 3911 2215 266

3722 1320 3771 1534 omnium
3720 1570 3768 1616 in
3718 1652 3761 1950 contemtum
3699 1987 3765 2240 Euripidis
3709 2275 3761 2456 factum
3707 2494 3751 2545 et
3689 2580 3737 2668 pro
3698 2697 3750 2854 laudis
3678 2896 3726 2983 po-

3645 1317 3692 1413 tins
3629 1450 3675 1590 qnam
3639 1626 3687 1855 infamiae
3633 1890 3683 2182 testimoniis
3631 2218 3679 2331 talia
3626 2381 3676 2605 habenda
3621 2647 3654 2759 esse
3604 2793 3664 2983 pridem

3562 1315 3613 1620 intellectum
3559 1659 3600 1735 est
3559 1770 3588 1797 a
3539 1831 3602 2242 prudentioribus,
3549 2276 3598 2406 velut
3542 2440 3595 2701 VVelckero
3524 2737 3570 2783 p.
3517 2820 3584 2982 87l*)

3469 1313 3517 1414 seq.
3484 1441 3525 1488 et
3465 1519 3529 1730 Bergkio
3460 1759 3525 1934 fragm.
3455 1973 3521 2224 Aristoph.
3453 2252 3499 2299 p.
3469 2330 3514 2391 55
3452 2415 3517 2513 **).
3445 2594 3509 2782 Aperta
3452 2819 3497 2983 tamen

3403 1309 3452 1545 calumnia
3399 1581 3432 1698 usus
3380 1735 3444 2091 Aristophanes
3378 2126 3430 2226 est,
3371 2278 3436 2501 Euripidi
3379 2546 3428 2735 crimini
3358 2766 3415 2981 vertens,

3311 1308 3370 1439 quod
3321 1487 3371 1652 fratris
3301 1698 3361 1844 atque
3314 1880 3360 2061 sororis
3309 2097 3341 2310 amorem
3290 2348 3347 2664 spectandum
3290 2704 3342 2981 exhibuerit

3230 1308 3291 1458 (Nub.
3228 1485 3287 1647 1375„
3235 1685 3286 1806 Ran.
3217 1840 3284 2024 1092),
3216 2061 3262 2184 quae
3224 2219 3271 2465 accusatio
3220 2500 3254 2595 non
3216 2628 3264 2788 minus
3197 2815 3260 2978 iniqua

3151 1306 3206 1407 est,
3146 1465 3192 1607 quam
3155 1645 3206 1896 Eudociae
3139 1931 3200 2210 fastidium,
3127 2248 3194 2554 παμμίαρον
3124 2590 3178 2784 poetam
3130 2822 3178 2976 nomi-

3082 1302 3129 1461 nantis
3075 1498 3125 1888 Anaxandridem
3062 1915 3120 2046 ideo,
3055 2081 3115 2207 quod
3051 2233 3113 2473 virginum
3056 2510 3091 2702 amores
3055 2727 3097 2778 et
3036 2806 3093 2976 stupra

2986 1300 3038 1724 repraesentasset
2980 1742 3044 1862 >
2992 1935 3041 2032 Sed
2988 2058 3038 2180 haec
2984 2207 3032 2389 erroris
2976 2418 3028 2671 dumtaxat
2970 2702 3018 2976 accusanda

2909 1298 2964 1401 est,
2921 1436 2968 1508 illi
2917 1544 2958 1704 autem
2900 1742 2947 1901 neque
2895 1937 2955 2187 stuporem
2890 2223 2937 2383 neque
2894 2418 2944 2753 morositatem
2889 2790 2934 2972 tantam

2841 1296 2890 1453 fuisse
2826 1482 2880 1686 constat,
2836 1731 2877 1785 ut
2832 1826 2865 1919 non
2827 1962 2878 2175 malitiae
2819 2214 2872 2524 tribuendum
2815 2570 2847 2681 esse
2795 2719 2852 2969 appareat,

2761 1295 2809 1338 si
2743 1373 2808 1597 Euripidi
2755 1634 2804 1825 crimini
2751 1862 2797 2004 vertit
2736 2040 2781 2119 ea,
2746 2172 2793 2276 sine
2729 2312 2789 2486 quibus
2737 2521 2769 2598 ars
2720 2635 2782 2743 ipsa
2716 2780 2779 2971 spirare

2680 1293 2712 1386 non
2664 1422 2719 1601 potest.
2673 1671 2725 1943 Veritatem
2668 1992 2716 2122 enim
2655 2172 2713 2343 abiici,
2662 2397 2707 2436 si
2654 2489 2704 2712 vitiorum
2649 2761 2699 2969 imitatio

2587 1292 2647 1574 omittatur,
2581 1627 2643 1823 planum
2591 1871 2633 1962 est.
2580 2050 2635 2461 Gravissimorum
2576 2512 2619 2674 autem
2570 2725 2620 2967 scelerum

2504 1289 2562 1791 repraesentationem
2513 1828 2558 1871 ei
2495 1908 2551 2084 poetae
2501 2119 2549 2445 necessariam
2485 2486 2547 2670 fuisse,
2478 2727 2541 2809 qui
2477 2844 2523 2966 τρα-

2423 1286 2488 1569 γικώτατος
2421 1608 2483 1783 suerit,
2429 1838 2462 1933 non
2427 1982 2475 2141 minus
2422 2191 2472 2335 facile
2416 2371 2468 2622 intellectu
2412 2662 2455 2752 est.
2397 2823 2458 2966 Quod

2358 1285 2405 1327 si
2340 1361 2404 1624 Euripides
2353 1661 2399 1773 talia
2350 1810 2397 1880 sic
2332 1917 2392 2260 expressisset,
2340 2296 2382 2349 ut
2338 2384 2369 2494 enm
2336 2533 2383 2590 iis
2331 2616 2382 2849 delectari
2313 2876 2360 2964 ap-

2261 1281 2317 1508 pareret,
2276 1558 2322 1599 si
2258 1645 2319 1804 legum
2248 1853 2315 2286 institutorumque
2254 2322 2303 2638 severitatem
2233 2674 2300 2964 impugnans

2197 1279 2245 1361 illa
2184 1395 2236 1547 recta,
2180 1585 2225 1715 vera,
2189 1754 2238 1916 debita
2187 1953 2218 2064 esse
2170 2101 2231 2319 doceret,
2178 2356 2225 2463 inre
2157 2490 2219 2761 meritoque
2153 2788 2200 2961 repre-

2114 1279 2164 1615 henderetur:
2097 1667 2156 1798 quod
2107 1848 2149 2035 tantum
2090 2084 2150 2269 abfuit,
2100 2307 2140 2359 nt
2083 2394 2129 2605 unquam
2079 2642 2140 2851 fecerit,
2088 2905 2129 2961 ut

1935 1328 1988 1377 ἦ)
1934 1409 1988 1585 Operae
1934 1628 1986 1819 pretium
1942 1861 1979 1925 est
1939 1968 1980 2106 verba
1935 2147 1977 2233 viri
1928 2272 1974 2578 humanissimi
1921 2609 1964 2954 transscribere:

1865 1410 1916 1523 „Die
1862 1554 1915 1759 gemeine
1854 1790 1912 2071 Vorstellung
1852 2101 1905 2225 neigt
1853 2255 1903 2404 dahin„
1859 2435 1887 2505 wo
1844 2536 1899 2691 irgend
1850 2722 1893 2955 komische

1805 1408 1845 1567 Poesie
1804 1598 1830 1651 zu
1803 1683 1842 1761 der
1800 1793 1835 1964 ernstcn
1798 2005 1837 2091 und
1781 2132 1834 2444 gefiihlvollen
1789 2483 1829 2528 in
1769 2573 1827 2834 Reziehung
1765 2873 1805 2955 ge-

1734 1408 1773 1526 stellt
1722 1556 1775 1622 ist,
1731 1658 1768 1761 statt
1731 1792 1770 1868 des
1715 1899 1769 2086 SpieleS‚
1722 2116 1763 2312 welches
1719 2344 1760 2444 116111
1706 2477 1758 2619 witz,
1714 2652 1754 2729 der
1708 2763 1751 2953 l'arodie

1663 1406 1703 1493 und
1663 1527 1702 1604 der
1650 1633 1702 1999 Spassmacherei
1655 2031 1695 2109 der
1638 2141 1694 2425 Gegenstand
1646 2456 1686 2545 und
1643 2576 1684 2730 desscn
1638 2756 1682 2952 Ausfu'ih-

1578 1406 1619 1531 rung,
1592 1564 1632 1648 wie
1578 1680 1627 1760 gut
1589 1790 1631 1852 sie
1588 1882 1629 1926 in
1585 1957 1627 2078 ihrer
1582 2107 1623 2185 Art
1579 2215 1623 2374 ilnnier
1576 2402 1616 2495 sein
1561 2526 1612 2716 rnechte,
1568 2767 1610 2949 darbie—

1512 1403 1558 1486 tet,
1522 1534 1561 1647 (liess
1520 1688 1562 1762 fiir
1519 1808 1559 1877 ein
1511 1907 1555 2283 wohlverdientes
1503 2314 1547 2624 Durchziehen
1502 2656 1527 2711 zu
1497 2741 1539 2946 nchlnen.

1452 1400 1491 1460 Es
1451 1491 1492 1544 ist
1449 1577 1489 1718 daher
1447 1747 1487 1864 bloss
1428 1895 1485 2107 zufiillig‚
1441 2146 1480 2202 da
1423 2231 1479 2550 Aristophanes
1431 2581 1470 2694 auch
1430 2730 1470 2770 in
1428 2802 1469 2946 einem

1378 1396 1421 1736 Meister-stricke
1375 1778 1416 1855 der
1373 1891 1400 2033 neuen
1368 2072 1410 2289 Knmiidie
1365 2342 1405 2423 den
1361 2464 1402 2664 Kokalos
1358 2703 1400 2947 behandelt

1299 1398 1350 1501 hat,
1308 1548 1349 1674 einen
1305 1706 1345 1809 soff
1304 1831 1344 1907 des
1288 1938 1342 2216 Sophokles,
1297 2256 1337 2353 dass
1293 2398 1335 2521 nieht
1291 2565 1330 2682 auch
1290 2713 1330 2825 diel's
1288 2856 1315 2942 von

1238 1399 1281 1545 einem
1232 1575 1278 1951 ¹Notenschreiber
1230 1988 1270 2055 als
1225 2083 1269 2396 Durchziehen
1208 2432 1263 2662 irgendwo
1205 2694 1260 2943 aufgcsasst

1168 1396 1210 1495 istst

1088 1284 1141 1364 *ἢ
1096 1394 1139 1675 Errorem
1088 1706 1135 2092 inveteratum
1085 2123 1124 2307 naturae
1084 2338 1112 2390 ac
1082 2422 1123 2582 rationi
1068 2607 1122 2753 poesis
1078 2777 1119 2938 adver—

1060 1364 1062 1366 '
1029 1392 1069 1479 sari
1026 1512 1068 1628 dicit.
1016 1674 1065 1847 „Immo
1006 1883 1062 2201 Aristophanes
1014 2232 1055 2433 fabulam
1012 2465 1052 2589 illam
998 2622 1050 2849 antiquam
1006 2881 1047 2937 de

958 1390 999 1528 Aeolo
957 1559 998 1620 ita
952 1650 993 1858 tractavit
938 1888 987 2018 atque
934 2042 986 2189 lepide
933 2220 986 2487 immutavit,
941 2518 977 2563 ut
939 2586 980 2751 saeculi
924 2770 979 2935 imagi—

888 1390 915 1492 nem
886 1534 927 1654 haud
881 1695 923 1929 obscuram
866 1973 917 2230 exhiheret3
873 2274 909 2316 et
857 2361 911 2607 exagitavit
869 2647 910 2723 ille
856 2756 908 2934 quidem

817 1388 859 1583 maxime
814 1623 857 1799 insanas
807 1842 851 2048 libidines
789 2087 846 2298 illamque
799 2335 843 2476 victus
786 2508 841 2772 exquisitam
796 2804 837 2932 luxu—

737 1388 788 1517 riam,
746 1551 786 1604 dc
733 1634 771 1721 qua
739 1750 781 1884 modo
734 1914 778 2048 dixi.⁷’
