5010 3336
3849 2039 3904 2160 34⁰

3694 1271 3758 1418 cipis!
3700 1488 3759 1591 Ne,
3695 1653 3743 1744 per
3693 1788 3743 1946 genua
3711 1993 3753 2045 te
3710 2091 3743 2260 omnes
3710 2313 3756 2444 omni
3708 2494 3756 2639 modo
3690 2690 3752 2934 supplices

3620 1270 3663 1495 oramus,
3631 1533 3663 1594 ne
3632 1629 3679 1810 liberos
3628 1847 3678 2131 interficias.
3630 2202 3678 2346 Unde
3629 2382 3676 2523 istam
3628 2562 3674 2721 animo
3626 2757 3670 2935 atroci-

3552 1267 3594 1418 tatem
3540 1454 3583 1632 sumes‚
3552 1668 3593 1723 ut
3551 1757 3599 1927 liberis
3551 1952 3581 2144 manum
3551 2172 3597 2359 iniicias
3549 2386 3596 2731 temerariam?
3534 2802 3594 2936 Quo-

3472 1267 3518 1412 modo
3472 1450 3503 1532 eos
3457 1570 3519 1848 adspiciens
3473 1884 3502 1910 a
3471 1948 3519 2161 lacrimis
3456 2197 3515 2537 temperabis?
3468 2606 3516 2750 Haud
3467 2787 3514 2936 susti-

3392 1265 3439 1404 nebis
3392 1439 3439 1606 liberis
3376 1644 3438 1933 suppliciter
3375 1966 3436 2335 procidentibus
3389 2373 3421 2495 nece
3388 2542 3430 2792 cruentam
3374 2829 3435 2935 pol-

3312 1266 3359 1404 luere
3313 1439 3366 1661 manum!
3367 2799 3368 2802 ⁷

3234 1398 3281 1533 Misit
3233 1569 3280 1750 Medea
3217 1787 3279 1996 aliquem
3231 2034 3278 2095 de
3218 2132 3278 2358 famulis,
3215 2396 3277 2478 qui
3230 2514 3277 2735 Iasonem
3229 2771 3262 2935 arces-

3152 1266 3195 1413 seret.
3140 1482 3200 1638 Quem
3153 1675 3199 1850 blanda
3151 1886 3197 2103 oratione
3151 2141 3198 2320 delenit
3138 2355 3181 2530 rogans
3142 2553 3161 2565 ,
3151 2614 3192 2666 ut
3136 2712 3197 2934 ignoscat

3058 1265 3119 1418 priori
3064 1453 3120 1749 iracundiae,
3058 1788 3118 2117 simulansque
3071 2143 3102 2195 se
3070 2226 3116 2519 sententiam
3059 2550 3111 2781 mutasse,
3054 2819 3101 2933 pro-

2992 1266 3039 1379 bare
2978 1414 3040 1603 nuptias
2996 1641 3037 1690 et
2995 1727 3041 1817 sibi
2993 1857 3039 2002 utiles
2992 2039 3032 2088 et
2991 2124 3038 2282 lasoni
2978 2317 3037 2575 honestas7
2990 2629 3036 2808 cedere
2974 2843 3021 2933 po-

2904 1264 2961 1573 tentioribus,
2916 1608 2962 1737 velie
2915 1772 2961 1915 etiam
2913 1954 2959 2182 adiuvare
2911 2216 2959 2401 Iasonis
2911 2437 2958 2637 consilia
2895 2678 2941 2933 sponsam-

2821 1263 2866 1358 que
2823 1386 2882 1506 eius‚
2836 1545 2882 1670 sicut
2821 1692 2867 1898 aequum
2823 1927 2881 2006 sit,
2832 2043 2881 2305 oblectare.
2831 2374 2878 2501 Tum
2831 2527 2878 2707 liberos
2832 2737 2862 2763 e
2831 2786 2876 2932 domo

2744 1263 2798 1520 evocatos,
2741 1569 2803 1707 quasi
2741 1757 2788 1879 pace
2740 1930 2801 2278 reconciliata,
2752 2327 2799 2523 dextras
2737 2567 2798 2696 patri
2734 2733 2798 2932 iungere

2662 1262 2706 1470 eumque
2662 1506 2724 1737 amplecti
2676 1774 2723 1925 iubet.
2675 1995 2722 2105 Hoc
2674 2142 2720 2256 dum
2672 2303 2719 2360 fit
2672 2410 2702 2436 a
2660 2483 2719 2677 liberis,
2656 2728 2713 2932 repente

2596 1263 2643 1490 lacrimae
2597 1542 2645 1750 Medeae
2597 1798 2643 1859 de
2595 1908 2643 2057 caede
2594 2102 2625 2269 eorum
2576 2307 2639 2541 cogitanti
2576 2575 2633 2929 prorumpunt3

2516 1262 2563 1349 sed
2516 1386 2562 1546 statim
2518 1584 2548 1638 se
2501 1675 2563 1905 colligens
2498 1941 2562 2127 gratiae
2513 2172 2559 2571 reconciliatione
2513 2606 2544 2660 se
2514 2701 2555 2798 tam
2513 2848 2544 2931 ve-

2436 1259 2482 1517 hementer
2438 1554 2484 1740 moveri
2436 1775 2483 1983 simulat.
2435 2052 2483 2180 Tum
2432 2219 2463 2333 vero
2421 2359 2480 2516 Iason,
2433 2551 2481 2811 admodum
2433 2843 2480 2930 be-

2340 1259 2403 1450 nignus,
2342 1484 2403 1641 ipsam
2343 1678 2403 1871 quidem
2343 1910 2403 2164 collaudat,
2354 2200 2400 2315 filiis
2352 2350 2391 2511 autem
2354 2550 2384 2604 se
2337 2639 2395 2930 prospectu-

2276 1258 2307 1367 rum
2265 1404 2324 1649 ostendit,
2278 1708 2318 1756 et
2261 1792 2307 1992 sperare
2275 2028 2305 2111 eos
2258 2149 2320 2406 aliquando
2273 2443 2321 2727 Corinthiae
2272 2763 2314 2931 terrae

2181 1259 2244 1505 principes
2197 1542 2245 1649 sore
2198 1685 2227 1739 ac
2196 1764 2243 2009 timendos
2194 2036 2243 2279 hostibus.
2193 2349 2240 2481 Inter
2193 2510 2240 2634 haec
2193 2663 2238 2790 dicta
2193 2819 2223 2927 rur-

2117 1258 2149 1341 sus
2117 1376 2164 1559 Medea
2103 1592 2164 1867 pallescens
2102 1902 2148 2169 aversoque
2115 2206 2146 2291 ore
2114 2328 2161 2551 lacrimas
2102 2584 2161 2770 fundit,
2099 2807 2145 2926 quas

2039 1259 2069 1367 cum
2040 1403 2086 1546 Iason
2040 1583 2087 1907 sollicitudine
2039 1958 2086 2020 de
2038 2055 2085 2218 futura
2036 2254 2082 2518 liberorum
2035 2555 2075 2686 sorte
2034 2722 2081 2927 excitari

1953 1257 2006 1455 credat,
1961 1499 2008 1691 facilius
1960 1729 2008 1987 adducitur
1958 2022 2005 2082 ad
1941 2118 2003 2489 gratificandum
1955 2530 2001 2674 matri
1938 2714 2000 2922 roganti,

1881 1256 1923 1311 ut
1881 1361 1928 1520 exsilii
1881 1567 1928 1904 remissionem
1880 1951 1926 2065 filiis
1879 2101 1909 2127 a
1876 2165 1925 2375 Creonte
1861 2410 1922 2677 impetrare
1871 2712 1921 2924 studeat.

1800 1259 1848 1408 Cuius
1786 1445 1847 1736 precationis
1799 1789 1846 2087 adiuvandae
1797 2135 1828 2304 caussa
1796 2338 1844 2519 Medea
1796 2556 1843 2681 dona
1795 2717 1827 2771 se
1794 2806 1841 2927 dicit

1705 1256 1753 1467 sponsae
1706 1502 1766 1887 pretiosissima,
1721 1937 1750 1962 a
1719 2000 1766 2113 Sole
1702 2147 1763 2253 ipso
1704 2289 1763 2494 tradita,
1700 2543 1762 2741 peplum
1715 2780 1747 2923 coro-

1626 1256 1673 1464 namque
1642 1499 1673 1693 auream
1631 1732 1689 1940 (veneno
1638 1976 1685 2167 scilicet
1622 2200 1685 2435 insecta),
1636 2485 1682 2744 missuram
1623 2794 1667 2921 esse,

1546 1256 1607 1515 statimqne
1560 1549 1602 1830 ornamenta
1558 1864 1605 2082 manibus
1556 2119 1605 2381 liberorum
1540 2404 1603 2627 imponit,
1540 2663 1597 2813 utque
1554 2841 1587 2921 re-

1466 1254 1529 1397 ginae
1465 1430 1528 1526 ipsi
1482 1560 1528 1607 in
1480 1641 1511 1811 manns
1467 1847 1527 2068 tradant,
1477 2119 1524 2258 enixe
1475 2308 1517 2499 monet:
1476 2552 1523 2682 illam
1475 2732 1522 2856 enim
1475 2894 1506 2921 a

1403 1253 1450 1349 diis
1386 1385 1450 1579 augeri,
1402 1616 1449 1748 illam
1383 1783 1431 2019 regnare,
1398 2066 1445 2198 illam
1398 2234 1445 2422 beatam
1396 2461 1427 2573 esse
1397 2609 1444 2789 debere
1397 2823 1429 2919 non

1312 1253 1355 1364 una,
1323 1386 1370 1474 sed
1323 1503 1370 1636 mille
1321 1658 1368 1823 rebus.
1332 1848 1341 1912 ν-
1320 1938 1367 2047 Hoc
1302 2071 1365 2286 episodio
1302 2304 1363 2632 praestantius
1302 2656 1364 2918 quidquam

1244 1251 1291 1456 inveniri
1228 1491 1275 1639 posse
1225 1682 1274 1823 nego,
1241 1904 1288 2026 Tam
1238 2073 1285 2424 admirabiliter
1238 2472 1283 2600 enim
1237 2648 1283 2918 miscentur

1166 1252 1198 1333 res
1153 1368 1211 1745 diversissimae,
1161 1782 1208 2026 simulatio
1160 2063 1202 2114 et
1159 2150 1205 2251 veri
1158 2276 1190 2447 sensus
1143 2476 1205 2780 significatio,
1158 2817 1199 2917 tam

1086 1251 1132 1533 necessario
1084 1569 1132 1723 altera
1083 1758 1114 1818 ex
1081 1853 1129 2003 altera
1067 2038 1125 2270 nascitur,
1079 2306 1121 2404 tam
1063 2445 1119 2719 opportune
1079 2756 1110 2809 se
1078 2843 1125 2916 in-

1007 1250 1054 1406 vicem
992 1442 1054 1692 adiuvant,
1004 1746 1045 1844 tam
1001 1894 1048 2019 scite
1000 2066 1047 2126 ad
999 2174 1030 2321 unum
1000 2368 1039 2591 eventum
1000 2629 1031 2723 non
999 2757 1045 2915 minus

928 1249 977 1456 fortuita
911 1492 957 1633 quam
911 1671 970 1891 quaesita
904 1926 969 2210 diriguntur,
920 2245 961 2345 tam
904 2380 961 2492 apte
921 2521 967 2666 etiam
904 2698 951 2822 quae
919 2841 966 2914 in-

849 1250 892 1329 ter
848 1362 879 1416 se
830 1452 878 1668 pugnare
842 1702 892 1925 videntur
824 1960 881 2256 congruunt,
839 2293 883 2346 ut
840 2379 871 2473 non
840 2507 887 2719 hominis
839 2757 886 2912 alicu-

770 1250 818 1326 ius
756 1361 811 1495 arte,
766 1550 814 1639 sed
764 1686 807 1888 naturae
760 1933 806 2227 necessitate
745 2272 800 2582 procreatum
759 2618 791 2729 esse
743 2764 803 2911 putes

676 1252 724 1403 opus,
686 1454 735 1590 cuius
669 1625 735 1922 singularum
664 1955 728 2166 partium
678 2201 712 2297 non
663 2333 727 2567 simplex,
679 2624 727 2711 sed
679 2746 728 2910 multi-
