5010 3336
2003 722 2044 729 ‚n
2335 730 2338 731 γ
2531 741 2542 750 e

2287 755 2298 762 μ

862 683 908 690 -Ὰ-
926 686 978 691 μ,
1002 684 1069 692 Μ-,ι

3831 2142 3887 2264 456

3680 1364 3745 1691 cognoscendi
3680 1727 3743 1933 cupidae
3694 1971 3726 2031 ex
3691 2065 3741 2213 Inone
3675 2247 3739 2381 ipsa,
3672 2428 3734 2665 numquid
3667 2701 3729 3041 comperisset,

3617 1363 3664 1643 sciscitatae
3616 1679 3648 1804 esse.
3615 1876 3664 1971 Pro
3598 2006 3661 2207 fugitiva
3611 2243 3659 2371 enim
3607 2409 3657 2640 Athamas
3604 2694 3636 2800 eam
3587 2847 3649 3039 pridem

3537 1359 3586 1631 adduxerat
3525 1665 3588 1742 *).,
3537 1794 3578 1849 ut
3536 1883 3583 1931 in
3534 1965 3582 2094 illam
3531 2131 3578 2330 minime
3528 2366 3576 2577 omnium
3509 2615 3572 2830 suspicio
3521 2865 3554 3038 conve-

3445 1358 3506 1501 niret,
3442 1538 3505 1745 ipsaque
3457 1780 3499 1878 tam
3452 1914 3503 2186 deformata
3452 2213 3493 2319 erat
3437 2353 3499 2505 luctu,
3449 2542 3490 2593 ut
3447 2620 3477 2647 a
3443 2674 3491 2866 nemine
3427 2890 3474 3038 agno-

3379 1358 3421 1596 sceretur.
3376 1664 3427 1912 Inventam
3374 1950 3416 2113 autem
3372 2148 3404 2257 eam
3371 2291 3417 2350 ab
3366 2386 3418 2684 Athamante
3363 2719 3411 2890 eadem
3362 2926 3394 3040 esse

3299 1357 3347 1547 ratione
3284 1581 3344 1720 puto,
3283 1759 3329 1855 qua
3294 1888 3336 2113 narratur
3275 2147 3339 2278 apud
3290 2305 3339 2578 Germanos
3283 2606 3337 2883 Genoveva.
3282 2935 3332 3036 Ve-

3219 1358 3268 1540 nationi
3219 1576 3268 1704 enim
3217 1739 3249 1828 rex
3201 1865 3263 2121 studebat,
3213 2172 3259 2251 cui
3211 2297 3260 2458 studio
3195 2494 3242 2692 operam
3205 2730 3253 2850 dans
3188 2887 3235 3036 quum

3126 1355 3173 1506 saepe
3139 1535 3188 1715 diutius
3138 1752 3169 1779 a
3135 1805 3184 1954 domo
3122 1979 3182 2192 abesset⁷
3132 2227 3181 2387 alebat
3115 2416 3178 2725 augebatque
3123 2749 3175 3035 Themisto-

3062 1354 3109 1429 nis
3045 1466 3108 1798 suspicionem
3056 1835 3088 1948 esse
3056 1983 3102 2029 ei
3051 2075 3099 2481 consuetudinem
3050 2510 3082 2619 cum
3034 2648 3093 2854 aemula,
3029 2890 3076 3033 quam

2982 1354 3031 1404 in
2980 1439 3030 1685 Parnasso
2978 1721 3026 1830 loco
2961 1866 3023 2027 aliquo
2975 2064 3017 2171 tuto
2972 2208 3019 2390 servari
2970 2424 3003 2592 rumor
2951 2627 3012 2871 serpebat.

2902 1483 2951 1605 Post
2886 1640 2947 1881 parodum
2897 1917 2928 2006 rex
2896 2041 2928 2153 cum
2893 2190 2926 2342 uxore
2875 2377 2939 2570 prodit3
2873 2605 2938 2822 Inonem,
2883 2858 2928 2913 ut
2883 2938 2931 3032 mi-

2824 1350 2857 1509 seram
2803 1545 2870 1909 afssictamque,
2800 1958 2864 2134 pietati
2811 2170 2865 2503 Themistonis
2805 2541 2853 2863 commendat.
2803 2932 2853 3030 Mi-

2744 1347 2788 1486 ratur
2726 1518 2788 1710 regina,
2725 1764 2786 1896 quod
2720 1931 2778 2176 perpetuo
2733 2213 2766 2440 moerore
2731 2473 2780 2557 Ino
2712 2594 2775 2909 conficiatur-3
2708 2943 2755 3029 ge-

2663 1347 2697 1523 nerosa
2660 1568 2693 1674 eam
2643 1711 2706 1866 stirpe
2657 1902 2700 2060 ortam
2655 2097 2688 2209 esse
2655 2257 2687 2317 ex
2635 2371 2699 2591 eorporis
2634 2626 2697 2812 forma,
2629 2858 2675 3028 quam-

2584 1346 2632 1417 vis
2582 1454 2630 1518 sit
2580 1553 2629 1687 luctu
2563 1724 2626 1923 situque
2560 1959 2617 2216 corrupta,
2559 2252 2619 2529 cognoscit3
2555 2574 2617 2921 ingenuitatem
2563 2956 2609 3027 vi-

2487 1346 2548 1566 tuperat:
2485 1616 2531 1778 neque
2498 1826 2544 1953 enim
2495 2005 2543 2266 convenire
2490 2310 2542 2588 libertatem
2486 2636 2534 2865 orationis
2482 2915 2515 3027 cum

2422 1346 2469 1585 servitute
2420 1622 2462 1673 et
2403 1709 2464 1882 pannis
2403 1919 2463 2156 vestium,
2414 2204 2461 2292 sed
2413 2340 2445 2453 esse
2410 2488 2443 2649 mores
2405 2685 2456 2909 fortunae
2402 2944 2434 3026 ac-

2339 1344 2388 1740 commodandos.
2335 1817 2386 1998 Contra
2335 2033 2382 2156 haec
2335 2194 2366 2281 rex
2332 2327 2380 2500 utilem
2330 2548 2376 2616 ait
2325 2650 2375 2856 dominis
2306 2890 2371 3026 inge-

2261 1343 2310 1583 nuitatem
2242 1618 2305 1774 magis
2241 1813 2287 1954 quam
2254 1991 2303 2313 adulationem
2254 2351 2285 2407 ac
2245 2444 2300 2876 dissimulationem
2242 2913 2275 3026 esse

2163 1343 2215 1627 servorum,
2164 1663 2210 1823 neque
2160 1859 2209 2070 egenos,
2174 2120 2221 2161 si
2174 2199 2221 2296 sint
2158 2330 2220 2471 probi
2156 2504 2214 2651 atque
2149 2685 2215 2909 ingenui,
2163 2945 2195 3022 re-

2087 1342 2147 1593 spuendos
2097 1630 2129 1766 esse:
2095 1804 2143 2002 fidelem
2094 2039 2140 2166 enim
2094 2202 2125 2314 esse
2090 2348 2140 2591 neminem
2070 2621 2121 2786 posse,
2083 2822 2131 2914 nisi
2069 2938 2130 3023 qui

2009 1341 2056 1465 quae
2019 1500 2066 1679 sentiat
2017 1715 2065 1867 libere
2014 1901 2064 2145 fateatur:

1939 1470 1990 1681 τοιάνδε
1921 1714 1989 1810 χρὴ
1922 1845 1987 2064 γυναικὶ
1918 2094 1981 2409 προςπολεῖν
1920 2444 1984 2554 ἐᾶν,

1844 1468 1911 1581 ἥτις
1858 1615 1908 1674 τὸ
1843 1708 1908 1805 μὲν
1853 1841 1905 2049 δίκαιον
1853 2085 1903 2150 οὐ
1835 2186 1901 2464 σιγήσεται,

1778 1471 1830 1534 τὰ
1778 1572 1828 1618 δ’
1762 1656 1828 1841 αἰσχρὰ
1760 1878 1820 2022 μισεῖ
1771 2050 1823 2139 καὶ
1770 2172 1819 2286 κατ’
1754 2322 1826 2641 ὀφθαλμοὺς
1754 2674 1820 2777 ἐρεῖ
1750 2811 1815 2893 **)

1702 1469 1720 2522 ——n————-—-..

1603 1464 1671 1580 ἐμοὶ
1601 1614 1667 1716 γὰρ
1599 1754 1664 1832 εἴη
1597 1867 1661 2084 πτωχός,
1610 2122 1661 2166 εἰ
1609 2200 1660 2255 δὲ
1594 2290 1659 2553 βούλεται,

1520 1466 1581 1679 πτωχοῦ
1518 1714 1584 1932 κακίων,
1520 1968 1582 2103 ὄςτις
1527 2138 1579 2213 ὢν
1516 2247 1575 2441 εὔνους
1512 2471 1580 2586 ἐμοὶ

1439 1466 1504 1643 φόβον
1436 1677 1501 1963 παρελθὼν
1446 1996 1501 2129 τιέπὸ
1432 2164 1496 2383 καρδίας
1429 2418 1496 2540 ἐρεῖ.

1363 1335 1424 1668 Quamobrem
1371 1702 1402 1763 ne
1370 1800 1417 1862 sit
1352 1895 1416 2102 maligna
1351 2136 1414 2384 afflictae,
1363 2420 1411 2509 sed
1363 2545 1397 2605 ex
1344 2642 1409 2781 copia
1341 2816 1408 3016 largiter

1278 1334 1342 1498 egenti
1276 1533 1340 1796 impertiat,
1288 1833 1331 2024 monet:

1192 1852 1260 1923 μὴ
1191 1961 1254 2286 σκυθρωπὸς
1203 2318 1254 2429 ἴσθ’
1188 2464 1252 2602 ἄγαν

1118 1460 1182 1592 πρὸς
1119 1626 1187 1755 τοὺς
1116 1788 1175 1964 κακῶς
1111 1998 1175 2347 πράσσοντας,
1108 2383 1170 2671 ἄνθρωπος
1102 2704 1168 2913 γεγῶσ7·

1039 1459 1104 1691 ἀμουσία
1048 1726 1081 1806 τοι
1030 1841 1095 1963 μηδ’
1044 2002 1096 2078 ἐπ’
1027 2118 1093 2407 οἰκτροῖσιν
1025 2441 1091 2608 δάκρυ

956 1463 1020 1681 στάζειν,
964 1718 1015 1887 κακὸν
951 1922 1015 1995 δὲ,
945 2031 1010 2311 χρημάτων
959 2345 1007 2517 ὄντων
949 2551 1011 2681 ἅλις,

875 1456 940 1638 φειδοῖ
868 1667 926 1879 πονηρᾷ
867 1911 932 2092 μηδέν’
879 2130 934 2189 εὖ
877 2222 925 2392 ποιεῖν
864 2427 928 2634 βροτῶν
866 2669 927 2797 ***).

848 1331 855 1485 ---—5

771 1386 823 1433 2³²)
782 1469 822 1536 Cf.
765 1571 822 1738 fragm.
779 1770 819 1838 17.

700 1362 753 1433 ³2:222)
695 1464 751 1653 Bergkii
704 1683 747 2013 emendationes
690 2043 742 2205 recepi.

628 1327 683 1430 )
624 1464 679 1647 Fragm.
638 1666 680 1733 14.
636 1759 673 1802 et
636 1823 678 1892 15.
635 1918 676 1959 in
634 1987 661 2121 unum
630 2139 673 2341 coniunxi
628 2358 668 2400 et
628 2415 672 2769 emendationem
628 2785 671 3008 Welckeri

556 1465 610 1645 (ysyoio'
554 1679 592 1757 pro
552 1790 608 1951 γεγώς)
559 1985 604 2155 admisi.

1227 1456 1234 1515 ,-...
1226 1655 1232 1720 -—
