5010 3336
954 2148 1007 2225 23

1108 2866 1169 3009 caput
1104 2477 1166 2834 reportaturum
1113 2331 1145 2441 esse
1095 2025 1159 2297 pollicetur.
1093 1824 1143 1959 Pelle
1096 1663 1144 1789 enim
1094 1466 1157 1628 lupina
1095 1361 1144 1434 in-

1184 2865 1232 3009 dutus
1187 2577 1245 2819 caputque
1177 2353 1242 2529 capiti,
1176 2153 1239 2308 pedes
1189 1840 1235 2105 manusque
1174 1589 1237 1797 pedibus
1176 1359 1236 1544 aptans,

1261 2617 1327 3009 quadrupedem,
1259 2491 1307 2571 ubi
1256 2384 1303 2444 ad
1255 2157 1302 2339 fossam
1269 1869 1315 2111 navesque
1253 1518 1315 1820 pervenerit,
1252 1358 1300 1464 imi-

1347 2820 1389 3009 taturus
1345 2668 1398 2771 est„
1338 2568 1385 2617 in
1336 2297 1384 2521 solitariis
1337 2087 1381 2247 autem
1332 1894 1390 2039 lociS,
1347 1776 1379 1838 ne
1338 1511 1379 1729 moretur
1331 1355 1390 1465 iter,

1422 2869 1485 3010 bipes
1422 2513 1483 2834 ingressuruS.
1414 2104 1462 2444 Humilitatem
1411 1850 1459 2059 hominis
1410 1628 1471 1814 arguit,
1410 1447 1473 1575 quod
1409 1354 1457 1414 ad

1500 2911 1548 3008 tale
1496 2469 1546 2863 dissimulationis
1509 2266 1558 2418 genus
1492 1912 1539 2213 descendere
1490 1636 1547 1865 sustinet,
1489 1492 1535 1579 sed
1504 1352 1536 1447 non

1579 2676 1643 3007 stupiditatem
1590 2480 1637 2640 neque
1574 2201 1635 2446 ineptiam.
1571 1952 1618 2132 Fertur
1574 1760 1615 1919 autem
1568 1586 1614 1710 inter
1571 1352 1614 1543 nostros

1674 2813 1722 3007 quoque
1655 2607 1704 2772 fabula
1653 2324 1717 2557 oppidum
1648 2035 1712 2278 quoddam
1650 1865 1696 1991 bene
1646 1556 1705 1819 munitum,
1660 1350 1705 1499 quum

1739 2913 1785 3007 iam
1738 2828 1785 2879 in
1751 2736 1783 2794 eo
1738 2553 1790 2700 esset,
1736 2463 1781 2518 ut
1730 2210 1778 2430 hostibus
1728 1882 1787 2175 traderetur,
1725 1624 1788 1847 ignobilis
1722 1349 1771 1598 cuiusdam

1816 2797 1866 3008 hominis
1813 2606 1861 2752 simili
1811 2356 1869 2560 astutia,
1808 2173 1871 2302 quod
1807 2003 1870 2136 capri
1805 1793 1869 1970 pellem
1804 1454 1865 1756 formamque
1801 1348 1850 1422 in—

1897 2788 1955 3007 duisset,
1897 2493 1941 2739 servatum
1906 2332 1938 2457 esse.
1887 2041 1935 2264 Eundem
1885 1840 1933 2005 dolum
1883 1589 1931 1805 feliciter
1881 1344 1929 1555 cessisse

1976 2818 2024 3007 ludaeis
1989 2673 2022 2781 cum
1968 2337 2035 2637 Vespasiano
1969 2121 2018 2304 bellum
1965 1809 2030 2088 gerentibus
1962 1494 2011 1758 memoriae
1964 1344 2007 1450 tra-

2054 2879 2104 3006 didit
2053 2620 2117 2855 Iosephus
2051 2519 2110 2597 lll,
2052 2409 2098 2487 13.
2048 2294 2098 2369 Cf.
2047 1908 2111 2268 Vater.p.120.
2044 1626 2106 1873 Musgrav.
2042 1538 2089 1597 ad
2040 1346 2087 1519 v.208.

2135 2939 2183 3006 Et
2133 2749 2182 2907 Dolon
2133 2611 2195 2718 ipse
2147 2482 2180 2578 non
2147 2390 2178 2448 eo
2130 2220 2189 2354 loco,
2143 2081 2190 2177 quo
2138 1870 2172 2046 usurus
2127 1728 2170 1833 erat
2122 1600 2169 1695 hoc
2118 1343 2177 1567 artificio,

2214 2915 2261 3003 sed
2217 2627 2274 2881 antequam
2214 2339 2267 2591 uteretur,
2212 2116 2271 2285 captus
2210 1989 2253 2079 est.
2203 1757 2250 1922 Facile
2200 1478 2263 1725 ingenium
2198 1342 2246 1444 Eu-

2292 2806 2355 3005 ripidis,
2306 2676 2353 2769 quo
2290 2592 2337 2641 in
2290 2305 2337 2559 fraudibus
2283 1935 2350 2268 excogitandis
2297 1758 2329 1900 nemo
2280 1476 2326 1723 sollertior
2275 1341 2333 1447 fuit,

2372 2857 2418 3001 etiam
2387 2773 2418 2831 ex
2369 2601 2417 2745 huius
2367 2464 2414 2564 doli
2368 2213 2416 2430 novitate
2364 1856 2426 2178 cognoscitur.
2359 1572 2407 1803 Profecto
2355 1339 2411 1542 Dolone,

2450 2791 2509 3001 chorus,
2454 2688 2496 2743 ut
2448 2471 2507 2641 decet,
2446 2244 2493 2419 faustis
2442 1835 2507 2200 precationibus
2438 1480 2498 1799 laudibusque
2433 1338 2490 1447 viri,

2530 2918 2592 3000 qui
2528 2751 2575 2883 solus
2542 2628 2589 2716 pro
2526 2434 2587 2591 patria
2526 2352 2573 2400 in
2530 2094 2585 2318 tempore
2519 1774 2568 2050 necessario
2517 1514 2564 1728 laborem
2513 1340 2576 1469 peri-

2609 2743 2669 3002 culumque
2604 2411 2666 2707 susceperit,
2602 2038 2649 2373 strenuitatem
2597 1667 2662 2003 prosequitur,
2591 1338 2656 1631 Apollinem,

2688 2921 2749 3001 qui
2684 2676 2733 2875 Troiam
2683 2402 2741 2634 munivit,
2696 2111 2745 2352 precans,
2683 2009 2725 2064 nt
2692 1798 2725 1962 comes
2679 1698 2721 1746 et
2672 1493 2720 1654 socius
2685 1334 2717 1445 esse

2766 2829 2813 3001 Doloni
2765 2665 2812 2781 velit
2779 2498 2810 2619 neve
2760 2210 2825 2455 praemio,
2759 2028 2823 2159 quod
2755 1778 2820 1992 expetit,
2769 1621 2802 1731 eum
2751 1336 2799 1585 destituat.

2845 2780 2907 3001 Denique
2843 2498 2904 2734 laetatur,
2840 2315 2904 2444 quod
2840 2137 2887 2267 inter
2837 1874 2899 2093 Phryges
2834 1604 2880 1826 inventus
2831 1473 2889 1566 sit,
2828 1333 2890 1417 qui

2925 2783 2990 3000 ignaviae
2922 2412 2986 2747 opprobrium7
2936 2281 2982 2375 quo
2919 2005 2980 2253 Phrygum
2916 1622 2977 1979 Mysorumque
2924 1469 2970 1588 gens
2923 1334 2970 1445 pre-

3009 2812 3062 2998 matur,
3018 2707 3049 2763 re
3006 2607 3049 2657 et
3001 2415 3047 2558 factIs
2998 2099 3061 2367 propulset.
2994 1845 3041 2029 Tenuit
2996 1644 3037 1803 autem
2986 1332 3049 1598 Euripides

3102 2908 3148 2997 per
3097 2682 3130 2873 omnem
3083 2434 3126 2644 aetatem
3074 1999 3124 2395 consuetudinem
3110 1965 3131 1977 .,
3087 1832 3118 1928 non
3069 1574 3117 1798 homines
3071 1333 3126 1539 tantum,

3162 2907 3209 2995 sed
3160 2665 3224 2873 populos
3174 2435 3221 2627 quoque
3156 2245 3212 2401 tales,
3154 2042 3216 2209 quales
3152 1855 3214 2006 ipsius
3148 1518 3211 1819 temporibus·
3148 1330 3203 1483 erant,

3238 2597 3304 2995 repraesentandi
3244 2502 3283 2552 et
3236 2140 3283 2455 barbarorum
3232 1800 3279 2093 Asianorum
3240 1592 3274 1755 mores
3222 1330 3270 1555 Troianis

3316 2736 3368 2995 tribuendi.
3315 2426 3362 2654 Ceterum
3326 2058 3375 2374 quaecunque
3311 1849 3355 2010 insunt
3307 1688 3353 1803 huic
3304 1482 3359 1639 actui,
3316 1330 3363 1425 quo

3397 2792 3448 2993 Dolonis
3399 2543 3443 2743 conatus
3394 2208 3457 2494 exponitur„
3388 1994 3436 2153 omnia
3387 1884 3432 1944 ad
3384 1624 3447 1840 priorem
3381 1330 3439 1588 actionem,

3494 2866 3543 2991 quae
3476 2515 3523 2815 scenicorum
3473 2288 3520 2460 iniuria
3470 2082 3517 2242 recisa
3471 1929 3522 2035 est,
3463 1618 3526 1867 respicere
3460 1330 3506 1573 videntur.

3557 2821 3607 2989 Dolosi
3555 2658 3603 2788 enim
3553 2304 3615 2621 eiusdemque
3550 2114 3597 2271 timidi
3544 1844 3605 2081 hominis,
3541 1610 3590 1809 humilis
3538 1329 3586 1573 eiusdem-

3655 2894 3702 2988 que
3635 2598 3684 2847 insolentis
3631 2328 3695 2551 imagini,
3645 2187 3691 2281 quo
3627 1991 3689 2142 magis
3624 1628 3679 1955 elucesceret,
3617 1326 3682 1579 oppositae

3719 2791 3766 2989 fuerunt
3728 2533 3778 2771 personae
3710 2255 3759 2505 Diomedis
3707 1918 3769 2229 Ulyssssque,
3703 1562 3750 1883 animosorum
3697 1324 3761 1533 perinde

3803 2840 3860 2986 atque
3798 2557 3841 2807 cautorum
3791 2117 3852 2518 callidorumque,
3786 1902 3832 2085 virtute
3787 1818 3829 1866 ct
3786 1618 3829 1785 mutuo
3776 1407 3824 1581 auxilio
3779 1325 3821 1374 et

3873 2742 3940 2987 praesenti
3872 2550 3921 2709 animo
3872 2306 3930 2514 rectius7
3883 2116 3931 2258 quam
3867 1888 3912 2081 invento
3861 1635 3917 1852 sordido,
3856 1326 3905 1601 fidentium.

3954 2858 4004 2988 Tum
3951 2611 4018 2812 praemii
3951 2402 4014 2564 pactio
3944 1978 3997 2355 insolentissima
3940 1595 4005 1928 componenda
3936 1468 3983 1560 fuit
3948 1326 3981 1434 cum

4033 2691 4082 2984 abstinentia
4032 2406 4079 2659 hominum
4028 2268 4076 2370 solo
4025 2048 4091 2235 patriae
4038 1849 4071 2014 amore
4026 1764 4069 1815 et
4016 1506 4085 1731 generosi
4011 1324 4060 1468 animi

4113 2763 4176 2979 impetu,
4116 2662 4160 2717 ut
4112 2462 4159 2619 solent
4122 2181 4172 2421 personae
4103 1828 4167 2148 Euripideae,
4100 1719 4147 1779 ad
4090 1326 4156 1684 suscipiendum
