5010 3336
3979 2181 4033 2261 78

3824 1390 3886 1466 agi
3828 1499 3887 1705 solitam,
3839 1741 3873 1836 non
3840 1869 3871 1897 a
3838 1931 3890 2194 Theodoro
3823 2229 3871 2440 unquam
3837 2474 3881 2557 aut
3832 2590 3883 2899 Aristodemo
3817 2920 3841 2933 ,
3828 2970 3862 3051 re-

3742 1387 3791 1474 ges
3744 1509 3802 1838 tyrannosque
3759 1871 3807 2013 tertio
3758 2045 3806 2154 loco
3743 2180 3805 2448 agentibus,
3740 2483 3797 2895 repraesentatam
3746 2923 3783 3049 esse.

3680 1388 3729 1596 Miratur
3669 1630 3728 1996 Valckenarius,
3665 2033 3726 2188 quod,
3675 2240 3710 2345 cum
3677 2382 3724 2525 toties
3660 2576 3723 2782 pudicus
3670 2830 3721 3052 laudetur

3585 1385 3648 1703 Hippolytus,
3599 1739 3642 1836 tam
3599 1871 3630 1977 rara
3584 2011 3647 2268 Euripidei
3597 2307 3645 2434 facta
3595 2469 3645 2730 Phoenicis
3593 2765 3639 2944 mentio
3578 2975 3637 3050 sit,

3508 1386 3565 1530 atque
3521 1564 3567 1668 eius
3519 1704 3565 1773 rei
3519 1808 3550 2025 caussam
3519 2061 3567 2107 in
3518 2142 3567 2357 Homero
3503 2395 3563 2612 quaerit,
3515 2660 3562 2798 cuius
3512 2840 3558 3051 auctori-

3441 1383 3485 1532 tatem
3440 1568 3487 1700 videt
3438 1735 3486 1954 omnibus
3439 1988 3487 2221 debuisse
3437 2266 3485 2467 aliorum
3434 2512 3482 2862 narrationibus
3417 2911 3463 3051 prae-

3362 1380 3409 1562 valere.

3264 1511 3329 1824 Scripserunt
3281 1857 3325 1906 et
3265 1941 3330 2213 Sophocles
3279 2249 3322 2300 et
3278 2333 3327 2417 Ion
3265 2451 3326 2755 Phoenices,
3274 2807 3322 2895 sed
3273 2931 3304 3050 neu-

3203 1381 3245 1457 ter
3201 1484 3249 1614 idem
3185 1660 3244 1806 atque
3185 1852 3249 2118 Euripides
3183 2170 3243 2507 argumentum
3195 2561 3241 2799 tractasse
3183 2832 3241 3050 videtum

3122 1379 3171 1443 cf.
3119 1478 3169 1669 Welck.
3104 1706 3151 1753 p.
3119 1791 3167 1900 140.
3120 1938 3162 1987 et
3120 2019 3165 2131 955.

2782 1753 2837 1814 C.
2778 1916 2837 2656 Stheneboea.

2637 1503 2700 1853 Argumentum
2652 1904 2700 2047 huius
2653 2097 2702 2287 fabulae
2638 2323 2685 2478 nuper
2653 2514 2682 2540 a
2652 2574 2701 2763 VValzio
2651 2798 2699 3046 inventum

2560 1373 2616 1465 est„
2558 1499 2620 1699 margini
2556 1734 2620 2033 adscriptum
2571 2080 2621 2188 cod.
2562 2225 2622 2458 Medicei7
2559 2496 2619 2575 qui
2557 2613 2621 2839 Gregorii
2572 2877 2619 3047 Corin-

2492 1371 2538 1461 thii
2493 1498 2539 1680 scholia
2493 1715 2539 1774 ad
2477 1810 2540 2173 Hermogenem
2478 2209 2543 2324 περὶ
2478 2350 2541 2586 μεθόδου
2478 2612 2542 2907 δεινότητος
2492 2933 2524 3046 con-

2412 1369 2458 1493 tinet
2396 1529 2463 1703 (XXX,
2399 1741 2461 1871 13.),
2399 1920 2460 2211 initiumque
2413 2260 2459 2363 eius
2412 2401 2443 2507 cum
2395 2544 2458 2685 vulgo
2412 2723 2459 3046 communica-

2332 1366 2374 1469 tum
2334 1501 2379 1550 in
2334 1577 2381 1723 Rhet.
2333 1758 2380 1934 Graec.
2333 1964 2382 2024 T.
2332 2062 2382 2168 Vll.
2317 2199 2363 2245 p.
2331 2271 2377 2410 13:21.
2331 2479 2379 2747 Plurimum
2332 2784 2374 2948 autem
2333 2986 2380 3043 ad

2235 1366 2301 1753 cognoscendam
2254 1779 2301 2008 dramatis
2254 2039 2296 2329 structuram
2252 2363 2298 2567 contulit
2251 2583 2298 2902 Welckcrus:
2252 2933 2284 3045 nam

2156 1364 2203 1514 quum
2174 1549 2221 1657 solii
2158 1691 2217 1892 ruptura
2174 1928 2222 2143 lacunosi
2173 2179 2221 2361 litteras
2173 2398 2205 2565 omnes
2158 2622 2219 2899 diligentius
2173 2935 2219 3043 imi-

2092 1361 2140 1533 tandas
2079 1570 2142 1943 reddendasque
2082 1979 2136 2213 curasset,
2092 2252 2139 2545 coniecturis
2093 2577 2139 2773 lacunas
2077 2804 2140 3043 explendo

2012 1360 2059 1522 locum
2014 1568 2055 1722 totum
1997 1771 2061 2032 expedivit.
2014 2125 2061 2197 De
1997 2256 2059 2428 quibus
2012 2475 2054 2637 tamen
1996 2689 2058 3043 supplementis

1932 1358 1964 1453 non
1918 1487 1980 1669 ubique
1933 1705 1980 1827 mihi
1933 1860 1964 1969 cum
1933 2005 1980 2106 viro
1916 2142 1978 2566 praestantissimo
1920 2603 1977 2851 convenit„
1917 2899 1963 3042 quam

1836 1357 1899 1734 discrepantiam
1854 1760 1899 1807 in
1852 1832 1899 1958 notis
1850 1989 1901 2229 indicabo.
1852 2299 1901 2461 Verba
1838 2490 1899 2638 igitur
1838 2664 1901 2890 Gregorii
1853 2920 1900 3042 haec

1772 1358 1815 1496 sunt:
1772 1551 1819 1732 Ταῦτα
1757 1764 1823 1896 λέγει
1757 1931 1829 2229 Εὐριπίδης
1772 2263 1824 2319 ἐν
1754 2353 1822 2653 Σθενεβοίᾳ
1754 2687 1821 2759 τῷ
1756 2796 1822 3039 δράματι,

1677 1356 1742 1576 εἰςάγων
1692 1611 1742 1703 τὸν
1676 1739 1741 2170 Βελλεροφόντην
1674 2203 1739 2667 γνωμολογοῦντα.
1690 2721 1746 2868 ’Έστι
1691 2918 1743 2973 δὲ
1675 3007 1742 3042 ἦ

1601 1354 1661 1609 ὑπόθεσις
1594 1645 1663 1792 αὕτη.
1595 1863 1658 2095 Προῖτος
1593 2130 1665 2197 ἧν
1594 2238 1662 2562 Ἀκάμαντος
1599 2595 1660 2739 υἱός,
1595 2769 1663 3037 Ἀκρισίου

1528 1354 1580 1411 δὲ
1515 1450 1580 1744 [άδελφός],
1513 1795 1585 2037 βασιλεὺς
1528 2083 1579 2139 δὲ
1514 2194 1578 2485 Τίρυνθος·
1511 2538 1577 2707 γήμας
1528 2756 1579 2811 δὲ
1529 2844 1580 3037 Σθενέ-

1432 1352 1497 1540 βοιαν,
1436 1592 1499 1643 ἐξ
1431 1695 1504 1856 αὐτῆς
1431 1905 1500 2147 ἐγέννησε
1436 2193 1496 2402 παῖδας.
1433 2497 1498 2928 Βελλεροφόντου
1448 2982 1499 3038 δὲ

1351 1349 1417 1646 φεύγοντος
1365 1679 1420 1735 ἐκ
1352 1785 1416 2066 Κορίνθου
1365 2118 1416 2204 διὰ
1351 2250 1416 2455 φόνον,
1365 2510 1419 2673 αὐτὸν
1351 2718 1419 2814 μὲν
1350 2856 1418 3036 ἥγνισε

1286 1348 1332 1446 τοῦ
1272 1479 1335 1700 μύσους,
1269 1756 1336 1791 ἦ
1269 1824 1336 1961 γυνὴ
1284 1998 1336 2053 δὲ
1276 2090 1338 2279 αύτ[οὕ
1284 2313 1336 2407 τὸν
1273 2443 1337 2593 ξένον
1270 2626 1338 2740 μὲν]
1268 2780 1336 3033 ἠγάπησε,

1190 1348 1253 1524 τυχεῖν
1205 1561 1256 1617 δὲ
1204 1666 1260 1731 οὐ
1188 1784 1255 2051 δυναμένη
1202 2103 1248 2199 τοῦ
1188 2249 1255 2693 ἐπιθυμηθέντος,
1188 2748 1254 3033 διέβαλλεν,

1115 1349 1176 1419 ὡς
1123 1465 1177 1765 ἐπιτεθέντα
1107 1818 1180 1985 αὐτῇ,
1123 2050 1173 2142 τὸν
1108 2208 1172 2522 Κορίνθιον.
1112 2603 1174 2849 Πεισθεὶς
1121 2898 1173 2953 δὲ
1121 3003 1172 3033 ὁ

1030 1350 1092 1600 Προῖτος,
1027 1638 1094 1918 ἐξέπεμψεν
1041 1954 1098 2119 αὐτὸν
1030 2154 1091 2225 εἰς
1029 2257 1092 2495 Καρίαν,
1039 2533 1091 2621 ἴνα
1025 2656 1091 2910 ἀπόληται
1040 2945 1091 3031 διὰ

962 1353 1014 1419 τὰ
947 1469 1012 1783 [γράμματα,
951 1837 1010 1886 ἃ]
959 1936 1012 2167 ἐκέλευσε
943 2201 1009 2333 πρὸς
944 2358 1015 2597 Ἰοβάτην
945 2633 1009 2963 διακομίζειν.
959 3001 1010 3031 ὁ

882 1352 934 1409 δὲ
871 1468 927 1578 τοῖς
863 1633 928 1905 γράμμασι
867 1949 930 2185 οἰκούσας
863 2238 929 2449 πράττει
862 2495 926 2674 (scribe
868 2722 928 3030 ὑπακούσας

786 1349 851 1568 πράττει
779 1601 849 1744 τάδε)
819 1762 833 1773 ·
782 1809 848 2118 προςέταξεν
776 2153 853 2295 αὐτῷ
794 2322 846 2753 διακινδυνεῦσαι
781 2778 847 2912 πρὸς
781 2933 850 3029 τὴν
