5010 3336
1023 2064 1080 2181 551

1200 2855 1249 2949 que
1179 2686 1228 2800 inde
1176 2415 1226 2622 evadere
1178 2162 1236 2356 posset
1171 2107 1233 2161 ῖ).
1168 1810 1215 2036 Theseus
1168 1580 1213 1746 contra
1162 1288 1226 1532 pollicitus

1268 2873 1312 2949 est
1277 2761 1308 2815 se
1275 2607 1307 2713 eam
1273 2486 1303 2545 ex
1253 2165 1302 2438 labxrintho
1255 1870 1296 2114 serxatum
1247 1767 1293 1813 in
1245 1502 1308 1704 patriani
1257 1285 1288 1453 secum

1343 2624 1390 2947 abducturum
1342 2534 1382 2585 et
1351 2411 1398 2501 pio
1347 2225 1381 2374 uxore
1331 1898 1375 2190 habiturum.
1324 1560 1371 1828 Consilium
1322 1282 1369 1522 Ariadnae

1421 2872 1469 2950 his
1420 2674 1467 2836 verbis
1416 2428 1478 2641 explicat
1410 2104 1459 2392 Plutarchus
1424 2026 1455 2067 c.
1410 1897 1452 1983 19:
1401 1754 1452 1859 ἐπεὶ
1401 1662 1450 1718 δὲ
1399 1282 1450 1627 κατέπλευσεν

1499 2871 1557 2943 εἰς
1497 2585 1561 2832 Κρητην
1493 2477 1550 2546 ὠς
1490 2349 1555 2441 μὲν
1487 2261 1537 2311 οἱ
1484 2044 1535 2229 πολλοὶ
1483 1664 1548 2008 γράφουσι
1480 1520 1530 1627 καὶ
1480 1280 1544 1485 ᾄδου-

1590 2857 1637 2945 σι,
1594 2666 1639 2807 παρα
1575 2529 1636 2620 τῆς
1565 2221 1634 2489 Ἀριοὶὃνης
1564 1883 1628 2187 ἐρασθείσης
1563 1793 1612 1851 τὸ
1561 1609 1610 1758 λίνον
1560 1398 1623 1574 λαβὼν
1556 1276 1608 1364 καὶ

1654 2652 1721 2941 διδαχθεὶς
1650 2546 1709 2612 ὡς
1649 2406 1700 2508 ἔστι
1651 2278 1697 2374 τοῦ
1644 1908 1709 2242 λαβυρίνθου
1635 1752 1700 1878 τοὺς
1636 1484 1705 1726 ἑλιγμοὺς
1638 1274 1700 1458 διεξελ-

1741 2794 1797 2941 θεῖν
1732 2471 1784 2735 ἀπέκτεινε
1728 2322 1778 2415 τὸν
1726 1899 1789 2263 Μινώταυρον
1721 1765 1772 1851 καὶ
1722 1421 1771 1705 ἀπέπλευσε
1717 1274 1783 1371 τὴν

1811 2670 1880 2950 Ἀριαδνην
1806 2340 1873 2620 ἀναλαβὼν
1806 2205 1858 2293 καὶ
1800 2017 1864 2143 τοὺς
1802 1734 1869 1962 ἠϊθέους.
1805 1475 1850 1650 Exstat
1802 1272 1848 1418 etiam

1900 2611 1963 2942 fragmentum
1893 2499 1939 2559 ad
1892 2298 1939 2446 huius
1889 2146 1935 2245 doli
1886 1715 1949 2095 descriptionem
1884 1426 1946 1671 pertinens
1880 1270 1942 1387 (inc.

1996 2892 2027 2939 n.
1975 2695 2037 2856 206.):

2083 2746 2093 2808 -
2052 2526 2103 2675 λίνου
2050 2214 2112 2491 κλωστῆρα
2042 1913 2108 2180 περιφέρει
2041 1689 2107 1880 λαβών.

2137 2861 2184 2938 Ex
2136 2660 2182 2827 famuli
2133 2350 2181 2623 narratione
2130 2221 2175 2316 hoc
2127 1862 2189 2173 depromtum
2140 1703 2171 1813 esse
2124 1436 2185 1654 apparet.
2118 1266 2164 1365 Eo-

2218 2820 2262 2932 dem
2214 2554 2276 2766 pertinet
2212 2347 2274 2522 fragm.
2209 2217 2254 2310 inc.
2208 2040 2266 2182 202„
2220 1896 2267 1989 quo
2204 1738 2266 1848 ipsa
2200 1488 2250 1691 monstri
2197 1265 2247 1440 caedes

2294 2600 2359 2930 significatur:

2370 2777 2421 2805 ὁ
2370 2694 2420 2739 δ’
2367 2344 2432 2656 ἐσφάδαζεν,
2365 2208 2415 2305 οὐκ
2360 2040 2428 2173 ἔχων
2360 1686 2426 2005 ἀπαλλαγάς.

2453 2766 2500 2933 Potuit
2457 2455 2514 2709 praeterea
2448 2354 2493 2403 in
2448 2214 2494 2307 hac
2446 1913 2509 2165 tragoedia
2445 1712 2491 1870 locum
2442 1480 2489 1665 habere
2437 1262 2501 1435 fragm.

2533 2836 2579 2931 inc.
2534 2706 2577 2797 46:

2602 2698 2658 2798 σὺν
2609 2530 2657 2665 τοῖσι
2605 2303 2663 2494 δεινοῖς
2603 2058 2665 2266 αὔξεται
2600 1876 2661 2025 κλέος
2601 1616 2665 1843 βροτοῖς.

2690 2825 2740 2930 Nec
2692 2551 2737 2789 absonum
2694 2439 2734 2513 est
2688 2230 2748 2406 fragm.
2689 2067 2731 2190 110:

2768 2751 2817 2795 εἰ
2766 2660 2817 2715 δὲ
2769 2439 2815 2626 θανεῖν
2764 2227 2827 2405 θέμις,
2754 2088 2812 2188 ὧδε
2763 1865 2812 2055 θανεῖν
2759 1650 2820 1831 καλόν,

2847 2726 2904 2796 εἰς
2844 2499 2908 2689 ἀρετὴν
2840 1998 2905 2466 καταλυσαμένους
2842 1828 2904 1961 βίον.

2928 2632 2974 2796 Noctu
2926 2473 2973 2597 clam
2941 2328 2972 2434 cum
2924 2078 2971 2291 Ariadna
2922 1788 2969 2042 Theseum
2918 1499 2981 1751 aufugisse
2918 1397 2965 1463 ait
2916 1254 2963 1369 Dio—

3008 2774 3053 2925 dorus
3003 2639 3067 2724 (V,
3004 2475 3065 2601 51.)‚
3019 2335 3049 2424 nec
3008 2124 3065 2297 sponte
3003 1956 3048 2089 illam
3000 1609 3057 1919 deseruisse,
2998 1484 3045 1571 sed
2997 1251 3043 1446 Baccho

3084 2665 3140 2924 minitanti,
3098 2485 3145 2631 quum
3081 2261 3128 2448 Naxum
3082 1901 3143 2223 pervenisset,
3080 1529 3126 1852 concessisse.
3077 1385 3123 1460 Ad
3075 1251 3121 1347 De-

3165 2822 3211 2923 lum
3178 2592 3225 2785 quoque
3177 2445 3207 2555 eum
3161 2158 3224 2407 appulisse
3166 2056 3219 2122 et,
3176 1909 3206 2017 cum
3174 1733 3205 1871 sacra
3156 1488 3218 1702 Apollini
3155 1249 3200 1455 fecisset

3243 2634 3305 2922 signumque
3240 2382 3289 2589 Veneris
3240 2027 3299 2333 dedicasset,
3239 1850 3300 1978 quod
3237 1754 3283 1812 ab
3236 1508 3282 1717 Ariadna
3232 1250 3294 1470 accepis-

3326 2814 3378 2919 set,
3319 2496 3381 2765 tripudium
3320 2242 3365 2447 saltasse
3334 2096 3364 2204 cum
3317 1892 3379 2059 pueris
3315 1553 3378 1855 puellisque,
3313 1374 3374 1505 quod
3326 1250 3373 1337 po-

3405 2787 3446 2918 stero
3413 2564 3459 2757 quoque
3403 2309 3458 2531 tempore
3397 2154 3443 2279 Delii
3396 1767 3459 2123 usurpaverint,
3395 1574 3442 1732 refert
3390 1248 3438 1541 Plutarchus

3494 2876 3525 2919 c.
3479 2764 3523 2842 20.
3476 2505 3522 2692 Harum
3492 2293 3522 2454 rerum
3475 1775 3538 2247 praemonendarum
3489 1553 3521 1727 caussa
3471 1244 3518 1517 Minervam

3557 2853 3604 2916 de
3555 2679 3603 2817 coelo
3554 2342 3601 2643 descendere
3570 2102 3601 2306 necesse
3554 1957 3601 2067 suit.

3635 2638 3682 2785 Hunc
3635 2365 3680 2592 dramatis
3635 2135 3680 2314 exitum
3634 1892 3695 2083 pictura
3632 1638 3694 1845 quadam
3627 1244 3676 1603 Herculanensi

3715 2555 3777 2914 repraesentari
3714 2267 3775 2519 suspicor,
3714 2170 3760 2217 in
3728 2040 3774 2133 qua
3712 1778 3758 2004 Theseus
3710 1442 3772 1740 conspicitur
3706 1246 3769 1394 pallio

3793 2687 3852 2914 indutus,
3799 2447 3839 2637 caetera
3793 2222 3848 2410 nudus,
3799 2124 3839 2171 et
3808 1926 3839 2087 coram
3807 1830 3838 1888 eo
3790 1527 3837 1793 Minotauri
3783 1243 3834 1494 interfecti

3887 2733 3935 2911 corpus
3876 2337 3919 2659 cruentatum.
3872 2092 3918 2236 Pueri
3871 1727 3935 2022 puellaeque
3868 1475 3917 1652 servati
3881 1244 3925 1404 crura,

4062 2804 4117 2852 >l)
4064 2597 4106 2775 Diodor.
4065 2478 4115 2555 IV,
4064 2361 4105 2439 61:
4060 2148 4118 2325 Θησεὺς
4063 2035 4107 2096 δὲ
4064 1907 4113 1989 εἰς
4061 1657 4118 1866 λόγους
4058 1432 4105 1617 ἐλθών
4053 1242 4113 1391 αὐτῇ

4133 2692 4175 2769 καὶ
4133 2486 4189 2660 ταύτην
4134 2242 4191 2457 συνεργὸν
4132 2062 4189 2212 λαβών
4137 1941 4177 2033 κτλ.
