5010 3336
1115 2103 1172 2222 385

1266 2831 1314 2983 centis
1280 2709 1313 2801 non
1264 2477 1313 2683 leviores
1263 2307 1311 2451 animi
1262 2087 1309 2283 morbos
1276 2000 1308 2058 ex
1260 1515 1324 1974 perturbationibus,
1277 1340 1325 1481 quam

1344 2768 1408 2984 corporis
1359 2673 1390 2731 ex
1343 2360 1407 2638 pestilentia
1340 2183 1388 2315 nasci
1347 2090 1386 2137 et
1340 1843 1386 2036 dolores
1340 1555 1403 1808 utriusque
1341 1340 1391 1522 similes

1439 2861 1471 2986 esse.
1422 2663 1469 2794 Nihil
1426 2468 1468 2628 autem
1421 2236 1477 2435 horum,
1434 2063 1479 2187 quae
1418 1808 1478 2015 tempori
1419 1653 1465 1764 data
1426 1482 1479 1620 sunt,
1437 1340 1470 1435 non

1507 2870 1563 2986 apte
1502 2669 1547 2839 haeret
1505 2587 1546 2634 et
1499 2363 1546 2553 fabulae
1496 2078 1544 2313 convenit.
1495 1858 1543 2009 Cuius
1500 1635 1559 1825 generis
1504 1523 1547 1600 est
1500 1342 1548 1489 etiam

1579 2852 1637 2989 illud,
1578 2686 1641 2814 quod
1578 2590 1625 2651 dc
1578 2384 1641 2557 spuriis
1576 2238 1621 2348 filiis
1575 2024 1621 2202 dictum
1580 1913 1621 1987 est
1591 1837 1623 1878 V.
1578 1646 1623 1802 1050:

1649 2819 1705 2858 ὦ
1654 2474 1713 2783 δυςταλαινα
1656 2269 1718 2441 μῆτερ,
1644 2192 1701 2231 ὦ
1648 1977 1713 2157 πικραὶ
1651 1778 1715 1947 γοναί.

1734 2682 1799 2860 μηδείς
1737 2537 1784 2650 ποτ’
1733 2426 1797 2501 εἴη
1733 2290 1781 2394 τῶν
1730 2118 1794 2255 ἐμῶν
1729 1911 1793 2081 φίλων
1731 1702 1790 1879 νόθος.

1815 2790 1863 2991 'l'ulerat
1816 2544 1862 2757 Pericles
1814 2326 1878 2510 legem,
1829 2184 1875 2276 qua
1812 1868 1873 2140 quicunque
1827 1730 1860 1824 non
1816 1477 1874 1685 utroque
1829 1346 1875 1432 pa.-

1900 2852 1942 2991 rente
1893 2537 1941 2817 Atheniensi
1892 2406 1939 2505 nati
1896 2190 1948 2370 essent,
1891 2000 1953 2150 spurii
1892 1766 1939 1966 iudicati
1891 1538 1939 1732 civitate
1892 1345 1953 1502 priva-

1980 2823 2020 2991 rentur
2010 2791 2032 2803 ,
1989 2662 2035 2754 qua
1972 2522 2033 2629 lege
1986 2333 2034 2488 paene
1970 2087 2032 2296 quinque
1970 1904 2016 2054 millia
1970 1658 2018 1869 damnati
1970 1343 2032 1625 venditique

2058 2841 2100 2991 erant.
2052 2625 2108 2771 ldem,
2051 2370 2097 2589 omnibus
2049 2109 2110 2339 legitimis
2048 1908 2096 2075 liberis
2054 1733 2111 1873 peste
2049 1445 2107 1694 absumtis,
2066 1346 2097 1408 ne

2131 2785 2178 2992 orbitate
2143 2584 2175 2759 nomen
2126 2342 2175 2554 familiae
2133 2266 2174 2314 et
2128 1985 2188 2241 progenies
2127 1732 2188 1969 interiret,
2127 1523 2190 1698 legem,
2144 1343 2191 1486 quam

2209 2789 2265 2994 tulerat,
2208 2646 2270 2753 ipse
2206 2349 2270 2613 abrogavit.
2206 1938 2253 2279 Gratiticatum
2206 1812 2252 1903 hoc
2206 1602 2252 1775 Pericli
2222 1431 2266 1566 esse,
2212 1341 2256 1394 ut

2287 2914 2334 2994 lex
2287 2522 2348 2880 antiquaretur,
2285 2366 2331 2485 dicit
2284 2021 2331 2330 Plutarchus:
2284 1770 2331 1982 noluisse
2285 1608 2332 1736 enim
2286 1344 2349 1573 populum

2367 2778 2413 2994 cladibus
2364 2463 2411 2744 domesticis
2363 2271 2410 2428 fracto
2364 1937 2425 2233 deor-umque
2364 1728 2410 1904 invidia
2379 1466 2426 1699 oppresso
2366 1343 2412 1428 ad-

2445 2799 2492 2997 versari.
2444 2619 2491 2718 Sed
2444 2413 2501 2574 idem,
2444 2234 2505 2363 quod
2443 2103 2498 2198 illi,
2442 1888 2488 2052 multis
2442 1633 2505 1852 patribus
2443 1343 2491 1585 accidisse

2521 2759 2570 2993 credibile
2528 2622 2579 2724 est,
2528 2287 2583 2575 gratumque
2521 2032 2567 2251 omuibus
2519 1826 2567 1978 fuisse
2522 1490 2579 1793 remedium,
2538 1343 2583 1439 quo

2617 2768 2650 2996 numerus
2601 2560 2647 2731 civium
2598 1953 2662 2522 pestilentiaimminutus
2604 1645 2660 1918 augeretur.
2600 1466 2646 1576 Iloc
2601 1344 2662 1433 igi-

2687 2915 2727 2996 tur
2680 2682 2726 2885 Periclis
2679 2393 2726 2646 consilium
2679 2187 2740 2357 probat
2676 1876 2738 2153 Euripides,
2677 1717 2723 1809 Est
2678 1558 2724 1683 enim
2678 1344 2741 1534 Hippo-

2760 2866 2821 2997 lytus
2773 2655 2819 2831 genere
2756 2409 2820 2619 spurius,
2762 2218 2801 2372 matre
2761 2045 2801 2183 natus
2755 1789 2813 2007 barbara,
2755 1666 2802 1752 sed
2756 1453 2805 1631 virtute
2756 1344 2805 1420 vel

2837 2778 2885 2996 omnibus
2836 2516 2898 2741 legitimis
2834 2128 2897 2478 praestaittior3
2832 2030 2881 2092 cf.
2849 1962 2880 2003 v.
2835 1805 2880 1923 308:

2913 2668 2971 2868 νόθον,
2915 2323 2978 2630 φρονοῦντα
2911 2088 2976 2288 γνήσια.

2995 2841 3043 2999 Huius
2995 2615 3056 2806 generis
3010 2485 3041 2580 non
2992 2270 3039 2438 dubito
2993 2104 3055 2219 quin
2991 1920 3054 2060 plura
2989 1670 3039 1876 inveniri
2990 1435 3052 1623 possint
2992 1343 3039 1405 ad

3090 2905 3134 3001 reS,
3090 2745 3136 2870 quae
3078 2608 3120 2713 tum
3072 2370 3119 2574 maxime
3072 2034 3135 2342 gerebantur,
3069 1697 3133 2000 pertinentia.
3068 1528 3116 1628 Sed
3070 1343 3118 1495 maius

3158 2923 3201 2998 est
3154 2760 3214 2889 quod
3155 2390 3213 2726 argumentum
3151 2186 3210 2344 ipsum
3163 2079 3194 2138 ex
3149 1901 3195 2045 rebus
3148 1504 3195 1863 Atheniensium
3150 1343 3211 1467 peti-

3236 2892 3279 2998 tum
3235 2769 3289 2861 est,
3230 2608 3291 2733 quod
3228 2389 3285 2587 Thesei,
3228 2269 3289 2349 qui
3227 1994 3272 2235 civitatem
3226 1731 3283 1963 condidit,
3226 1529 3272 1699 domus
3227 1344 3289 1499 inopi-

3316 2888 3358 2997 nata
3309 2581 3356 2851 calamitate
3306 2245 3369 2553 opprimitur,
3304 2078 3365 2207 quod
3319 1942 3361 2042 rex,
3304 1788 3349 1903 dum
3309 1510 3350 1766 coronatus
3309 1342 3365 1487 atque

3389 2836 3437 2997 omnia
3387 2639 3433 2799 fausta
3400 2396 3448 2597 sperans
3400 2287 3429 2346 ex
3382 2058 3429 2251 oraculo
3382 1859 3439 2012 redit,
3381 1565 3427 1812 daemonis
3381 1342 3428 1518 invidia

3472 2797 3531 2999 repente
3471 2710 3513 2760 et
3480 2527 3513 2678 uxore
3469 2451 3509 2501 et
3462 2252 3508 2416 adulto
3460 2114 3505 2214 lilio
3460 1875 3517 2089 orbatur,
3458 1712 3521 1839 quod
3474 1511 3505 1675 omnes
3475 1344 3522 1483 prae-

3544 2690 3603 2997 stantissimi,
3558 2487 3591 2654 omncs
3541 2311 3602 2450 culpa
3539 2046 3586 2276 liberrimi
3537 1731 3593 2019 mulcantur,
3536 1564 3599 1693 quod
3553 1342 3586 1531 summa

3624 2659 3687 3000 generositate,
3635 2440 3669 2623 summa
3618 2133 3666 2419 fortitudine
3623 1966 3679 2110 atque
3616 1672 3663 1938 constantia
3622 1589 3662 1640 et
3615 1342 3664 1565 Phaedra

3709 2947 3751 2998 et
3702 2620 3766 2916 Hippolytus
3699 2461 3746 2583 mala
3698 2175 3761 2427 perferunt
3702 2093 3743 2140 et
3695 1835 3754 2059 interire,
3710 1644 3755 1786 quam
3694 1345 3757 1607 quidquam

3788 2857 3844 2999 turpe
3779 2479 3837 2811 committere,
3776 2233 3825 2432 malunt.
3775 2002 3832 2163 Idem,
3773 1824 3835 1950 quod
3772 1562 3833 1787 These0,
3774 1346 3821 1511 multis

3862 2724 3909 2999 Atticorum
3858 2601 3905 2682 illa
3860 2260 3918 2555 tempestate
3853 1979 3900 2215 accidisse
3867 1726 3898 1931 necesse
3856 1578 3898 1678 est:
3852 1345 3912 1517 quibus

3939 2873 3987 2997 hanc
3938 2627 3985 2839 fabulam
3933 2275 3981 2591 consolationi
3948 2132 3978 2241 esse
3931 1915 3978 2105 volebat
3930 1614 3992 1888 Euripides.
3929 1344 3977 1544 Plurimi

4018 2868 4065 2993 enim
4020 2782 4064 2832 et
4018 2496 4063 2749 senserant
4017 2402 4059 2450 et
4011 2031 4075 2359 cogitaverant
4026 1898 4068 1982 ca,
4025 1726 4071 1847 quae
4009 1596 4055 1678 illo
4009 1344 4057 1559 carmine

4096 2659 4142 2992 continentur:
4085 2592 4156 2625 ἦ
4087 2427 4154 2557 μέγα
4107 2304 4154 2393 μοι
4087 2209 4137 2271 τὰ
4088 2034 4137 2175 θεῶν
4084 1678 4151 2001 μελεδήματα
4087 1539 4135 1644 κτλ.

4173 2666 4221 2866 Plenum
4171 2455 4219 2631 talibus
4168 2027 4218 2420 meditationibus
4167 1907 4214 2002 fuit
4167 1713 4214 1879 drama
4163 1344 4226 1696 Bellerophon-

4256 2896 4311 2994 tes,
4252 2722 4313 2849 quod
4267 2585 4299 2675 una
4265 2425 4298 2534 cum
4249 2122 4313 2391 Hippolyto
4248 2026 4295 2074 in
4246 1748 4295 1993 theatrum
4244 1486 4293 1702 delatum
4258 1342 4291 1452 esse

4326 1626 4371 1687 25

2573 835 2693 856 :daz-24
2725 847 2727 849 .
2735 844 2739 845 γ
2747 843 2763 849 a.

2595 757 2597 762 ¹
2627 756 2629 767 ι

2415 819 2526 829 (Ns-,⁴
2547 813 2959 827 W-aeoae-——x--e-q-zv—--

3064 814 3066 816 ,
3090 810 3232 819 --ww

3454 836 3580 843 --ιηι--Α
3605 838 3625 842 γ..
3638 838 3663 841 .-

3415 732 3507 757 h»)

3247 783 3288 794 .¹,
3467 790 3469 792 .
3610 786 3614 787 ν
3660 785 3674 789 -
3704 783 3726 785 ν’
3790 787 3794 789 Α

3239 810 3337 816 1—-v
3349 808 3524 819 vum-*s
3536 808 3594 817 -227
3615 807 3745 817 .''·:„:—'-
3776 806 3795 815 -2
3827 805 3852 815 Α·
3877 814 3880 815 ⁷
3908 814 3914 815 ἶ
3936 806 3939 807 ⁷
