<?xml version="1.0" encoding="UTF-8"?>
<!DOCTYPE html PUBLIC "-//W3C//DTD XHTML 1.0 Transitional//EN"
    "http://www.w3.org/TR/xhtml1/DTD/xhtml1-transitional.dtd">
<html xmlns="http://www.w3.org/1999/xhtml" xml:lang="en" lang="en">
 <head>
  <title>
</title>
<meta http-equiv="Content-Type" content="text/html;charset=utf-8" />
  <meta name='ocr-system' content='tesseract 3.04.00' />
  <meta name='ocr-capabilities' content='ocr_page ocr_carea ocr_par ocr_line ocrx_word'/>
</head>
<body>
  <div class='ocr_page' id='page_1' title='image "./euripidesrestitu00hartuoft_raw_0173.png"; bbox 0 0 5010 3336; ppageno 0'>
   <div class='ocr_carea' id='block_1_1' title="bbox 4 3336 3336 3336">
    <p class='ocr_par' dir='ltr' id='par_1_1' title="bbox 4 3336 3336 3336">
     <span class='ocr_line' id='line_1_1' title="bbox 4 3336 1072 3336; textangle 90"><span class='ocrx_word' id='word_1_1' title='bbox 4 3336 435 3336; x_wconf 95' lang='lat' dir='ltr'><strong> </strong></span> <span class='ocrx_word' id='word_1_2' title='bbox 4 3336 1072 3336; x_wconf 95' lang='lat' dir='ltr'><strong> </strong></span> 
     </span>
     <span class='ocr_line' id='line_1_2' title="bbox 4 3336 3336 3336; textangle 90"><span class='ocrx_word' id='word_1_3' title='bbox 4 3336 3336 3336; x_wconf 95' lang='lat' dir='ltr'><strong>                                             </strong></span> 
     </span>
    </p>
   </div>
   <div class='ocr_carea' id='block_1_2' title="bbox 1036 2148 1093 2264">
    <p class='ocr_par' dir='ltr' id='par_1_2' title="bbox 1036 2148 1093 2264">
     <span class='ocr_line' id='line_1_3' title="bbox 1036 2148 1093 2264; textangle 90"><span class='ocrx_word' id='word_1_4' title='bbox 1036 2148 1093 2264; x_wconf 82' lang='lat'><strong>155</strong></span> 
     </span>
    </p>
   </div>
   <div class='ocr_carea' id='block_1_3' title="bbox 1203 1877 1229 2898">
    <p class='ocr_par' dir='ltr' id='par_1_3' title="bbox 1203 1877 1229 2898">
     <span class='ocr_line' id='line_1_4' title="bbox 1203 1877 1229 2898; textangle 90"><span class='ocrx_word' id='word_1_5' title='bbox 1220 2836 1229 2898; x_wconf 67' lang='grc'><strong>..-</strong></span> <span class='ocrx_word' id='word_1_6' title='bbox 1215 2645 1225 2705; x_wconf 83' lang='lat'><strong>-—-</strong></span> <span class='ocrx_word' id='word_1_7' title='bbox 1214 2456 1223 2512; x_wconf 69' lang='lat' dir='ltr'><strong>n-—u</strong></span> <span class='ocrx_word' id='word_1_8' title='bbox 1208 2262 1217 2323; x_wconf 84' lang='lat'><strong>——·-·</strong></span> <span class='ocrx_word' id='word_1_9' title='bbox 1207 2071 1215 2128; x_wconf 83' lang='lat'><strong>-—-</strong></span> <span class='ocrx_word' id='word_1_10' title='bbox 1203 1877 1211 1939; x_wconf 75' lang='lat'>...—</span> 
     </span>
    </p>
   </div>
   <div class='ocr_carea' id='block_1_4' title="bbox 1254 1353 1965 3330">
    <p class='ocr_par' dir='ltr' id='par_1_4' title="bbox 1254 1910 1335 2899">
     <span class='ocr_line' id='line_1_5' title="bbox 1254 1910 1335 2899; textangle 90"><span class='ocrx_word' id='word_1_11' title='bbox 1268 2800 1335 2899; x_wconf 76' lang='grc' dir='ltr'><strong>ἐγὼ</strong></span> <span class='ocrx_word' id='word_1_12' title='bbox 1268 2709 1320 2764; x_wconf 83' lang='grc' dir='ltr'><strong>δὲ</strong></span> <span class='ocrx_word' id='word_1_13' title='bbox 1264 2480 1328 2675; x_wconf 77' lang='grc' dir='ltr'><em>πατρὸς</em></span> <span class='ocrx_word' id='word_1_14' title='bbox 1255 2343 1325 2446; x_wconf 84' lang='grc' dir='ltr'>αἷμ’</span> <span class='ocrx_word' id='word_1_15' title='bbox 1254 1910 1322 2304; x_wconf 76' lang='grc' dir='ltr'><em>ἐτιμωρησάμην</em></span> 
     </span>
    </p>

    <p class='ocr_par' dir='ltr' id='par_1_5' title="bbox 1335 1874 1410 2895">
     <span class='ocr_line' id='line_1_6' title="bbox 1335 1874 1410 2895; textangle 90"><span class='ocrx_word' id='word_1_16' title='bbox 1345 2797 1400 2895; x_wconf 82' lang='grc' dir='ltr'><strong>σὺν</strong></span> <span class='ocrx_word' id='word_1_17' title='bbox 1351 2656 1407 2763; x_wconf 82' lang='grc' dir='ltr'><strong><em>τοῖς</em></strong></span> <span class='ocrx_word' id='word_1_18' title='bbox 1344 2332 1410 2623; x_wconf 78' lang='grc' dir='ltr'><em>ἐφηβήσασι</em></span> <span class='ocrx_word' id='word_1_19' title='bbox 1340 2193 1388 2299; x_wconf 83' lang='grc' dir='ltr'><strong>τῶν</strong></span> <span class='ocrx_word' id='word_1_20' title='bbox 1335 1874 1386 2159; x_wconf 81' lang='grc' dir='ltr'><em>ὀλωλότων.</em></span> 
     </span>
    </p>

    <p class='ocr_par' dir='ltr' id='par_1_6' title="bbox 1410 1361 1890 3330">
     <span class='ocr_line' id='line_1_7' title="bbox 1410 1370 1479 2893; textangle 90"><span class='ocrx_word' id='word_1_21' title='bbox 1431 2746 1479 2893; x_wconf 82' lang='lat' dir='ltr'>Redit</span> <span class='ocrx_word' id='word_1_22' title='bbox 1428 2538 1476 2712; x_wconf 88' lang='lat' dir='ltr'><strong>deinde</strong></span> <span class='ocrx_word' id='word_1_23' title='bbox 1425 2435 1472 2493; x_wconf 86' lang='lat' dir='ltr'><strong>ad</strong></span> <span class='ocrx_word' id='word_1_24' title='bbox 1422 2254 1469 2387; x_wconf 91' lang='lat' dir='ltr'><strong>illum</strong></span> <span class='ocrx_word' id='word_1_25' title='bbox 1417 1922 1475 2211; x_wconf 80' lang='lat' dir='ltr'><strong>Sthenelus,</strong></span> <span class='ocrx_word' id='word_1_26' title='bbox 1410 1592 1474 1874; x_wconf 85' lang='lat' dir='ltr'><strong>explorandi</strong></span> <span class='ocrx_word' id='word_1_27' title='bbox 1426 1370 1458 1539; x_wconf 73' lang='lat' dir='ltr'><strong>caussa,</strong></span> 
     </span>
     <span class='ocr_line' id='line_1_8' title="bbox 1492 1368 1569 3021; textangle 90"><span class='ocrx_word' id='word_1_28' title='bbox 1512 2904 1558 3021; x_wconf 90' lang='lat' dir='ltr'><strong>locis</strong></span> <span class='ocrx_word' id='word_1_29' title='bbox 1509 2654 1556 2865; x_wconf 86' lang='lat' dir='ltr'><strong>finitimis</strong></span> <span class='ocrx_word' id='word_1_30' title='bbox 1503 2334 1569 2618; x_wconf 83' lang='lat' dir='ltr'><strong>peragratis,</strong></span> <span class='ocrx_word' id='word_1_31' title='bbox 1498 2007 1557 2283; x_wconf 83' lang='lat' dir='ltr'><strong>nuntiatque</strong></span> <span class='ocrx_word' id='word_1_32' title='bbox 1510 1919 1540 1971; x_wconf 89' lang='lat' dir='ltr'><strong>se</strong></span> <span class='ocrx_word' id='word_1_33' title='bbox 1506 1637 1538 1882; x_wconf 82' lang='lat' dir='ltr'><strong>sermones</strong></span> <span class='ocrx_word' id='word_1_34' title='bbox 1492 1368 1551 1599; x_wconf 85' lang='lat' dir='ltr'><strong>quosdam</strong></span> 
     </span>
     <span class='ocr_line' id='line_1_9' title="bbox 1570 1365 1652 3021; textangle 90"><span class='ocrx_word' id='word_1_35' title='bbox 1590 2705 1652 3021; x_wconf 78' lang='lat' dir='ltr'><strong>agricolarum</strong></span> <span class='ocrx_word' id='word_1_36' title='bbox 1582 2387 1646 2667; x_wconf 81' lang='lat' dir='ltr'><strong>aucupando</strong></span> <span class='ocrx_word' id='word_1_37' title='bbox 1579 2132 1626 2350; x_wconf 84' lang='lat' dir='ltr'><strong>Oeneum</strong></span> <span class='ocrx_word' id='word_1_38' title='bbox 1575 1851 1621 2107; x_wconf 89' lang='lat' dir='ltr'><strong>invenisse.</strong></span> <span class='ocrx_word' id='word_1_39' title='bbox 1570 1537 1632 1782; x_wconf 81' lang='lat' dir='ltr'><strong>Suspenso</strong></span> <span class='ocrx_word' id='word_1_40' title='bbox 1572 1365 1632 1517; x_wconf 84' lang='lat' dir='ltr'><strong>gradu</strong></span> 
     </span>
     <span class='ocr_line' id='line_1_10' title="bbox 1653 1878 1730 3330; textangle 90"><span class='ocrx_word' id='word_1_41' title='bbox 1682 3265 1722 3330; x_wconf 54' lang='grc' dir='ltr'><strong>Μ’</strong></span> <span class='ocrx_word' id='word_1_42' title='bbox 1685 2964 1716 3019; x_wconf 80' lang='lat' dir='ltr'><strong>se</strong></span> <span class='ocrx_word' id='word_1_43' title='bbox 1667 2654 1730 2929; x_wconf 87' lang='lat' dir='ltr'><strong>adrepsisse</strong></span> <span class='ocrx_word' id='word_1_44' title='bbox 1674 2361 1721 2621; x_wconf 80' lang='lat' dir='ltr'><strong>auremque</strong></span> <span class='ocrx_word' id='word_1_45' title='bbox 1655 2053 1704 2325; x_wconf 84' lang='lat' dir='ltr'><strong>admovisse</strong></span> <span class='ocrx_word' id='word_1_46' title='bbox 1653 1878 1700 2018; x_wconf 88' lang='lat' dir='ltr'><strong>dicit:</strong></span> 
     </span>
     <span class='ocr_line' id='line_1_11' title="bbox 1725 1361 1811 3326; textangle 90"><span class='ocrx_word' id='word_1_47' title='bbox 1753 3265 1797 3326; x_wconf 51' lang='lat'><strong>&lt;2016</strong></span> <span class='ocrx_word' id='word_1_48' title='bbox 1746 2984 1795 3017; x_wconf 78' lang='grc' dir='ltr'><strong>οέ</strong></span> <span class='ocrx_word' id='word_1_49' title='bbox 1764 2941 1796 2970; x_wconf 81' lang='grc' dir='ltr'><strong><em>κ</em></strong></span> <span class='ocrx_word' id='word_1_50' title='bbox 1764 2897 1811 2925; x_wconf 77' lang='grc' dir='ltr'><em>ρ</em></span> <span class='ocrx_word' id='word_1_51' title='bbox 1746 2831 1806 2880; x_wconf 81' lang='grc' dir='ltr'><strong>ίζ</strong></span> <span class='ocrx_word' id='word_1_52' title='bbox 1762 2777 1794 2816; x_wconf 86' lang='grc' dir='ltr'>ω</span> <span class='ocrx_word' id='word_1_53' title='bbox 1761 2708 1803 2763; x_wconf 77' lang='grc' dir='ltr'><strong>ν,</strong></span> <span class='ocrx_word' id='word_1_54' title='bbox 1743 2499 1804 2679; x_wconf 79' lang='grc' dir='ltr'><em>ἄκροις</em></span> <span class='ocrx_word' id='word_1_55' title='bbox 1734 2328 1788 2483; x_wconf 83' lang='grc' dir='ltr'>ποσὶν</span> <span class='ocrx_word' id='word_1_56' title='bbox 1731 1854 1796 2306; x_wconf 74' lang='grc' dir='ltr'><strong><em>ἐπιπορευόμενος,</em></strong></span> <span class='ocrx_word' id='word_1_57' title='bbox 1727 1546 1793 1836; x_wconf 78' lang='grc' dir='ltr'><em>Εὐριπίδης</em></span> <span class='ocrx_word' id='word_1_58' title='bbox 1725 1361 1777 1528; x_wconf 75' lang='grc' dir='ltr'><strong><em>Οἰνεῖε</em></strong></span> 
     </span>
     <span class='ocr_line' id='line_1_12' title="bbox 1826 2719 1890 3322; textangle 90"><span class='ocrx_word' id='word_1_59' title='bbox 1845 3266 1876 3322; x_wconf 54' lang='lat' dir='ltr'><strong>mn</strong></span> <span class='ocrx_word' id='word_1_60' title='bbox 1826 2719 1890 3016; x_wconf 84' lang='lat' dir='ltr'><strong>Hesychius.</strong></span> 
     </span>
    </p>

    <p class='ocr_par' dir='ltr' id='par_1_7' title="bbox 1890 1353 1965 3285">
     <span class='ocr_line' id='line_1_13' title="bbox 1890 1353 1965 3285; textangle 90"><span class='ocrx_word' id='word_1_61' title='bbox 1925 3283 1928 3285; x_wconf 83' lang='lat'>·</span> <span class='ocrx_word' id='word_1_62' title='bbox 1902 2644 1965 2884; x_wconf 80' lang='lat' dir='ltr'><strong>„Simul</strong></span> <span class='ocrx_word' id='word_1_63' title='bbox 1914 2380 1949 2594; x_wconf 76' lang='lat' dir='ltr'><strong>aurem</strong></span> <span class='ocrx_word' id='word_1_64' title='bbox 1892 2034 1952 2329; x_wconf 65' lang='lat' dir='ltr'><strong>attendi,</strong></span> <span class='ocrx_word' id='word_1_65' title='bbox 1897 1905 1939 1973; x_wconf 78' lang='lat' dir='ltr'><strong>ut</strong></span> <span class='ocrx_word' id='word_1_66' title='bbox 1890 1604 1955 1854; x_wconf 81' lang='lat' dir='ltr'><strong>quirem</strong></span> <span class='ocrx_word' id='word_1_67' title='bbox 1902 1353 1935 1557; x_wconf 68' lang='lat' dir='ltr'><strong>exau-</strong></span> 
     </span>
    </p>
   </div>
   <div class='ocr_carea' id='block_1_5' title="bbox 1966 1311 3947 3336">
    <p class='ocr_par' dir='ltr' id='par_1_8' title="bbox 1966 1338 2743 3336">
     <span class='ocr_line' id='line_1_14' title="bbox 1966 1665 2038 3302; textangle 90"><span class='ocrx_word' id='word_1_68' title='bbox 2031 3268 2038 3302; x_wconf 78' lang='grc'><strong>.,</strong></span> <span class='ocrx_word' id='word_1_69' title='bbox 2025 3156 2033 3158; x_wconf 46' lang='lat'>2</span> <span class='ocrx_word' id='word_1_70' title='bbox 1972 2046 2020 2189; x_wconf 79' lang='lat' dir='ltr'><strong>dire</strong></span> <span class='ocrx_word' id='word_1_71' title='bbox 1966 1665 2035 2009; x_wconf 76' lang='lat' dir='ltr'><strong>amplius.⁷⁷</strong></span> 
     </span>
     <span class='ocr_line' id='line_1_15' title="bbox 2047 1350 2117 3331; textangle 90"><span class='ocrx_word' id='word_1_72' title='bbox 2086 3269 2117 3331; x_wconf 57' lang='lat' dir='ltr'><strong>mnf</strong></span> <span class='ocrx_word' id='word_1_73' title='bbox 2057 3156 2111 3158; x_wconf 72' lang='grc' dir='ltr'>ἶ</span> <span class='ocrx_word' id='word_1_74' title='bbox 2062 2806 2112 3012; x_wconf 88' lang='lat' dir='ltr'><strong>Videtur</strong></span> <span class='ocrx_word' id='word_1_75' title='bbox 2065 2611 2109 2772; x_wconf 88' lang='lat' dir='ltr'><strong>autem</strong></span> <span class='ocrx_word' id='word_1_76' title='bbox 2058 2354 2114 2574; x_wconf 78' lang='lat' dir='ltr'><strong>Oeneus,</strong></span> <span class='ocrx_word' id='word_1_77' title='bbox 2053 2044 2116 2298; x_wconf 76' lang='lat' dir='ltr'><strong>impatiens</strong></span> <span class='ocrx_word' id='word_1_78' title='bbox 2049 1567 2107 1993; x_wconf 86' lang='lat' dir='ltr'><strong>contumeliarum,</strong></span> <span class='ocrx_word' id='word_1_79' title='bbox 2047 1350 2110 1522; x_wconf 84' lang='lat' dir='ltr'><strong>quibus</strong></span> 
     </span>
     <span class='ocr_line' id='line_1_16' title="bbox 2123 1352 2205 3336; textangle 90"><span class='ocrx_word' id='word_1_80' title='bbox 2123 3270 2198 3336; x_wconf 54' lang='lat' dir='ltr'><strong>lm</strong></span> <span class='ocrx_word' id='word_1_81' title='bbox 2144 2774 2205 3012; x_wconf 87' lang='lat' dir='ltr'><strong>perpetuo</strong></span> <span class='ocrx_word' id='word_1_82' title='bbox 2138 2418 2197 2739; x_wconf 79' lang='lat' dir='ltr'><strong>afficiebatur,</strong></span> <span class='ocrx_word' id='word_1_83' title='bbox 2152 2354 2183 2380; x_wconf 93' lang='lat' dir='ltr'><strong>e</strong></span> <span class='ocrx_word' id='word_1_84' title='bbox 2148 2122 2182 2319; x_wconf 86' lang='lat' dir='ltr'><strong>carcere</strong></span> <span class='ocrx_word' id='word_1_85' title='bbox 2130 1857 2191 2088; x_wconf 86' lang='lat' dir='ltr'><strong>effugisse</strong></span> <span class='ocrx_word' id='word_1_86' title='bbox 2133 1633 2191 1800; x_wconf 82' lang='lat' dir='ltr'><strong>atque,</strong></span> <span class='ocrx_word' id='word_1_87' title='bbox 2127 1352 2175 1579; x_wconf 86' lang='lat' dir='ltr'><strong>dissimu-</strong></span> 
     </span>
     <span class='ocr_line' id='line_1_17' title="bbox 2207 1348 2279 3328; textangle 90"><span class='ocrx_word' id='word_1_88' title='bbox 2245 3275 2274 3328; x_wconf 28' lang='lat' dir='ltr'><strong>:sw-</strong></span> <span class='ocrx_word' id='word_1_89' title='bbox 2220 2914 2268 3011; x_wconf 87' lang='lat' dir='ltr'><strong>lato</strong></span> <span class='ocrx_word' id='word_1_90' title='bbox 2218 2689 2266 2879; x_wconf 86' lang='lat' dir='ltr'><strong>nomine</strong></span> <span class='ocrx_word' id='word_1_91' title='bbox 2217 2326 2279 2656; x_wconf 82' lang='lat' dir='ltr'><strong>dignitateque</strong></span> <span class='ocrx_word' id='word_1_92' title='bbox 2229 2179 2270 2291; x_wconf 86' lang='lat' dir='ltr'><strong>sua,</strong></span> <span class='ocrx_word' id='word_1_93' title='bbox 2209 1940 2258 2132; x_wconf 84' lang='lat' dir='ltr'><strong>servilia</strong></span> <span class='ocrx_word' id='word_1_94' title='bbox 2208 1645 2255 1908; x_wconf 87' lang='lat' dir='ltr'><strong>ministeria</strong></span> <span class='ocrx_word' id='word_1_95' title='bbox 2207 1521 2254 1610; x_wconf 91' lang='lat' dir='ltr'><strong>sub</strong></span> <span class='ocrx_word' id='word_1_96' title='bbox 2221 1348 2268 1486; x_wconf 87' lang='lat' dir='ltr'><strong>agre-</strong></span> 
     </span>
     <span class='ocr_line' id='line_1_18' title="bbox 2287 1344 2360 3326; textangle 90"><span class='ocrx_word' id='word_1_97' title='bbox 2327 3275 2352 3326; x_wconf 54' lang='lat' dir='ltr'><strong>·vm</strong></span> <span class='ocrx_word' id='word_1_98' title='bbox 2299 2942 2347 3008; x_wconf 85' lang='lat' dir='ltr'><strong>sti</strong></span> <span class='ocrx_word' id='word_1_99' title='bbox 2292 2749 2360 2908; x_wconf 81' lang='lat' dir='ltr'><strong>aliquo</strong></span> <span class='ocrx_word' id='word_1_100' title='bbox 2297 2526 2345 2721; x_wconf 86' lang='lat' dir='ltr'><strong>domino</strong></span> <span class='ocrx_word' id='word_1_101' title='bbox 2295 2298 2342 2502; x_wconf 85' lang='lat' dir='ltr'><strong>subisse.</strong></span> <span class='ocrx_word' id='word_1_102' title='bbox 2292 2064 2352 2229; x_wconf 87' lang='lat' dir='ltr'><strong>Itaque</strong></span> <span class='ocrx_word' id='word_1_103' title='bbox 2304 1892 2350 2035; x_wconf 88' lang='lat' dir='ltr'><strong>quum</strong></span> <span class='ocrx_word' id='word_1_104' title='bbox 2287 1650 2350 1863; x_wconf 86' lang='lat' dir='ltr'><strong>quotidie</strong></span> <span class='ocrx_word' id='word_1_105' title='bbox 2301 1518 2333 1625; x_wconf 90' lang='lat' dir='ltr'><strong>cum</strong></span> <span class='ocrx_word' id='word_1_106' title='bbox 2299 1344 2347 1494; x_wconf 84' lang='lat' dir='ltr'><strong>grege</strong></span> 
     </span>
     <span class='ocr_line' id='line_1_19' title="bbox 2363 1342 2436 3008; textangle 90"><span class='ocrx_word' id='word_1_107' title='bbox 2378 2715 2426 3008; x_wconf 80' lang='lat' dir='ltr'><strong>famulorum</strong></span> <span class='ocrx_word' id='word_1_108' title='bbox 2376 2629 2422 2679; x_wconf 91' lang='lat' dir='ltr'><strong>in</strong></span> <span class='ocrx_word' id='word_1_109' title='bbox 2390 2442 2436 2582; x_wconf 86' lang='lat' dir='ltr'><strong>agros</strong></span> <span class='ocrx_word' id='word_1_110' title='bbox 2373 2330 2419 2389; x_wconf 86' lang='lat' dir='ltr'><strong>ad</strong></span> <span class='ocrx_word' id='word_1_111' title='bbox 2386 2162 2433 2284; x_wconf 84' lang='lat' dir='ltr'><strong>opus</strong></span> <span class='ocrx_word' id='word_1_112' title='bbox 2368 1844 2415 2117; x_wconf 81' lang='lat' dir='ltr'><strong>faciendum</strong></span> <span class='ocrx_word' id='word_1_113' title='bbox 2367 1500 2422 1799; x_wconf 81' lang='lat' dir='ltr'><strong>mitteretur,</strong></span> <span class='ocrx_word' id='word_1_114' title='bbox 2363 1342 2410 1452; x_wconf 88' lang='lat' dir='ltr'><strong>fieri</strong></span> 
     </span>
     <span class='ocr_line' id='line_1_20' title="bbox 2442 1341 2520 3005; textangle 90"><span class='ocrx_word' id='word_1_115' title='bbox 2458 2834 2520 3005; x_wconf 71' lang='lat' dir='ltr'><strong>potuit,</strong></span> <span class='ocrx_word' id='word_1_116' title='bbox 2461 2729 2515 2797; x_wconf 77' lang='lat' dir='ltr'><strong>ut,</strong></span> <span class='ocrx_word' id='word_1_117' title='bbox 2454 2562 2501 2693; x_wconf 86' lang='lat' dir='ltr'><strong>forte</strong></span> <span class='ocrx_word' id='word_1_118' title='bbox 2454 2278 2507 2529; x_wconf 81' lang='lat' dir='ltr'><strong>inventus,</strong></span> <span class='ocrx_word' id='word_1_119' title='bbox 2464 2162 2496 2221; x_wconf 80' lang='lat' dir='ltr'><strong>ex</strong></span> <span class='ocrx_word' id='word_1_120' title='bbox 2448 1971 2494 2117; x_wconf 89' lang='lat' dir='ltr'><strong>certis</strong></span> <span class='ocrx_word' id='word_1_121' title='bbox 2444 1634 2507 1919; x_wconf 88' lang='lat' dir='ltr'><strong>quibusdam</strong></span> <span class='ocrx_word' id='word_1_122' title='bbox 2442 1404 2489 1598; x_wconf 89' lang='lat' dir='ltr'><strong>indiciis</strong></span> <span class='ocrx_word' id='word_1_123' title='bbox 2456 1341 2487 1369; x_wconf 85' lang='lat' dir='ltr'><strong>a</strong></span> 
     </span>
     <span class='ocr_line' id='line_1_21' title="bbox 2520 1341 2596 3003; textangle 90"><span class='ocrx_word' id='word_1_124' title='bbox 2535 2767 2584 3003; x_wconf 87' lang='lat' dir='ltr'><strong>Sthenelo</strong></span> <span class='ocrx_word' id='word_1_125' title='bbox 2538 2370 2596 2731; x_wconf 84' lang='lat' dir='ltr'><strong>agnosceretur.</strong></span> <span class='ocrx_word' id='word_1_126' title='bbox 2529 2211 2576 2298; x_wconf 92' lang='lat' dir='ltr'><strong>llle</strong></span> <span class='ocrx_word' id='word_1_127' title='bbox 2526 2007 2574 2165; x_wconf 88' lang='lat' dir='ltr'><strong>statim</strong></span> <span class='ocrx_word' id='word_1_128' title='bbox 2541 1854 2587 1971; x_wconf 90' lang='lat' dir='ltr'><strong>grex</strong></span> <span class='ocrx_word' id='word_1_129' title='bbox 2525 1769 2570 1816; x_wconf 90' lang='lat' dir='ltr'><strong>in</strong></span> <span class='ocrx_word' id='word_1_130' title='bbox 2539 1542 2571 1733; x_wconf 87' lang='lat' dir='ltr'><strong>scenam</strong></span> <span class='ocrx_word' id='word_1_131' title='bbox 2520 1341 2585 1506; x_wconf 87' lang='lat' dir='ltr'><strong>prodi-</strong></span> 
     </span>
     <span class='ocr_line' id='line_1_22' title="bbox 2600 1338 2674 3002; textangle 90"><span class='ocrx_word' id='word_1_132' title='bbox 2622 2867 2664 3002; x_wconf 87' lang='lat' dir='ltr'><strong>turus</strong></span> <span class='ocrx_word' id='word_1_133' title='bbox 2618 2755 2661 2830; x_wconf 89' lang='lat' dir='ltr'><strong>est</strong></span> <span class='ocrx_word' id='word_1_134' title='bbox 2612 2487 2674 2721; x_wconf 89' lang='lat' dir='ltr'><strong>chorique</strong></span> <span class='ocrx_word' id='word_1_135' title='bbox 2610 2196 2657 2450; x_wconf 84' lang='lat' dir='ltr'><strong>functurus</strong></span> <span class='ocrx_word' id='word_1_136' title='bbox 2620 1936 2665 2161; x_wconf 86' lang='lat' dir='ltr'><strong>munere,</strong></span> <span class='ocrx_word' id='word_1_137' title='bbox 2603 1838 2650 1886; x_wconf 90' lang='lat' dir='ltr'><strong>id</strong></span> <span class='ocrx_word' id='word_1_138' title='bbox 2603 1658 2664 1786; x_wconf 90' lang='lat' dir='ltr'><strong>quod</strong></span> <span class='ocrx_word' id='word_1_139' title='bbox 2600 1398 2663 1613; x_wconf 87' lang='lat' dir='ltr'><strong>praedici</strong></span> <span class='ocrx_word' id='word_1_140' title='bbox 2615 1338 2647 1365; x_wconf 90' lang='lat' dir='ltr'><strong>a</strong></span> 
     </span>
     <span class='ocr_line' id='line_1_23' title="bbox 2686 2146 2743 3001; textangle 90"><span class='ocrx_word' id='word_1_141' title='bbox 2693 2767 2743 3001; x_wconf 89' lang='lat' dir='ltr'><strong>Sthenelo</strong></span> <span class='ocrx_word' id='word_1_142' title='bbox 2691 2541 2738 2733; x_wconf 79' lang='lat' dir='ltr'><strong>videtur</strong></span> <span class='ocrx_word' id='word_1_143' title='bbox 2689 2370 2736 2507; x_wconf 85' lang='lat' dir='ltr'><strong>hisce</strong></span> <span class='ocrx_word' id='word_1_144' title='bbox 2686 2146 2734 2335; x_wconf 84' lang='lat' dir='ltr'><strong>verbis:</strong></span> 
     </span>
    </p>

    <p class='ocr_par' dir='ltr' id='par_1_9' title="bbox 2763 1335 2833 2873">
     <span class='ocr_line' id='line_1_24' title="bbox 2763 1335 2833 2873; textangle 90"><span class='ocrx_word' id='word_1_145' title='bbox 2769 2645 2833 2873; x_wconf 78' lang='lat' dir='ltr'><strong>„Unde</strong></span> <span class='ocrx_word' id='word_1_146' title='bbox 2768 2376 2817 2595; x_wconf 77' lang='lat' dir='ltr'><strong>omnia</strong></span> <span class='ocrx_word' id='word_1_147' title='bbox 2763 2019 2831 2332; x_wconf 79' lang='lat' dir='ltr'><strong>perdisci</strong></span> <span class='ocrx_word' id='word_1_148' title='bbox 2778 1898 2809 1969; x_wconf 88' lang='lat' dir='ltr'><strong>ac</strong></span> <span class='ocrx_word' id='word_1_149' title='bbox 2765 1514 2825 1850; x_wconf 71' lang='lat' dir='ltr'><strong>queantur</strong></span> <span class='ocrx_word' id='word_1_150' title='bbox 2772 1335 2823 1487; x_wconf 81' lang='lat' dir='ltr'><strong>per—</strong></span> 
     </span>
    </p>

    <p class='ocr_par' dir='ltr' id='par_1_10' title="bbox 2841 1899 2907 2148">
     <span class='ocr_line' id='line_1_25' title="bbox 2841 1899 2907 2148; textangle 90"><span class='ocrx_word' id='word_1_151' title='bbox 2844 2090 2891 2148; x_wconf 87' lang='lat' dir='ltr'><strong>ci</strong></span> <span class='ocrx_word' id='word_1_152' title='bbox 2841 1899 2907 2083; x_wconf 73' lang='lat' dir='ltr'><strong>pi’&#39;³&#39;·²).</strong></span> 
     </span>
    </p>

    <p class='ocr_par' dir='ltr' id='par_1_11' title="bbox 2920 1320 3549 2997">
     <span class='ocr_line' id='line_1_26' title="bbox 2920 1332 2991 2997; textangle 90"><span class='ocrx_word' id='word_1_153' title='bbox 2929 2613 2981 2997; x_wconf 87' lang='lat' dir='ltr'><strong>Advenientibus</strong></span> <span class='ocrx_word' id='word_1_154' title='bbox 2926 2327 2991 2577; x_wconf 73' lang='lat' dir='ltr'><strong>operariis,</strong></span> <span class='ocrx_word' id='word_1_155' title='bbox 2923 2029 2972 2293; x_wconf 86' lang='lat' dir='ltr'><strong>Diomedes</strong></span> <span class='ocrx_word' id='word_1_156' title='bbox 2920 1619 2981 1994; x_wconf 80' lang='lat' dir='ltr'><strong>Sthenelusque,</strong></span> <span class='ocrx_word' id='word_1_157' title='bbox 2932 1490 2980 1583; x_wconf 91' lang='lat' dir='ltr'><strong>quo</strong></span> <span class='ocrx_word' id='word_1_158' title='bbox 2931 1332 2963 1465; x_wconf 88' lang='lat' dir='ltr'><strong>com-</strong></span> 
     </span>
     <span class='ocr_line' id='line_1_27' title="bbox 2995 1330 3071 2996; textangle 90"><span class='ocrx_word' id='word_1_159' title='bbox 3011 2806 3059 2996; x_wconf 91' lang='lat' dir='ltr'><strong>modius</strong></span> <span class='ocrx_word' id='word_1_160' title='bbox 3008 2571 3071 2761; x_wconf 87' lang='lat' dir='ltr'><strong>possint</strong></span> <span class='ocrx_word' id='word_1_161' title='bbox 3022 2382 3053 2526; x_wconf 91' lang='lat' dir='ltr'><strong>voces</strong></span> <span class='ocrx_word' id='word_1_162' title='bbox 3018 1984 3065 2333; x_wconf 84' lang='lat' dir='ltr'><strong>sermonesque</strong></span> <span class='ocrx_word' id='word_1_163' title='bbox 3000 1647 3047 1936; x_wconf 87' lang='lat' dir='ltr'><strong>rusticorum</strong></span> <span class='ocrx_word' id='word_1_164' title='bbox 2995 1330 3057 1611; x_wconf 68' lang='lat' dir='ltr'><strong>subauscul-</strong></span> 
     </span>
     <span class='ocr_line' id='line_1_28' title="bbox 3073 1327 3146 2994; textangle 90"><span class='ocrx_word' id='word_1_165' title='bbox 3091 2874 3146 2994; x_wconf 85' lang='lat' dir='ltr'><strong>tari‚</strong></span> <span class='ocrx_word' id='word_1_166' title='bbox 3087 2674 3136 2828; x_wconf 88' lang='lat' dir='ltr'><strong>oculis</strong></span> <span class='ocrx_word' id='word_1_167' title='bbox 3101 2470 3134 2639; x_wconf 84' lang='lat' dir='ltr'><strong>eorum</strong></span> <span class='ocrx_word' id='word_1_168' title='bbox 3101 2382 3131 2435; x_wconf 91' lang='lat' dir='ltr'><strong>se</strong></span> <span class='ocrx_word' id='word_1_169' title='bbox 3083 2043 3139 2345; x_wconf 85' lang='lat' dir='ltr'><strong>subducunt;</strong></span> <span class='ocrx_word' id='word_1_170' title='bbox 3080 1861 3127 1997; x_wconf 86' lang='lat' dir='ltr'><strong>finito</strong></span> <span class='ocrx_word' id='word_1_171' title='bbox 3084 1664 3125 1824; x_wconf 87' lang='lat' dir='ltr'><strong>autem</strong></span> <span class='ocrx_word' id='word_1_172' title='bbox 3082 1458 3134 1627; x_wconf 77' lang='lat' dir='ltr'><strong>cantu,</strong></span> <span class='ocrx_word' id='word_1_173' title='bbox 3073 1327 3136 1410; x_wconf 89' lang='lat' dir='ltr'><strong>qui</strong></span> 
     </span>
     <span class='ocr_line' id='line_1_29' title="bbox 3159 1326 3231 2993; textangle 90"><span class='ocrx_word' id='word_1_174' title='bbox 3183 2903 3231 2993; x_wconf 87' lang='lat' dir='ltr'><strong>pro</strong></span> <span class='ocrx_word' id='word_1_175' title='bbox 3168 2685 3231 2868; x_wconf 86' lang='lat' dir='ltr'><strong>parodo</strong></span> <span class='ocrx_word' id='word_1_176' title='bbox 3169 2485 3223 2648; x_wconf 74' lang='lat' dir='ltr'><strong>esset,</strong></span> <span class='ocrx_word' id='word_1_177' title='bbox 3164 2398 3211 2448; x_wconf 91' lang='lat' dir='ltr'><strong>in</strong></span> <span class='ocrx_word' id='word_1_178' title='bbox 3166 2048 3225 2362; x_wconf 86' lang='lat' dir='ltr'><strong>conspectum</strong></span> <span class='ocrx_word' id='word_1_179' title='bbox 3159 1778 3215 2014; x_wconf 79' lang='lat' dir='ltr'><strong>redeunt,</strong></span> <span class='ocrx_word' id='word_1_180' title='bbox 3171 1470 3203 1742; x_wconf 88' lang='lat' dir='ltr'><strong>sermonem</strong></span> <span class='ocrx_word' id='word_1_181' title='bbox 3169 1326 3200 1435; x_wconf 92' lang='lat' dir='ltr'><strong>cum</strong></span> 
     </span>
     <span class='ocr_line' id='line_1_30' title="bbox 3233 1324 3303 2989; textangle 90"><span class='ocrx_word' id='word_1_182' title='bbox 3249 2821 3297 2989; x_wconf 90' lang='lat' dir='ltr'><strong>Oeneo</strong></span> <span class='ocrx_word' id='word_1_183' title='bbox 3245 2499 3303 2785; x_wconf 76' lang='lat' dir='ltr'><strong>conserturi,</strong></span> <span class='ocrx_word' id='word_1_184' title='bbox 3244 2352 3303 2462; x_wconf 84' lang='lat' dir='ltr'><strong>qui,</strong></span> <span class='ocrx_word' id='word_1_185' title='bbox 3241 2098 3303 2315; x_wconf 78' lang='lat' dir='ltr'><strong>quamvis</strong></span> <span class='ocrx_word' id='word_1_186' title='bbox 3240 1911 3286 2060; x_wconf 89' lang='lat' dir='ltr'><strong>otium</strong></span> <span class='ocrx_word' id='word_1_187' title='bbox 3238 1786 3283 1875; x_wconf 90' lang='lat' dir='ltr'><strong>sibi</strong></span> <span class='ocrx_word' id='word_1_188' title='bbox 3236 1679 3282 1736; x_wconf 89' lang='lat' dir='ltr'><strong>ad</strong></span> <span class='ocrx_word' id='word_1_189' title='bbox 3233 1324 3282 1629; x_wconf 82' lang='lat' dir='ltr'><strong>satisfacien-</strong></span> 
     </span>
     <span class='ocr_line' id='line_1_31' title="bbox 3315 1323 3389 2987; textangle 90"><span class='ocrx_word' id='word_1_190' title='bbox 3328 2872 3375 2987; x_wconf 90' lang='lat' dir='ltr'><strong>dum</strong></span> <span class='ocrx_word' id='word_1_191' title='bbox 3323 2566 3389 2838; x_wconf 81' lang='lat' dir='ltr'><strong>peregrinis</strong></span> <span class='ocrx_word' id='word_1_192' title='bbox 3337 2420 3369 2529; x_wconf 88' lang='lat' dir='ltr'><strong>esse</strong></span> <span class='ocrx_word' id='word_1_193' title='bbox 3324 2211 3382 2385; x_wconf 74' lang='lat' dir='ltr'><strong>neget,</strong></span> <span class='ocrx_word' id='word_1_194' title='bbox 3324 1975 3374 2165; x_wconf 86' lang='lat' dir='ltr'><strong>tamen,</strong></span> <span class='ocrx_word' id='word_1_195' title='bbox 3317 1763 3363 1937; x_wconf 78' lang='lat' dir='ltr'><strong>ductus</strong></span> <span class='ocrx_word' id='word_1_196' title='bbox 3315 1474 3361 1732; x_wconf 84' lang='lat' dir='ltr'><strong>dulcedine</strong></span> <span class='ocrx_word' id='word_1_197' title='bbox 3327 1323 3358 1438; x_wconf 89' lang='lat' dir='ltr'><strong>con-</strong></span> 
     </span>
     <span class='ocr_line' id='line_1_32' title="bbox 3389 1320 3469 2986; textangle 90"><span class='ocrx_word' id='word_1_198' title='bbox 3404 2629 3469 2986; x_wconf 89' lang='lat' dir='ltr'><strong>querendorum</strong></span> <span class='ocrx_word' id='word_1_199' title='bbox 3402 2334 3458 2592; x_wconf 68' lang='lat' dir='ltr'><strong>malorum,</strong></span> <span class='ocrx_word' id='word_1_200' title='bbox 3398 2236 3445 2297; x_wconf 90' lang='lat' dir='ltr'><strong>de</strong></span> <span class='ocrx_word' id='word_1_201' title='bbox 3397 2114 3455 2203; x_wconf 81' lang='lat' dir='ltr'><strong>iis,</strong></span> <span class='ocrx_word' id='word_1_202' title='bbox 3411 1955 3457 2076; x_wconf 89' lang='lat' dir='ltr'><strong>quae</strong></span> <span class='ocrx_word' id='word_1_203' title='bbox 3409 1655 3457 1920; x_wconf 84' lang='lat' dir='ltr'><strong>perpessus</strong></span> <span class='ocrx_word' id='word_1_204' title='bbox 3399 1516 3445 1620; x_wconf 77' lang='lat' dir='ltr'><strong>est,</strong></span> <span class='ocrx_word' id='word_1_205' title='bbox 3389 1320 3437 1478; x_wconf 73' lang='lat' dir='ltr'><strong>fusius</strong></span> 
     </span>
     <span class='ocr_line' id='line_1_33' title="bbox 3484 2755 3549 2983; textangle 90"><span class='ocrx_word' id='word_1_206' title='bbox 3484 2755 3549 2983; x_wconf 82' lang='lat' dir='ltr'><strong>exponit:</strong></span> 
     </span>
    </p>

    <p class='ocr_par' dir='ltr' id='par_1_12' title="bbox 3548 1671 3626 2854">
     <span class='ocr_line' id='line_1_34' title="bbox 3548 1671 3626 2854; textangle 90"><span class='ocrx_word' id='word_1_207' title='bbox 3557 2699 3626 2854; x_wconf 81' lang='grc' dir='ltr'><em>σχολὴ</em></span> <span class='ocrx_word' id='word_1_208' title='bbox 3557 2569 3621 2663; x_wconf 82' lang='grc' dir='ltr'><strong>μὲν</strong></span> <span class='ocrx_word' id='word_1_209' title='bbox 3555 2392 3621 2533; x_wconf 83' lang='grc' dir='ltr'><em>οὐχί·</em></span> <span class='ocrx_word' id='word_1_210' title='bbox 3557 2287 3623 2357; x_wconf 82' lang='grc' dir='ltr'><strong>τῷ</strong></span> <span class='ocrx_word' id='word_1_211' title='bbox 3554 2194 3605 2249; x_wconf 80' lang='grc' dir='ltr'><strong>δὲ</strong></span> <span class='ocrx_word' id='word_1_212' title='bbox 3548 1814 3616 2157; x_wconf 80' lang='grc' dir='ltr'><em>δυςτυχοῦντί</em></span> <span class='ocrx_word' id='word_1_213' title='bbox 3565 1671 3608 1781; x_wconf 82' lang='grc' dir='ltr'><strong>πως</strong></span> 
     </span>
    </p>

    <p class='ocr_par' dir='ltr' id='par_1_13' title="bbox 3628 1311 3947 2978">
     <span class='ocr_line' id='line_1_35' title="bbox 3628 1658 3704 2855; textangle 90"><span class='ocrx_word' id='word_1_214' title='bbox 3638 2628 3704 2855; x_wconf 77' lang='grc' dir='ltr'><strong><em>τερπνὸν</em></strong></span> <span class='ocrx_word' id='word_1_215' title='bbox 3634 2536 3687 2592; x_wconf 86' lang='grc' dir='ltr'><strong>τὸ</strong></span> <span class='ocrx_word' id='word_1_216' title='bbox 3636 2365 3698 2500; x_wconf 80' lang='grc' dir='ltr'><em>λέξαι</em></span> <span class='ocrx_word' id='word_1_217' title='bbox 3632 1861 3685 2331; x_wconf 71' lang='grc' dir='ltr'><em>κᾶποκλαύσασθαι</em></span> <span class='ocrx_word' id='word_1_218' title='bbox 3628 1658 3679 1827; x_wconf 75' lang='grc' dir='ltr'><em>πάλιν.</em></span> 
     </span>
     <span class='ocr_line' id='line_1_36' title="bbox 3706 1314 3782 2978; textangle 90"><span class='ocrx_word' id='word_1_219' title='bbox 3722 2568 3771 2978; x_wconf 86' lang='lat' dir='ltr'><strong>Contumeliarum</strong></span> <span class='ocrx_word' id='word_1_220' title='bbox 3718 2208 3782 2531; x_wconf 84' lang='lat' dir='ltr'><strong>Apollodorus</strong></span> <span class='ocrx_word' id='word_1_221' title='bbox 3714 1897 3779 2171; x_wconf 84' lang='lat' dir='ltr'><strong>exemplum</strong></span> <span class='ocrx_word' id='word_1_222' title='bbox 3712 1705 3761 1863; x_wconf 79' lang='lat' dir='ltr'><strong>refert</strong></span> <span class='ocrx_word' id='word_1_223' title='bbox 3708 1533 3757 1672; x_wconf 86' lang='lat' dir='ltr'><strong>hisce</strong></span> <span class='ocrx_word' id='word_1_224' title='bbox 3706 1314 3755 1499; x_wconf 86' lang='lat' dir='ltr'><strong>verbis:</strong></span> 
     </span>
     <span class='ocr_line' id='line_1_37' title="bbox 3786 1312 3865 2978; textangle 90"><span class='ocrx_word' id='word_1_225' title='bbox 3800 2892 3852 2978; x_wconf 81' lang='grc' dir='ltr'><strong>καὶ</strong></span> <span class='ocrx_word' id='word_1_226' title='bbox 3797 2654 3865 2858; x_wconf 79' lang='grc' dir='ltr'><em>προςέτι</em></span> <span class='ocrx_word' id='word_1_227' title='bbox 3799 2452 3860 2618; x_wconf 81' lang='grc' dir='ltr'>ζῶντα</span> <span class='ocrx_word' id='word_1_228' title='bbox 3796 2327 3846 2419; x_wconf 83' lang='grc' dir='ltr'><strong>τὸν</strong></span> <span class='ocrx_word' id='word_1_229' title='bbox 3792 2136 3845 2293; x_wconf 75' lang='grc' dir='ltr'><em>Οἰνέα</em></span> <span class='ocrx_word' id='word_1_230' title='bbox 3792 1741 3857 2103; x_wconf 76' lang='grc' dir='ltr'><strong><em>καθείρξαντες</em></strong></span> <span class='ocrx_word' id='word_1_231' title='bbox 3787 1450 3855 1709; x_wconf 60' lang='grc' dir='ltr'><strong><em>«ᾐκίζοντο.</em></strong></span> <span class='ocrx_word' id='word_1_232' title='bbox 3786 1312 3833 1387; x_wconf 84' lang='lat' dir='ltr'><strong>Ex</strong></span> 
     </span>
     <span class='ocr_line' id='line_1_38' title="bbox 3864 1311 3947 2974; textangle 90"><span class='ocrx_word' id='word_1_233' title='bbox 3883 2818 3947 2974; x_wconf 85' lang='lat' dir='ltr'><strong>ipsius</strong></span> <span class='ocrx_word' id='word_1_234' title='bbox 3880 2620 3945 2782; x_wconf 88' lang='lat' dir='ltr'><strong>operis</strong></span> <span class='ocrx_word' id='word_1_235' title='bbox 3880 2311 3943 2585; x_wconf 82' lang='lat' dir='ltr'><strong>fragmento</strong></span> <span class='ocrx_word' id='word_1_236' title='bbox 3876 1952 3940 2274; x_wconf 85' lang='lat' dir='ltr'><strong>cognoscitur,</strong></span> <span class='ocrx_word' id='word_1_237' title='bbox 3872 1593 3939 1899; x_wconf 86' lang='lat' dir='ltr'><strong>propositum</strong></span> <span class='ocrx_word' id='word_1_238' title='bbox 3869 1510 3915 1560; x_wconf 90' lang='lat' dir='ltr'><strong>in</strong></span> <span class='ocrx_word' id='word_1_239' title='bbox 3864 1311 3914 1474; x_wconf 82' lang='lat' dir='ltr'><strong>convi-</strong></span> 
     </span>
    </p>
   </div>
   <div class='ocr_carea' id='block_1_6' title="bbox 4137 2115 4198 2830">
    <p class='ocr_par' dir='ltr' id='par_1_14' title="bbox 4137 2115 4198 2830">
     <span class='ocr_line' id='line_1_39' title="bbox 4137 2115 4198 2830; textangle 90"><span class='ocrx_word' id='word_1_240' title='bbox 4144 2643 4198 2830; x_wconf 68' lang='lat' dir='ltr'><strong>Ogygus</strong></span> <span class='ocrx_word' id='word_1_241' title='bbox 4141 2370 4183 2612; x_wconf 85' lang='lat' dir='ltr'><strong>condidisse</strong></span> <span class='ocrx_word' id='word_1_242' title='bbox 4137 2115 4182 2339; x_wconf 81' lang='lat' dir='ltr'><strong>traditur.⁷&#39;</strong></span> 
     </span>
    </p>
   </div>
   <div class='ocr_carea' id='block_1_7' title="bbox 3926 739 4267 2901">
    <p class='ocr_par' dir='ltr' id='par_1_15' title="bbox 3926 739 4267 2901">
     <span class='ocr_line' id='line_1_40' title="bbox 3926 765 3946 767; textangle 90"><span class='ocrx_word' id='word_1_243' title='bbox 3926 765 3946 767; x_wconf 92' lang='grc' dir='ltr'>Ι</span> 
     </span>
     <span class='ocr_line' id='line_1_41' title="bbox 3990 763 4037 767; textangle 90"><span class='ocrx_word' id='word_1_244' title='bbox 3990 763 4037 767; x_wconf 83' lang='lat' dir='ltr'><strong>l</strong></span> 
     </span>
     <span class='ocr_line' id='line_1_42' title="bbox 4060 739 4126 2835; textangle 90"><span class='ocrx_word' id='word_1_245' title='bbox 4073 2624 4115 2835; x_wconf 87' lang='lat' dir='ltr'><strong>Diomede</strong></span> <span class='ocrx_word' id='word_1_246' title='bbox 4073 2355 4126 2583; x_wconf 76' lang='lat' dir='ltr'><strong>appellans</strong></span> <span class='ocrx_word' id='word_1_247' title='bbox 4068 2097 4124 2319; x_wconf 79' lang='lat' dir='ltr'><strong>significat</strong></span> <span class='ocrx_word' id='word_1_248' title='bbox 4067 1797 4118 2059; x_wconf 82' lang='lat' dir='ltr'><strong>Thebas,</strong></span> <span class='ocrx_word' id='word_1_249' title='bbox 4065 1642 4119 1744; x_wconf 83' lang='lat' dir='ltr'><strong>quia</strong></span> <span class='ocrx_word' id='word_1_250' title='bbox 4075 1502 4106 1603; x_wconf 82' lang='lat' dir='ltr'><strong>cam</strong></span> <span class='ocrx_word' id='word_1_251' title='bbox 4060 1306 4103 1463; x_wconf 90' lang='lat' dir='ltr'><strong>urbem</strong></span> <span class='ocrx_word' id='word_1_252' title='bbox 4069 739 4116 767; x_wconf 62' lang='lat' dir='ltr'><strong>j,</strong></span> 
     </span>
     <span class='ocr_line' id='line_1_43' title="bbox 4141 763 4267 2901; textangle 90"><span class='ocrx_word' id='word_1_253' title='bbox 4213 2852 4267 2901; x_wconf 37' lang='grc' dir='ltr'><strong>ὅ)</strong></span> <span class='ocrx_word' id='word_1_254' title='bbox 4214 2643 4267 2824; x_wconf 78' lang='lat' dir='ltr'><strong>Fragm.</strong></span> <span class='ocrx_word' id='word_1_255' title='bbox 4212 2530 4253 2614; x_wconf 84' lang='lat' dir='ltr'><strong>inc.</strong></span> <span class='ocrx_word' id='word_1_256' title='bbox 4226 2459 4252 2498; x_wconf 89' lang='lat' dir='ltr'><strong>n.</strong></span> <span class='ocrx_word' id='word_1_257' title='bbox 4210 2360 4250 2429; x_wconf 83' lang='grc'><strong>27.</strong></span> <span class='ocrx_word' id='word_1_258' title='bbox 4141 763 4238 767; x_wconf 78' lang='lat' dir='ltr'><strong>i</strong></span> 
     </span>
    </p>
   </div>
   <div class='ocr_carea' id='block_1_8' title="bbox 1172 3332 4353 3336">
    <p class='ocr_par' dir='ltr' id='par_1_16' title="bbox 1172 3332 4353 3336">
     <span class='ocr_line' id='line_1_44' title="bbox 1172 3332 4353 3336; textangle 90"><span class='ocrx_word' id='word_1_259' title='bbox 1172 3332 4353 3336; x_wconf 95' lang='lat' dir='ltr'><strong> </strong></span> 
     </span>
    </p>
   </div>
  </div>
 </body>
</html>
