5010 3336
3941 2142 3997 2223 50

3784 1337 3833 1480 quam
3802 1516 3848 1563 in
3802 1599 3847 1820 mortuae
3803 1856 3836 1998 manu
3790 2034 3813 2047 ,
3801 2086 3834 2197 cum
3786 2237 3847 2556 componeret
3786 2591 3835 2789 corpus,
3801 2824 3831 2849 a
3799 2878 3832 2932 se
3799 2960 3847 3032 in-

3718 1338 3761 1532 ventam
3722 1570 3753 1681 esse
3710 1717 3770 1922 diceret,
3722 1957 3770 2158 Theseo
3721 2196 3769 2357 attulit
3705 2388 3772 2457 *).
3722 2526 3771 2637 Non
3721 2672 3768 2807 venit
3703 2839 3769 3032 Hippo-

3623 1341 3685 1470 lytus
3624 1504 3687 1614 ipse
3641 1648 3689 1697 in
3625 1734 3683 2056 conspectum
3625 2093 3687 2275 patris,
3641 2333 3687 2421 sed
3625 2468 3672 2557 pro
3641 2594 3672 2652 eo
3639 2691 3688 2890 satelles
3639 2929 3685 3034 sive

3559 1340 3606 1526 amicus
3561 1563 3592 1787 caussam
3561 1825 3608 1979 dixit:

3463 1477 3527 1669 Θησεῦ,
3464 1707 3528 1949 παραινῶ
3480 1987 3520 2071 σοι
3480 2107 3530 2166 τὸ
3464 2203 3528 2436 λῷστον·
3480 2476 3530 2520 εἰ
3463 2556 3525 2791 φρονεῖς,

3382 1475 3449 1690 γυναικὶ
3398 1724 3448 1916 πείθου
3383 1952 3450 2082 μηδὲ
3382 2118 3449 2325 τάληθῆ
3397 2363 3448 2556 κλύων.

3219 1472 3286 1664 χρόνος
3222 1700 3287 1928 διέρπων
3238 1962 3288 2110 πάντ’
3222 2148 3288 2430 ἀληθεύειν
3223 2465 3284 2620 φιλεῖ.

3153 1344 3202 1508 Huius
3156 1545 3203 1767 oratione
3139 1804 3204 2087 scrupulum
3156 2126 3205 2328 Theseo
3156 2371 3203 2603 iniectum
3155 2657 3188 2769 esse
3155 2805 3203 2928 haec
3155 2965 3198 3039 te-

3072 1345 3116 1566 stantur:

2976 1478 3039 1601 φεῦ,
2978 1639 3041 1769 φεῦ’
2996 1807 3045 1866 τὸ
2980 1903 3049 1972 μὴ
2994 2008 3047 2071 τὰ
2978 2106 3044 2367 πράγματ’
2979 2405 3045 2716 ἀνθρώποις
2979 2751 3044 2882 ἔχειν

2895 1481 2962 1688 φωνήν,
2913 1727 2970 1788 ἵν’
2898 1826 2970 1963 ἦσαν
2898 1998 2964 2164 μηδὲν
2912 2201 2963 2252 οἱ
2912 2286 2964 2451 δεινοὶ
2898 2486 2963 2669 λέγειν.

2828 1479 2874 1583 νῦν
2831 1619 2881 1664 δ’
2818 1704 2881 1936 εὐρόοισι
2815 1972 2880 2193 στόμασι
2815 2226 2884 2591 τάληθέστατα

2737 1475 2799 1807 κλέπτουσιν,
2739 1844 2802 1967 ὥςτε
2733 2003 2801 2073 μὴ
2748 2110 2800 2289 δοκεῖν
2749 2325 2797 2357 ἃ
2732 2393 2799 2491 χρὴ
2748 2530 2799 2721 δοκεῖν.

2665 1349 2714 1560 Sustulit
2669 1603 2710 1766 autem
2668 1816 2717 2171 dubitationem
2669 2224 2700 2345 anns
2669 2393 2715 2601 iurando
2670 2653 2712 2702 et
2671 2753 2720 2811 ad
2658 2850 2721 3045 quidvis

2567 1348 2634 1633 patiendum
2580 1672 2620 1754 se,
2591 1820 2636 1863 si
2575 1898 2636 2062 sallat,
2572 2112 2629 2331 paratam
2589 2372 2619 2483 esse
2579 2519 2636 2755 (licendo,
2592 2806 2639 2865 ad
2577 2916 2642 3047 quod

2486 1348 2554 1684 profitendum
2509 1721 2539 1747 a
2508 1784 2556 1986 Theseo
2491 2022 2555 2132 ipso
2492 2170 2547 2469 provocatur
2508 2505 2555 2581 his
2508 2618 2556 2806 verbis:

2425 1484 2475 1533 τί
2418 1570 2475 1635 δ’,
2411 1673 2477 1740 ἢν
2417 1789 2476 1944 ψύδει
2411 1993 2458 2054 με
2411 2092 2476 2363 διαβαλῃς,
2426 2399 2472 2595 παθεῖν
2427 2632 2465 2686 σε
2421 2724 2478 2835 δεῖ,-

2329 1353 2391 1493 Quae
2329 1528 2392 1885 sequebantur,
2347 1930 2393 2103 eadem
2340 2150 2392 2369 rationeq
2331 2417 2387 2563 atque
2331 2611 2394 2742 apud
2338 2792 2396 3049 Senecam,

2262 1353 2304 1465 acta
2265 1501 2296 1612 esse
2266 1648 2312 1884 coniicio:
2266 1923 2313 2312 exsecrationem
2250 2352 2312 2503 patris
2266 2536 2312 2683 finem
2267 2711 2314 2869 fuisse
2268 2902 2316 3050 huius

2165 1355 2229 1634 epitaseos3
2171 1667 2233 1959 interposito
2186 1996 2233 2174 deinde
2186 2211 2232 2347 chori
2186 2384 2232 2601 carmine
2186 2628 2232 2791 statim
2187 2830 2235 3050 nuntium

2101 1354 2149 1612 Troezene
2104 1646 2151 1925 venientem
2106 1964 2153 2025 (16
2105 2056 2151 2260 interitu
2088 2284 2151 2545 Hippolyti
2089 2572 2152 2876 exposuisse.
2107 2911 2155 3051 Hanc

2019 1354 2069 1683 narrationem
2024 1719 2069 1777 ab
2013 1816 2055 1891 ea„
2009 1930 2056 2053 quae
2009 2088 2071 2354 posteriori
2008 2383 2071 2654 Hippolyto
2013 2680 2071 2823 inest,
2025 2861 2073 3051 discre-

1923 1356 1972 1504 passe
1942 1554 1974 1614 ex
1927 1649 1991 1927 fragmento
1944 1963 1976 2059 nno
1927 2094 1991 2298 intelligi
1928 2334 1986 2527 potest:

1872 1489 1881 1555 --
1846 1588 1912 1721 πρὸς
1862 1755 1913 1931 ἵππων
1854 1968 1919 2134 εὐθὺς
1848 2168 1913 2405 ὁρμήσας
1863 2441 1913 2637 στάσιν,

1778 1359 1827 1470 Νο11
1780 1506 1828 1663 solnm
1782 1698 1829 1756 ad
1783 1779 1829 1914 littus
1783 1944 1828 2091 maris
1784 2129 1815 2183 se
1774 2209 1830 2495 contulisse,
1784 2534 1831 2621 sed
1783 2659 1814 2830 navem
1766 2857 1814 3053 quoque

1698 1361 1748 1712 conscendisse
1686 1765 1750 2091 Hippolytum
1703 2153 1734 2215 ex
1702 2261 1750 2486 Erotiani
1703 2532 1751 2763 lemmate
1701 2813 1749 3055 coniicere

1618 1361 1665 1502 licet:
1605 1540 1670 1774 Διόπῳ
1606 1810 1665 1881 τῷ
1605 1915 1668 2007 τῆς
1606 2040 1673 2169 νηὸς
1606 2204 1673 2505 ἐπιμελητῇ,
1606 2540 1672 2684 παρὰ
1620 2718 1672 2777 τὸ
1619 2815 1670 3055 διοπτεύ-

2417 2859 2481 2937 a)

1470 1418 1524 1461 *)
1483 1491 1525 1769 Philemonis
1484 1810 1524 1896 lex,
1484 1935 1511 1978 v.
1470 2021 1526 2195 βίβλοςε
1483 2256 1527 2314 Οὶ
1483 2356 1528 2405 δὲ
1483 2435 1527 2625 παλαιοὶ
1484 2662 1527 2738 καὶ
1484 2792 1528 2839 ἐν
1469 2868 1526 2926 τῇ
1484 2955 1527 3056 κατ’

1397 1502 1458 1764 Εὐριπίδην
1398 1801 1454 1999 Φαίδρα,
1413 2037 1457 2181 ἔνθα
1401 2210 1458 2400 μνήμη
1401 2432 1457 2653 πεύκης
1401 2683 1451 2898 κεῖται,
1400 2940 1454 3057 φασὶ

1327 1499 1385 1675 πεύκην
1327 1707 1384 1914 ῥηθῆναι
1329 1942 1387 2028 τὴν
1341 2059 1387 2105 ἐν
1328 2136 1385 2191 τῇ
1329 2232 1386 2345 χειρὶ
1315 2383 1383 2464 τνῖς
1328 2496 1383 2698 Φαίδρας
1330 2738 1385 2923 δέλτον,
1328 2968 1386 3056 τὴν

1296 2625 1314 2692 ῚΞΙ

1270 1500 1312 1622 κατὰ
1270 1651 1312 1735 τοῦ
1262 1763 1317 2052 Ἱππολύτου,
1263 2085 1315 2146 αἱς
1259 2175 1312 2357 ξυλίνην
1270 2387 1314 2530 ου’σαν
1270 2560 1297 2638 και
1263 2667 1299 2776 ισως
1270 2800 1314 2848 ἐκ
1257 2872 1315 3058 πεύκης.

1199 1505 1242 1629 Adde
1201 1660 1242 1864 Eustath.
1201 1899 1242 1956 ad
1200 1983 1241 2034 Il.
1190 2070 1240 2103 ζ.
1187 2131 1226 2174 p.
1200 2204 1242 2302 633.

1129 1588 1172 1685 Non
1117 1717 1157 1848 posse
1130 1880 1171 1997 haec
1130 2027 1171 2081 de
1116 2111 1172 2348 posteriori
1116 2375 1173 2624 Hippolyto
1131 2655 1171 2774 dicta
1120 2816 1158 2938 esse,
1130 2979 1172 3059 ubi

1060 1501 1088 1589 non
1047 1629 1103 1789 πεύκη,
1060 1834 1100 1911 sed
1051 1951 1102 2105 δέλτος
1057 2146 1101 2193 ἐκ
1044 2223 1103 2352 χερὸς
1044 2394 1104 2623 ἠρτημένη
1048 2668 1097 3057 commemoretur,

989 1506 1030 1725 intellexit
978 1763 1031 2055 Welckerus3
975 2108 1027 2226 quod
988 2276 1025 2426 autom
987 2469 1028 2589 idem
987 2634 1015 2661 a
986 2701 1030 2911 Phaedra
988 2950 1029 3058 viva

906 1508 959 1744 epistolam
917 1774 958 1953 Theseo
904 1985 952 2237 porrectam
917 2269 943 2364 esse
903 2393 957 2656 suspicatur,
904 2685 958 2884 ineptum
918 2914 954 2994 est.

829 1410 882 1475 **)
826 1506 882 1650 Vulgo
824 1691 881 1838 λυθῇς
826 1867 867 1921 με
824 1953 880 2207 διαβαλεῖς,
838 2244 879 2321 sed
837 2352 879 2515 Heath.
837 2550 879 2657 citat
826 2689 881 2841 ψευδῆ
827 2867 868 2923 με
838 2953 881 3058 δια-

754 1508 811 1675 βαλεῖς.
768 1745 810 1959 Servatur
767 2008 809 2095 hoc
751 2140 808 2305 fragm.
754 2362 807 2483 apud
767 2524 809 2786 Erotianum
770 2828 797 2930 cum
770 2970 810 3057 hoc

697 1504 739 1737 lemmate:
682 1781 742 2116 διεβλήθησαν,
681 2144 736 2568 παρελογίσθησαν,
689 2600 742 2660 ὠς
695 2692 740 2769 καὶ
683 2801 744 3059 Εὐριπίδης

629 1511 673 1560 ἐν
612 1587 672 1838 Ἱππολύτῳ
612 1869 667 2025 φησίν.

3310 3181 3328 3189 .;
3333 3186 3338 3188 .
3343 3185 3366 3189 7-
3371 3179 3455 3188 εΑ-π,
3458 3180 3531 3189 ᾡ-’
3534 3180 3598 3189 ..m-s-
3602 3181 3618 3184 —
