5010 3336
3885 2067 3942 2191 376

3755 1279 3805 1541 ster-iorem
3752 1596 3802 1839 rationem
3735 1895 3798 1980 qui
3731 2034 3794 2173 sequi
3742 2230 3793 2492 instituunt
3725 2552 3784 2755 poetae,
3717 2813 3768 2972 neque

3675 1280 3723 1401 satis
3658 1461 3724 1800 distinguunt,
3654 1860 3718 1979 quid
3667 2043 3715 2108 sit
3649 2166 3708 2371 poetae,
3646 2434 3709 2551 quid
3655 2612 3707 2836 historici
3651 2893 3699 2972 vel

3583 1277 3644 1401 eius,
3581 1448 3642 1529 qui
3578 1563 3641 1909 antiquitatem
3570 1944 3636 2232 investigat,
3568 2271 3616 2432 neque
3578 2470 3626 2729 commode
3560 2762 3624 2969 faciunt,

3501 1277 3549 1426 quum
3514 1471 3564 1643 alienis
3510 1691 3558 1838 rebus
3508 1885 3550 1937 et
3508 1972 3538 1998 a
3490 2032 3554 2163 vulgi
3488 2214 3550 2494 cognitione
3498 2531 3545 2736 remotis
3493 2774 3543 2969 intelle-

3437 1277 3481 1409 ctum
3432 1459 3481 1727 carminum
3412 1775 3478 2059 impediant.
3422 2150 3471 2293 Unde
3405 2331 3468 2501 optimi
3403 2536 3465 2716 quique
3411 2752 3460 2970 omnium

3356 1275 3400 1493 aetatum
3335 1540 3399 1856 omniumque
3330 1901 3392 2119 gentium
3328 2156 3385 2335 poetae
3327 2371 3382 2568 praeter
3325 2604 3378 2831 nostros,
3317 2886 3380 2970 qui

3275 1273 3325 1458 nullius
3272 1505 3306 1601 non
3255 1646 3315 1987 perversitatis
3250 2034 3304 2232 gentem
3258 2282 3309 2637 Germanorum
3240 2693 3301 2966 patientem

3196 1272 3231 1386 esse
3194 1423 3236 1474 et
3176 1505 3225 1703 semper
3188 1748 3236 1903 aliena
3170 1943 3231 2097 magis
3168 2136 3214 2279 qnam
3181 2320 3213 2406 sna
3176 2444 3226 2677 admirari
3156 2720 3222 2965 intellige-

3104 1270 3158 1397 rent,
3099 1436 3161 1655 priorem
3107 1692 3157 1933 rationem
3104 1969 3150 2127 secuti
3102 2165 3144 2274 sunt
3100 2311 3143 2361 et
3098 2398 3145 2459 ad
3080 2496 3142 2773 aequalium
3091 2801 3124 2964 mores

3019 1270 3083 1531 victusque
3026 1567 3074 1971 consuetudinem
3024 2020 3066 2069 et
3022 2105 3055 2266 mores
3018 2303 3068 2551 hominum
3015 2591 3056 2641 et
3014 2675 3045 2840 rernm
2997 2877 3044 2964 ge-

2956 1271 3000 1458 starum
2939 1495 2998 1758 rationem,
2929 1806 2993 2131 undecunque
2927 2179 2981 2461 sumerent„
2930 2509 2980 2962 accommodarunt.

2876 1267 2926 1462 Horum
2856 1499 2921 1650 igitur
2855 1686 2911 1942 poetarum
2862 1991 2911 2216 instituto
2862 2253 2909 2314 ad
2843 2350 2907 2722 simplicitatem
2850 2757 2884 2958 revoca-

2797 1269 2842 1351 tur
2777 1386 2843 1651 duplicitas
2773 1688 2834 1884 generis
2770 1921 2832 2080 primi.

2711 1411 2762 1580 Vera
2708 1618 2740 1733 cave
2687 1781 2750 2059 propria
2681 2098 2749 2418 (Concretes)
2696 2458 2744 2557 dici
2694 2592 2741 2651 ab
2689 2689 2740 2959 Aristotele

2616 1266 2675 1428 putes.
2629 1480 2678 1659 Audias
2612 1697 2674 1840 igitur
2608 1875 2672 2036 ipsum
2620 2075 2668 2138 de
2615 2175 2667 2459 discrimine
2611 2496 2661 2819 disserentem
2611 2848 2642 2889 c.
2607 2912 2654 2958 9.

2539 1264 2599 1411 „Non
2536 1447 2582 1572 qnae
2546 1608 2597 1737 sacta
2545 1773 2592 1871 sint
2526 1906 2574 2154 exponere
2522 2190 2579 2367 poetae
2526 2404 2576 2510 est,
2534 2559 2580 2644 scd
2516 2698 2562 2823 qnae
2528 2860 2577 2960 sint

2468 1262 2519 1550 verisimilia
2467 1588 2509 1638 et
2466 1672 2513 1782 lieri
2449 1823 2509 2015 possint
2450 2069 2508 2361 <secundum
2442 2399 2497 2651 naturam,
2452 2688 2498 2717 i.
2438 2757 2493 2828 e.)
2447 2876 2490 2961 aut

2376 1262 2438 1583 probabiliter
2386 1619 2427 1702 ant
2382 1738 2428 2018 necessario
2365 2036 2430 2102 *).
2377 2165 2424 2274 Iloc
2375 2311 2421 2441 enim
2371 2478 2420 2684 interest
2368 2718 2417 2847 inter
2367 2882 2414 2958 hi-

2309 1263 2358 1502 storicum
2308 1539 2348 1587 et
2290 1622 2345 1835 poetam,
2287 1889 2346 2019 qnod
2299 2056 2346 2136 ille
2282 2173 2328 2297 quae
2294 2336 2343 2466 sacta
2293 2502 2323 2613 esse
2274 2649 2335 2839 accepit
2286 2875 2318 2957 re-

2217 1258 2280 1390 fert,
2229 1437 2276 1518 hic
2211 1562 2257 1685 qnae
2220 1733 2269 2015 verisimilia
2217 2063 2258 2189 sunt.
2201 2272 2261 2601 Quamobrem
2194 2650 2255 2805 magis
2205 2844 2238 2955 cum

2132 1258 2200 1581 philosophia
2127 1617 2190 1868 conspirat
2124 1902 2185 2067 poesis
2138 2105 2178 2155 et
2135 2183 2182 2378 maioris
2132 2415 2177 2652 momenti
2119 2680 2170 2771 est,
2112 2810 2157 2955 quam

2070 1257 2120 1480 historia.
2065 1562 2115 1732 Poesis
2063 1770 2110 1901 enim
2046 1946 2106 2098 magis
2055 2154 2089 2390 commu
2055 2409 2101 2509 nia
2038 2547 2102 2634 (τὰ
2029 2667 2098 2952 καθόλου),

1991 1256 2040 1467 historia
1971 1525 2032 1682 magis
1966 1744 2028 2017 propria
1966 2078 2030 2163 (τὰ
1976 2225 2024 2348 καθ’
1953 2398 2027 2639 ἕκαστον)
1950 2704 2012 2950 proponit.

1922 643 1974 647 l
1947 778 1957 781 ¹
1911 1258 1961 1385 Sunt
1908 1420 1952 1582 autem
1902 1621 1949 1895 communia
1897 1929 1948 2240 huiusmodi:
1882 2293 1941 2486 qualem
1876 2538 1937 2697 qualia
1884 2725 1931 2951 convenit

1807 634 1916 650 l
1868 747 1871 749 ·
1831 1256 1881 1424 dicere
1828 1471 1876 1548 vel
1824 1597 1874 1767 facere
1808 1810 1869 2130 probabiliter
1817 2178 1858 2263 aut
1810 2298 1859 2618 necessario‘}
1808 2677 1856 2771 hoc
1804 2820 1852 2950 enim

1770 633 1809 647 ἱέ
1737 1258 1798 1486 sequitur
1732 1521 1793 1719 poesis7
1743 1771 1785 1821 et
1740 1856 1788 2053 nomina
1736 2089 1780 2279 tantum
1717 2317 1779 2518 propria
1714 2553 1775 2777 personis
1712 2830 1775 2948 (mi-

1674 632 1772 653 l
1715 780 1718 781 “
1671 1252 1720 1386 nime
1651 1421 1715 1655 propriis)
1647 1693 1710 1919 imponit.
1642 1999 1708 2259 Proprium
1652 2308 1695 2472 autem
1648 2525 1697 2807 huiusmodi
1644 2844 1687 2946 est:

1578 1252 1639 1372 quid
1585 1406 1637 1689 Alcibiades
1582 1724 1631 1847 fecit
1581 1882 1627 1957 vel
1563 1992 1610 2167 passus
1575 2206 1621 2322 est?
1572 2371 1620 2437 Et
1570 2468 1618 2515 in
1568 2548 1615 2802 comoedia
1551 2837 1612 2945 qui-

1494 631 1542 644 η
1511 1252 1560 1366 dem
1508 1413 1557 1509 hoc
1507 1558 1553 1627 sic
1504 1675 1552 1784 fieri
1497 1836 1547 2151 manifestum
1495 2216 1537 2308 est.
1489 2392 1539 2592 Etenim
1488 2650 1520 2744 non
1471 2787 1533 2942 prins,

1416 1254 1463 1398 quam
1410 1447 1472 1721 composita
1422 1765 1470 1862 iam
1420 1912 1451 1971 ex
1403 2007 1463 2341 probabilibus
1400 2376 1460 2573 fabula,
1408 2622 1455 2819 nomina
1405 2854 1452 2941 de-

1350 1249 1384 1385 mum
1344 1433 1393 1772 convenientia
1321 1828 1389 2215 imponunt**)‚
1332 2280 1381 2425 aliter
1315 2475 1373 2622 atque
1323 2668 1375 2941 iamborum

1216 1316 1271 1365 ³³³)
1227 1396 1269 1520 Adde
1226 1554 1252 1590 c.
1212 1625 1267 1693 15,
1223 1723 1264 1772 6:
1207 1814 1266 1897 χρὴ
1218 1940 1262 1989 δὲ
1217 2030 1259 2108 καὶ
1216 2152 1261 2198 ἐν
1207 2228 1254 2325 τοῖς
1201 2354 1258 2542 ἤθεσιν,
1192 2591 1253 2737 ὥςπερ
1204 2780 1247 2859 καὶ
1202 2891 1247 2940 ἔν

1143 1384 1198 1443 τῇ
1155 1471 1195 1565 τῶν
1139 1602 1195 1883 πραγμάτων
1136 1912 1191 2149 συστάσει,
1144 2191 1189 2260 ἀεὶ
1132 2292 1184 2439 ζητεῖν
1128 2479 1187 2509 ἢ
1138 2538 1182 2589 τὸ
1123 2624 1181 2874 α”ναγκαῒον
1118 2907 1177 2938 ἢ

1075 628 1147 632 ξ
1086 1387 1129 1441 τὸ
1073 1473 1129 1614 εἰκός,
1074 1657 1128 1767 ὤςτε
1079 1806 1123 1888 τὸν
1075 1917 1118 2129 τοιοῦτον
1074 2159 1117 2216 τὰ
1071 2246 1114 2439 τοιαῦτα
1058 2476 1114 2620 λέγειν
1054 2660 1112 2688 ἢ
1051 2719 1108 2939 πράττειν

1020 628 1067 633 ξ
1004 1387 1064 1420 ἢ
1001 1463 1061 1715 ἀναγκαῖον
998 1752 1057 1783 ἦ
997 1824 1051 1969 εἰκός,
1005 2018 1048 2096 καὶ
1002 2133 1045 2271 τοῦτο
990 2321 1047 2435 μετὰ
997 2473 1040 2609 τοῦτο
984 2653 1037 2866 ’γίνεσθαι
977 2902 1037 2935 ἢ

943 627 1009 641 ’Δ
954 727 973 729 :
933 1389 991 1644 α’ναγκαῖον
927 1674 986 1705 ἢ
931 1737 982 1871 εἰκός.

892 626 987 641 l
925 671 930 673 '
865 1283 919 1359 Ἡ)
873 1388 917 1588 Donatus
871 1620 911 1676 ad
855 1705 911 1921 Adelph:
856 1961 907 2109 „Hinc
862 2153 891 2306 servus
859 2336 903 2484 fidelis
842 2521 900 2817 Parmeno,
850 2864 893 2933 in—

849 627 885 632 l
803 1382 846 1531 fidelis
787 1560 842 1743 Syrus
797 1771 837 1846 vel
786 1877 838 2034 Geta,
792 2067 835 2195 miles
789 2218 832 2442 Thraso
779 2473 827 2931 velPolemo”etc.

734 1385 775 1454 Cf.
717 1485 773 1749 Antiphanis
726 1777 753 1934 versus
711 1964 764 2083 apud
719 2111 763 2268 Athen.
706 2302 746 2345 p.
716 2376 762 2474 223.
715 2502 757 2553 A.
696 2592 756 2794 Lessing.
708 2826 751 2931 dra-

667 627 710 648 ‡''
661 1384 701 1491 mat.
656 1524 701 1687 Hamb.
656 1719 683 1760 n.
655 1791 697 1860 11.
650 1895 694 2028 Mart.
651 2062 694 2187 1768.
