5010 3336
3913 2107 3970 2228 204

3763 1461 3832 1838 „Remisque
3757 1863 3826 2423 nixiproperiter
3763 2448 3800 2673 navem
3742 2697 3809 3002 infugam

3700 1470 3753 1858 Transdunt
3694 1906 3745 2141 subter
3691 2184 3723 2352 saxea
3689 2403 3736 2484 ad
3669 2532 3733 2823 laevam,
3659 2875 3707 3002 qua

3610 2156 3643 2331 mons
3606 2365 3641 2540 mare

3540 1464 3593 1815 Mollibat'⁷
3523 1845 3589 1914 *).

3462 1326 3512 1585 insanabili
3457 1620 3508 1822 vulnere
3453 1859 3505 2158 laborantem
3435 2197 3499 2414 Delphos
3442 2450 3491 2633 adiisse
3442 2668 3473 2724 ac
3439 2760 3488 2823 de
3437 2858 3470 2998 sana-

3382 1324 3431 1456 tione
3379 1489 3427 1735 oraculum
3375 1774 3425 2094 consuluisse.
3371 2166 3419 2207 A
3370 2243 3416 2335 deo
3347 2371 3410 2637 monitum,
3359 2685 3402 2742 ut
3358 2784 3405 2830 in
3339 2868 3402 2999 Aga-

3301 1322 3347 1593 memnonis
3299 1628 3348 1773 domo
3295 1819 3344 2090 remedium
3271 2137 3327 2428 quaereret,
3267 2476 3329 2636 Argos
3276 2682 3325 2877 venisse
3263 2930 3318 2997 et,

3209 1322 3255 1469 quum
3219 1505 3269 1756 introitum
3219 1793 3249 1818 a
3215 1853 3266 2057 ianitore
3197 2084 3262 2344 flagitando
3186 2370 3253 2697 impetrasset,
3195 2733 3244 2996 confestim

3144 1322 3176 1377 se
3144 1413 3191 1461 in
3139 1492 3187 1755 sacrarium
3134 1782 3185 2068 coniecisse.
3130 2137 3179 2230 His
3110 2255 3172 2491 expositis
3106 2517 3165 2853 precationem
3114 2879 3161 2994 sub-

3047 1318 3113 1474 iungit
3044 1506 3109 1805 ambiguam:

2970 1448 3029 1619 καλῶς
2963 1651 3033 1835 ἔχοιμι,
2956 1878 3025 2100 Τηλέφῳ
2970 2136 3021 2184 δ’
2952 2220 3021 2330 ἁγὼ
2948 2365 3010 2567 φρονῶ.

2903 1318 2953 1446 Tum
2901 1481 2947 1586 vice
2881 1618 2947 1859 hospitiS,
2894 1895 2936 1950 ut
2890 1983 2940 2067 ille
2889 2099 2937 2159 ab
2870 2194 2937 2560 Agamemnone
2878 2592 2928 2642 in
2876 2677 2926 2826 fidem
2873 2863 2921 2992 reci-

2808 1312 2871 1490 piatur,
2804 1524 2866 1740 rogando
2800 1775 2862 1987 perficit.

2741 1443 2789 1540 lam
2738 1575 2787 1713 locus
2735 1750 2785 1894 datur
2732 1929 2780 2073 alteri
2714 2109 2778 2278 chore,
2710 2314 2757 2410 quo
2705 2444 2770 2659 hospitis
2714 2697 2760 2880 sortem
2712 2922 2759 2989 ci-

2663 1313 2695 1396 ves
2660 1430 2708 1648 miserati
2658 1685 2690 1797 esse
2652 1832 2702 2090 videntur:

2568 1443 2632 1597 οέρκεῖ
2562 1625 2627 1808 μετρία
2561 1844 2624 1995 βιοτά
2556 2028 2603 2121 μοι
2551 2156 2618 2439 σώφρονος
2542 2472 2611 2742 τραπέζης,

2499 1440 2551 1499 τὸ
2498 1552 2549 1600 δ’
2479 1645 2545 1873 ἄκαιρον
2490 1920 2543 2064 ἅπαν
2487 2107 2539 2218 τόδ’
2467 2266 2536 2598 ὑπερβάλλον
2476 2639 2510 2692 τε
2458 2726 2526 2797 μὴ
2456 2832 2507 2986 προς-

2392 2140 2457 2293 είμαν
2387 2320 2452 2418 **).

2341 1304 2391 1430 Dum
2321 1466 2389 1736 Telephus,
2317 1774 2365 2003 egressus
2327 2039 2359 2099 ex
2309 2134 2373 2354 aedibus,
2320 2390 2369 2453 de
2316 2488 2351 2721 successu
2314 2757 2363 2852 sibi
2297 2875 2344 2984 gra-

2248 1304 2308 1503 tulatur,
2241 1540 2304 1731 trepida
2252 1767 2299 1898 venit
2234 1939 2294 2123 regina,
2245 2161 2277 2221 ex
2242 2262 2289 2400 cuius
2238 2428 2287 2563 vultu
2236 2592 2283 2707 mali
2216 2731 2282 2983 quidpiam

2178 1304 2227 1558 imminere
2176 1591 2225 1736 facile
2156 1771 2221 2091 intelligeret:

2096 1434 2147 1640 ἄνασσα
2079 1674 2144 1916 πράγους
2087 1949 2138 2107 τοῦδε
2084 2142 2135 2230 καὶ
2064 2258 2133 2638 βουλεύματος,

2018 1431 2069 1482 τί
2004 1514 2049 1603 μοι
1997 1637 2061 1956 σκυθρωπὸς
1988 1989 2061 2303 ἐξελήλυθας
1984 2340 2051 2545 δόμων,-

1939 1302 1989 1394 Cui
1935 1443 1986 1624 deinde
1918 1674 1982 2064 Clytaemnestra
1908 2110 1968 2268 aperit
1917 2312 1968 2528 delatum
1914 2578 1948 2690 esse
1914 2725 1962 2784 ad
1909 2822 1960 2975 duces

1855 1300 1906 1632 certissimum
1850 1677 1898 1894 nuntium
1846 1946 1895 2009 de
1826 2058 1893 2270 Telephi
1837 2321 1887 2500 itinere
1821 2549 1878 2699 atque
1817 2744 1880 2974 adventu,

1778 1298 1813 1390 nec
1775 1424 1824 1622 dubium
1759 1658 1804 1795 esse,
1753 1845 1816 1959 quin
1748 1994 1813 2201 Ulysses
1759 2238 1791 2343 rem
1757 2377 1804 2514 brevi
1739 2549 1802 2850 exploratam
1749 2885 1797 2973 ha-

1697 1297 1748 1488 biturus
1695 1526 1742 1602 sit.
1678 1671 1739 1911 Quocirca
1685 1948 1718 2058 eum
1667 2095 1723 2278 monet,
1678 2315 1721 2370 ut
1677 2405 1725 2500 sibi
1672 2534 1721 2789 consulat:

1603 1426 1666 1654 „Nunc
1610 1704 1652 1772 tu
1607 1825 1655 1890 in
1605 1936 1637 2001 re
1583 2048 1635 2336 crepera
1596 2382 1640 2497 tua
1577 2531 1642 2692 quid
1589 2727 1637 2972 consili

1501 2150 1564 2380 capias
1503 2399 1525 2412 7
1514 2449 1563 2637 vide‘’
1495 2669 1562 2791 ³¹²²³·²¹²).

1457 1291 1507 1363 lbi
1439 1398 1505 1651 Telephus
1434 1685 1496 1883 reginae
1429 1918 1488 2212 persuadet,
1438 2250 1480 2302 ut
1435 2338 1484 2564 Orestem
1434 2600 1481 2835 infantem
1429 2873 1479 2968 sibi

1364 1292 1410 1382 pro
1374 1418 1424 1590 obside
1356 1625 1418 1799 tradat,
1350 1838 1398 1933 quo
1362 1969 1394 2024 se
1358 2060 1404 2244 tutetur
1342 2260 1407 2418 ****).
1340 2456 1402 2881 Clytaemnestrae
1350 2915 1397 2966 in

1258 1368 1312 1414 ⁴²)
1268 1445 1310 1549 Attii
1250 1579 1307 1743 fragm.
1261 1772 1304 1813 4.

1189 1347 1242 1412 **)
1183 1443 1241 1623 Fragm.
1192 1656 1236 1740 inc.
1192 1772 1219 1812 n.
1189 1844 1231 1940 163.
1184 1969 1229 2131 Matth.

1119 1288 1174 1401 **‘¹‘)
1129 1431 1171 1535 Attii
1111 1564 1168 1729 fragm.
1122 1760 1149 1801 n.
1121 1833 1163 1873 5.

1048 1288 1102 1400 ****)
1044 1428 1100 1597 Hygin.
1054 1630 1094 1659 l.
1053 1691 1093 1747 1.:
1039 1789 1091 1991 „Monitu
1029 2022 1085 2400 Clytaemnestrac
1036 2430 1081 2632 Orestem
1032 2661 1076 2873 infantem
1030 2904 1074 2960 de

985 1424 1027 1652 cunabulis
968 1690 1021 1885 1·apuit.”
973 1949 1017 2102 Schol.
957 2142 1012 2366 Aristoph.
965 2410 1010 2604 Acharn.
963 2645 1005 2752 332:
961 2802 1006 2861 τὰ
959 2907 1003 2958 δὲ

904 1422 958 1596 μεγάλα
898 1624 957 1757 πάθη
894 1789 952 2034 ὑποπαίζει
890 2064 942 2146 τῆς
885 2174 939 2450 τραγῳδίας·
893 2493 937 2590 ἐπεὶ
892 2629 935 2707 καὶ
892 2747 937 2772 ὁ
878 2811 935 2957 Τήλε-

835 1423 873 1512 φος
842 1540 887 1656 κατὰ
840 1686 884 1769 τὸν
820 1798 874 2144 τραγῳδοποιὸν
816 2174 870 2393 Αἰσχύλον
812 2423 866 2526 (scr.
808 2558 867 2848 Εὐριπίδην),
818 2879 862 2956 ἵνα

761 1420 819 1535 τύχῃ
757 1573 816 1699 παρὰ
758 1741 807 1837 τοῖς
749 1863 812 2047 Ἕλλησι
743 2086 798 2330 σωτηρίας,
752 2372 799 2454 τὸν
737 2480 800 2699 Ὀρέστην
737 2729 795 2817 εἶχε
747 2846 788 2953 συλ-

691 1421 749 1584 λαβών.
