5010 3336
3930 2139 3985 2220 66

3778 1344 3811 1399 se
3772 1434 3829 1654 arietem,
3771 1690 3820 1834 quem
3772 1870 3837 2139 pretiosum
3791 2176 3839 2307 domi
3782 2342 3841 2501 alant,
3794 2539 3843 2760 laniando
3779 2809 3827 3021 coquenn

3686 1344 3747 1505 doque
3704 1558 3750 1605 in
3692 1652 3738 1824 agnum
3708 1890 3741 2001 esse
3710 2034 3754 2342 mutaturam.
3713 2430 3762 2504 Ad
3699 2553 3746 2676 quae
3699 2723 3761 3023 perficienda

3621 1346 3668 1511 statim
3624 1549 3657 1657 cum
3627 1694 3674 1857 Peliae
3630 1892 3676 2086 filiabus
3631 2124 3677 2172 in
3631 2209 3677 2404 domum
3633 2443 3664 2496 se
3635 2533 3682 2742 confert.

3544 1481 3591 1714 Secutum
3547 1752 3590 1826 est
3533 1849 3591 2070 quartum
3551 2096 3598 2233 ebori
3552 2259 3584 2450 carmen
3539 2479 3601 2545 *),
3539 2584 3587 2679 quo
3557 2709 3604 2844 finito
3540 2873 3604 3023 prod-

3461 1344 3507 1398 iit
3462 1437 3511 1632 nuntius
3458 1655 3478 1667 ,
3451 1706 3514 1787 qui
3468 1825 3514 1886 de
3470 1922 3500 1976 re
3455 2011 3513 2146 gesta
3458 2180 3514 2464 exponeret.
3474 2527 3520 2666 IIanc
3476 2699 3523 3023 narrationem

3381 1344 3429 1514 Moses
3370 1548 3433 1754 respicit
3389 1787 3434 1925 hisce
3391 1952 3437 2142 verbis:
3380 2181 3439 2308 „His
3392 2336 3438 2477 dictis
3376 2502 3440 2661 pergit
3381 2688 3427 2834 porro
3381 2861 3444 3026 singil-

3302 1345 3349 1479 latim
3298 1515 3338 1739 narrare,
3294 1789 3339 1881 qna
3310 1925 3356 2107 ratione
3313 2155 3342 2234 res
3297 2289 3353 2476 patrata
3314 2526 3360 2703 suerit:
3300 2752 3347 2927 nempe
3318 2976 3361 3027 ut

3222 1345 3270 1529 Medea
3226 1575 3273 1806 laniatum
3230 1856 3277 2060 arietem
3232 2107 3278 2153 in
3232 2202 3279 2411 lebetem
3234 2460 3281 2721 coniecerit
3220 2769 3283 3027 ignemque

3135 1348 3191 1640 subdiderit,
3133 1676 3190 1858 utque,
3151 1908 3197 2130 fervente
3153 2181 3183 2287 cnm
3154 2335 3200 2547 motibus
3145 2586 3201 2770 lebete,
3157 2823 3204 3028 viventis

3062 1348 3110 1512 arietis
3050 1550 3114 1766 speciem
3062 1815 3118 2103 ostenderit,
3057 2142 3103 2299 eoque
3073 2335 3119 2481 modo
3075 2516 3121 2670 illusis
3077 2706 3124 2898 filiabus
3079 2932 3125 3028 Pe—

2982 1348 3029 1461 liam
2985 1498 3033 1774 laniandum
2989 1810 3037 2051 curaverit
2978 2077 3042 2169 **).
2978 2241 3039 2486 Eratan
2980 2522 3042 2703 inquit,
2997 2754 3043 2802 in
2998 2838 3044 3030 lebete:

2901 1350 2944 1402 et
2887 1435 2946 1688 praeterea
2908 1723 2955 1843 nihil
2910 1880 2960 2061 addit.”
2913 2132 2958 2387 l‘rodierat
2900 2423 2959 2573 igitur
2907 2606 2962 2825 nuntius,
2918 2864 2966 3030 simul—

2806 1351 2864 1496 atque
2824 1530 2873 1748 membra
2830 1784 2877 1915 senis
2832 1952 2877 2000 in
2833 2039 2880 2249 lebetem
2834 2288 2879 2507 coniecta
2821 2544 2879 2883 conspexerat.
2838 2928 2885 3033 Eo·-

2741 1353 2788 1464 dem
2731 1502 2794 1735 temporis
2750 1772 2794 2017 momento
2753 2056 2798 2200 etiam
2754 2236 2801 2361 filias
2754 2397 2802 2565 Peliae
2757 2602 2786 2627 a
2758 2662 2803 2823 lebete
2759 2860 2791 3031 avoca-

2662 1353 2704 1430 tas
2665 1468 2707 1518 et
2667 1552 2712 1599 in
2653 1635 2715 1913 superiores
2672 1949 2719 2142 aedium
2658 2180 2715 2344 partes
2675 2383 2705 2490 cum
2676 2526 2723 2714 facibus
2679 2751 2725 3033 ardentibus

2583 1355 2632 1623 escendere
2589 1657 2619 1682 a
2589 1718 2638 1898 Medea
2593 1948 2637 2103 iussas
2587 2152 2625 2289 esse,
2596 2341 2642 2525 Lunam
2597 2572 2642 2666 rite
2598 2714 2644 2760 in
2600 2808 2646 3035 auxilium

2501 1355 2551 1622 vocandam
2508 1659 2540 1769 esse
2503 1805 2559 2079 simulante,
2515 2116 2562 2267 tradit
2516 2302 2562 2561 Diodorus.
2518 2630 2565 2732 llas
2504 2768 2566 2917 igitur
2521 2948 2568 3036 snb

2405 1355 2468 1517 ipsum
2428 1554 2473 1698 finem
2430 1737 2478 2024 narrationis
2435 2061 2480 2213 nuntii
2419 2249 2476 2364 puto
2436 2400 2481 2446 in
2437 2484 2483 2629 tectis
2439 2683 2485 2872 aedium
2442 2927 2473 3037 cum

2343 1359 2392 1550 facibus
2331 1585 2396 1886 apparuisse,
2353 1925 2397 2051 duce
2345 2088 2400 2280 Medea,
2340 2319 2386 2458 quae,
2357 2497 2404 2718 obscuris
2344 2750 2407 3038 quibusdam

2262 1360 2305 1502 utens
2253 1539 2309 1684 atque
2257 1720 2319 1954 ambiguis
2258 1993 2322 2369 precationibus,
2277 2407 2323 2660 victoriam
2279 2697 2327 2865 amicis
2265 2902 2323 3036 opta-

2183 1360 2226 1439 ret
2170 1492 2236 1855 perniciemque
2193 1890 2240 2130 hostibus.
2182 2200 2242 2340 Quod
2196 2392 2243 2624 Colchico
2199 2676 2231 2902 sermone
2202 2958 2232 3040 eas

2087 1361 2137 1535 preces
2108 1571 2155 1723 factas
2111 1762 2143 1871 esse
2112 1907 2155 2072 monet
2105 2107 2161 2376 Diodorus,
2116 2428 2161 2496 sic
2103 2542 2165 2910 intelligendum
2110 2948 2164 3040 est,

2024 1366 2055 1472 eam
2027 1506 2074 1590 illo
2014 1628 2076 1823 quidem
2032 1858 2064 2082 sermone
2034 2119 2065 2172 se
2034 2206 2080 2276 nti
2022 2312 2081 2522 dixisse,
2037 2570 2084 2656 sed
2021 2694 2070 2869 graece
2040 2906 2087 3040 loeu-

1945 1363 1988 1465 tam
1947 1500 1979 1611 esse
1931 1631 1999 1749 ***).
1952 1822 1998 2051 Ceterum
1954 2089 1984 2171 eas
1938 2206 2001 2513 precationes
1956 2550 2003 2669 satis
1945 2697 2004 2860 longas
1960 2888 2007 3044 fuisse

1865 1366 1912 1434 ait
1866 1467 1914 1735 Diodorus:
1871 1773 1902 1955 moram
1874 1994 1920 2121 enim
1875 2164 1920 2387 Medeam
1865 2424 1922 2661 intulisse7
1878 2698 1924 2853 donec
1866 2886 1927 3039 Argo-

1785 1367 1829 1534 nautas
1788 1569 1836 1818 venientes
1776 1863 1839 2184 prospiceret.
1795 2270 1842 2459 Ilornm
1797 2506 1843 2764 adventum
1783 2808 1846 2966 primo
1802 3016 1833 3043 a

1696 1367 1753 1562 Medea,
1691 1598 1755 1878 priusquam
1713 1914 1760 1975 de
1714 2010 1755 2140 tecto
1707 2179 1762 2518 descenderet,
1717 2556 1763 2765 obscure
1704 2803 1768 3042 significa-

1613 1368 1668 1492 tum,
1628 1528 1675 1707 deinde
1631 1743 1678 1892 etiam
1634 1928 1663 1954 a
1633 1990 1679 2139 choro
1618 2175 1681 2474 descriptum
1636 2515 1667 2625 esse
1638 2655 1685 2877 arbitror.
1640 2918 1690 3042 Stri-

1545 1371 1592 1461 ctis
1548 1498 1595 1623 enim
1535 1671 1598 1841 gladiis
1553 1877 1599 1925 iu
1538 1962 1600 2144 regiam
1554 2181 1599 2426 irruerunt
1543 2477 1602 2743 obviosque
1560 2778 1609 3043 intersece-

1464 1368 1510 1497 runt.
1455 1567 1516 1747 Quinto
1456 1772 1517 1919 igitur
1473 1949 1519 2159 carmine
1458 2182 1505 2407 pavorem
1459 2433 1523 2900 trepidationemque
1482 2925 1529 3043 clio‘

1385 1370 1419 1454 rus
1371 1489 1437 1796 significavit.
1392 1864 1440 2053 Prodiit
1393 2089 1440 2264 deinde
1384 2293 1442 2528 Alcestis,
1397 2563 1443 2767 horrore
1384 2802 1449 3045 perculsa,

1203 1442 1256 1481 *)
1216 1511 1256 1579 Ex
1218 1611 1256 1699 hoc
1217 1732 1258 1927 carmine
1205 1958 1258 2236 depromtnm
1220 2280 1248 2373 esse
1209 2411 1261 2553 potest
1224 2590 1265 2860 vocabulum
1211 2898 1273 3046 ὅβρια,

1132 1514 1174 1598 quo
1134 1645 1187 1918 quorundam
1147 1969 1189 2229 animalium
1137 2274 1189 2421 proles
1138 2474 1194 2813 significabatur
1142 2862 1197 3046 (fragm.

976 1421 1030 1490 **)
989 1520 1033 1787 Alcestidem
993 1816 1033 1959 solam
993 1989 1020 2075 non
994 2104 1037 2358 sustinuisse
982 2389 1037 2503 patri
997 2543 1025 2723 manum
993 2763 1042 2937 afferre,
1003 2979 1045 3048 af*

920 1516 961 1667 firmat
911 1705 963 1946 Diodorus,
922 1993 964 2258 eontrarium
923 2297 965 2496 tradente
911 2532 967 2728 Hygino.
929 2788 969 2887 Hoc
932 2923 973 3049 illum

849 1519 889 1572 de
851 1602 877 1680 suo
850 1709 892 1929 addidisse
838 1960 892 2170 suspicor.

754 1409 806 1486 ’“)
765 1516 806 1583 Cf.
752 1612 807 1759 Iphig.
765 1792 807 1927 Taur.
767 1959 809 2054 180.
