5010 3336
2463 3244 2492 3279 ‚nl

2562 3240 2571 3326 .......

1108 2162 1162 2282 419

1262 2883 1310 3041 dinem
1258 2684 1323 2847 parari
1256 2428 1321 2649 potuisse
1253 2091 1302 2401 manifestum
1255 1974 1310 2066 est,
1251 1632 1313 1938 maximeque
1254 1388 1302 1598 omnium

1340 2676 1403 3040 disciplinarum
1338 2546 1383 2640 hoc
1334 2261 1399 2510 proprium
1336 2120 1377 2225 erat
1331 2028 1390 2087 ei,
1346 1869 1393 1990 quae
1336 1702 1378 1844 cantu
1331 1386 1395 1676 fidibusque,

1421 2900 1483 3038 quasi
1418 2659 1481 2863 quadam
1414 2292 1470 2630 incantatione,
1410 2072 1456 2257 animos
1412 1626 1471 2036 aperturbatione
1413 1540 1458 1599 ad
1417 1387 1459 1517 tran-

1499 2754 1562 3039 quillitatem
1495 2424 1542 2710 traducebat
1495 2328 1537 2378 et
1490 2235 1536 2283 iu
1488 1958 1534 2185 sedandis
1489 1642 1535 1909 animorum
1492 1384 1538 1595 motibus

1575 2681 1625 3040 studiosissime
1573 2358 1621 2646 elaborabat.
1567 2135 1614 2289 Recte
1566 1943 1630 2091 igitur
1566 1490 1630 1912 Pythagoreorum
1571 1383 1618 1457 fa-

1656 2879 1704 3040 miliae
1653 2488 1700 2845 adolescentem
1653 2286 1697 2452 noster
1645 1987 1707 2251 adscripsit
1650 1892 1692 1941 et
1645 1721 1693 1849 inter
1648 1526 1694 1688 studia
1650 1382 1697 1486 eius

1736 2902 1798 3037 lyrae
1732 2534 1780 2869 tractationem
1728 2331 1776 2498 retulit
1725 2231 1788 2296 (v.
1722 2019 1787 2203 1126),
1725 1846 1771 1982 cuius
1729 1671 1771 1812 cantu
1727 1493 1774 1635 etiam
1728 1381 1776 1457 fe-

1830 2960 1863 3039 ras
1812 2731 1861 2913 bestias
1809 2436 1857 2683 domuisse
1805 2160 1868 2388 Orpheus
1809 1872 1851 2110 narratur.
1804 1530 1865 1803 Antequam
1807 1381 1855 1480 ullo

1896 2812 1940 3037 uteretur
1896 2534 1946 2763 auctore,
1887 2325 1950 2478 ipsius
1888 2062 1932 2263 naturae
1883 1794 1930 2013 bonitate
1884 1608 1946 1745 quasi
1884 1380 1933 1563 inscius

1970 2697 2036 3038 philosophiae
1968 2460 2014 2669 studium
1964 2144 2028 2443 Hippolytus
1961 1900 2010 2117 induisse
1962 1656 2024 1865 fingitur.
1962 1380 2013 1587 Testan-

2058 2957 2098 3036 tur
2051 2830 2097 2924 hoc
2047 2651 2095 2795 verba
2046 2480 2093 2615 eius:

2125 2774 2186 2908 ὅςτις
2119 2494 2175 2739 διδακτὸν
2120 2273 2186 2461 μηδὲν,
2119 2129 2169 2235 ἀλλ’
2118 2035 2169 2091 ἐν
2124 1938 2185 2001 τῇ
2119 1747 2184 1902 φύσει

2206 2849 2257 2907 τὸ
2207 2515 2269 2815 σωφρονεῖν
2202 2282 2266 2479 εἴληχεν
2197 2196 2258 2247 ἐς
2199 2101 2249 2162 τὰ
2199 1906 2249 2067 πάνθ’
2199 1717 2260 1870 ὁμῶς.

2290 2926 2337 3037 Ηοο
2289 2733 2336 2893 minus
2286 2418 2333 2687 mirandum
2287 2260 2342 2366 est,
2280 2082 2343 2207 quod
2279 1821 2326 2047 Phaedra
2294 1580 2341 1773 quoque
2282 1377 2344 1535 invita,

2370 2922 2417 3037 dum
2367 2612 2429 2884 cupidinem
2364 2430 2410 2575 animi
2363 2202 2407 2397 vincere
2375 2113 2406 2167 ac
2358 1866 2404 2063 domare
2360 1620 2418 1817 studet,
2359 1527 2407 1575 in
2377 1376 2408 1478 me-

2449 2931 2495 3036 dios
2445 2482 2510 2886 philosophorum
2439 2218 2487 2426 circulos
2438 1941 2497 2161 intravit,
2452 1747 2497 1891 quum
2439 1473 2485 1698 castitate
2447 1373 2488 1423 et

2524 2710 2589 3036 magnitudine
2521 2518 2568 2664 animi
2519 2267 2566 2474 maxime
2515 2003 2563 2225 excellat.
2514 1678 2578 1934 Hippolyti
2522 1482 2565 1643 autem
2519 1374 2567 1446 in-

2606 2840 2670 3034 genium
2616 2530 2662 2789 moresque
2596 2072 2658 2483 conteiiiplaiiteS‚
2610 1932 2641 2026 non
2610 1623 2657 1883 possumus
2612 1482 2644 1576 non
2599 1372 2646 1435 de

2686 2926 2747 3035 ipso
2682 2646 2744 2881 Euripide
2678 2301 2725 2609 adolescente
2674 2036 2735 2264 cogitare,
2679 1949 2720 1999 et
2674 1778 2737 1916 plura
2674 1579 2721 1741 insunt
2677 1500 2722 1546 in
2678 1372 2726 1464 hac

2761 2770 2825 3034 tragoedia7
2775 2608 2821 2732 quae
2757 2356 2804 2572 scribens
2760 2173 2817 2318 poeta
2754 2064 2799 2137 sui
2754 1880 2800 2026 animi
2752 1491 2802 1843 inclinationem
2774 1372 2821 1454 pa-

2859 2927 2892 3034 rum
2840 2703 2888 2890 celasse
2837 2431 2895 2669 videatur,
2834 2261 2880 2393 velut
2833 2075 2879 2226 haec:

2916 2801 2983 2902 ἐγὼ
2917 2721 2967 2765 δ’
2915 2476 2980 2683 ἀγῶνας
2911 2347 2975 2441 μὲν
2914 2104 2973 2313 κρατεῖν
2900 1742 2973 2078 Ἑλληνικοὺς

3000 2696 3063 2902 πρῶτος
2995 2463 3059 2663 θέλοιμ’
2995 2336 3051 2427 ἄν,
2989 2242 3040 2298 ἐν
2990 2063 3040 2207 πόλει
2987 1975 3039 2029 δὲ
2988 1703 3053 1939 δεύτερος

3074 2798 3129 2897 σὺν
3079 2654 3135 2764 τοῖς
3074 2394 3137 2622 ἀρίστοις
3071 2128 3135 2359 εὐτυχεῖν
3068 2014 3120 2092 ἀεὶ
3069 1784 3134 1979 φίλοις·

3157 2651 3222 2899 πράσσειν
3170 2566 3203 2617 τε
3152 2432 3216 2531 γὰρ
3152 2158 3215 2395 πάρεστι,
3149 1871 3207 2122 κίνδυνός
3150 1796 3196 1839 τ’
3147 1608 3198 1759 οἷπὼν

3238 2674 3303 2892 κρείσσω
3232 2458 3283 2638 δίδωσι
3235 2334 3297 2425 τῆς
3229 1987 3293 2302 τυραννίδος
3228 1788 3292 1953 χάριν.

3321 2795 3382 3027 Corporis
3317 2622 3365 2749 enim
3313 2240 3361 2572 exercitationi
3311 1948 3358 2193 studuisse
3308 1628 3370 1913 Euripidem
3310 1367 3370 1580 tradunt,

3406 2880 3461 3026 atque
3398 2704 3445 2845 etiam
3394 2423 3441 2669 victoriam
3408 2316 3438 2373 ex
3390 2040 3453 2281 pugilatus
3388 1665 3452 1995 pancratiique
3388 1366 3435 1629 certamine

3478 2786 3526 3029 retulisse.
3474 2588 3521 2716 Tum
3473 2412 3535 2539 quod
3470 2033 3516 2365 austeritatem
3466 1726 3529 1995 Hippolyto
3467 1367 3530 1676 paedagogus

3558 2764 3621 3025 exprobrat
3552 2650 3617 2730 (τὸ
3550 2422 3615 2613 σεμνὸν
3546 2302 3598 2389 καὶ
3547 2211 3596 2269 τὸ
3544 2108 3610 2175 μὴ
3550 1916 3595 2073 πᾶσιν
3541 1688 3609 1865 φίλον)
3550 1366 3606 1642 monetque,

3642 2970 3685 3027 ut
3634 2656 3683 2947 affabilitate
3633 2428 3695 2629 gratiam
3630 2302 3677 2391 sibi
3628 2006 3675 2266 conciliare
3626 1759 3683 1970 studeat,
3623 1555 3670 1722 eadem
3640 1364 3685 1519 paene

3715 2865 3763 3024 omnia
3714 2782 3761 2831 in
3712 2513 3774 2749 Euripide
3710 2325 3756 2476 fuisse
3706 1991 3769 2291 grammatici
3704 1699 3751 1957 affirmant.

3793 2554 3840 2893 Retractatum
3792 2178 3851 2507 argumentum
3787 2083 3832 2140 ab
3784 1812 3847 2047 Euripide
3783 1363 3844 1767 immutatumque

3873 2808 3936 3021 priorem
3870 2453 3933 2775 Hippolytum
3884 2348 3914 2404 ea
3866 2107 3913 2315 maxime
3863 2012 3910 2072 de
3878 1807 3910 1976 caussa
3877 1663 3908 1771 esse
3861 1511 3907 1628 mihi
3877 1364 3923 1477 per-

3952 2808 4011 3018 suade0.,
3954 2705 3997 2760 ut
3950 2521 4011 2670 qualis
3951 2353 3995 2484 esset
3946 2101 3993 2319 voluntas
3958 1978 3990 2064 sua
3942 1679 4003 1931 qualisque
3955 1480 3999 1644 mens,
3939 1362 3986 1433 sa-

4030 2881 4077 3018 cilius
4030 2786 4076 2844 ab
4027 2455 4076 2754 auditoribus
4025 2054 4089 2433 perspiceretur.
4021 1513 4084 1982 Repraesentaverat
4018 1366 4065 1489 enim

4109 2966 4156 3018 in
4109 2768 4171 2933 priore
4107 2511 4154 2735 Phaedra
4111 2426 4153 2476 et
4105 2344 4153 2392 in
4103 2002 4151 2309 Stheneboea
4101 1858 4146 1955 vim
4099 1646 4146 1822 amoris
4100 1477 4143 1611 tanta
4112 1362 4143 1443 ve-

4188 2843 4247 3017 ritate,
4191 2738 4234 2792 ut
4186 2456 4247 2692 quaedam
4182 2109 4231 2423 mulierculae
4181 1902 4227 2076 harum
4177 1592 4240 1865 exemplum
4181 1359 4222 1556 secutae

4281 2960 4314 3014 se
4267 2791 4329 2926 ipsae
4266 2410 4314 2758 interficerent.
4260 2018 4325 2342 Quamobrem
4274 1819 4323 1994 pravae
4256 1613 4303 1789 mentis
4270 1462 4302 1577 suae
4254 1362 4302 1434 in-

4338 1762 4382 1822 27
4334 1707 4361 1734 *-
