5010 3336
3857 2090 3913 2213 23⁰

3714 1313 3775 1504 meliuS,
3710 1541 3758 1682 quam
3708 1718 3771 1923 tragico,
3717 1960 3766 2231 conveniat.
3714 2301 3766 2518 Primum
3711 2548 3761 2678 enim
3706 2708 3751 2875 vastus
3702 2900 3752 2990 im-

3630 1310 3689 1647 portunusque
3643 1682 3685 1759 est
3631 1793 3690 1949 adeo,
3640 1984 3683 2038 ut
3638 2072 3685 2120 in
3636 2156 3684 2353 domum
3617 2387 3682 2600 hospitis
3626 2636 3679 2883 funestam
3622 2918 3671 2991 in-

3554 1310 3610 1437 tret,
3550 1475 3598 1636 neque
3561 1670 3595 1889 rasuram
3559 1927 3607 2032 eius
3542 2070 3589 2229 neque
3556 2265 3588 2319 os
3552 2355 3602 2573 lacrimis
3533 2611 3596 2862 oppletum
3544 2898 3577 2992 ne-

3471 1308 3518 1404 que
3469 1448 3533 1638 reliqua
3480 1684 3529 1945 manifesta
3463 2002 3523 2273 gravissimi
3474 2309 3523 2472 luctus
3467 2510 3520 2802 documenta
3449 2835 3497 2992 repu-

3393 1305 3451 1431 tans,
3389 1468 3457 1688 (quibus,
3402 1727 3448 1767 si
3399 1803 3447 1961 minus
3381 1998 3444 2231 simplicis
3393 2267 3442 2447 fuisset
3384 2482 3438 2646 animi,
3366 2682 3434 2804 plus
3384 2830 3431 2990 credi-

3312 1304 3375 1476 disset,
3310 1513 3356 1657 quam
3320 1690 3368 1851 verbis
3302 1877 3364 2133 ambiguis,
3311 2168 3362 2526 haesitantibus
3289 2546 3354 2991 verecundisque);

3246 1303 3291 1359 ut
3229 1394 3293 1695 benignitate
3223 1730 3288 1939 hospitis
3220 1977 3283 2289 impudenter
3215 2322 3280 2586 abutatur,
3212 2620 3273 2872 postulans
3223 2908 3265 2989 at·-

3151 1302 3199 1399 que
3164 1449 3212 1614 afferri
3159 1660 3209 1834 iubens
3140 1883 3189 2204 quaecunque
3140 2241 3200 2406 lubet3
3141 2456 3192 2539 ut,
3148 2589 3195 2666 vix
3131 2713 3194 2985 ingressus,

3086 1300 3133 1466 statim
3078 1504 3129 1897 comissationem
3074 1936 3122 2158 ordiatur
3057 2210 3115 2357 atque
3070 2389 3118 2593 ululanti
3068 2619 3099 2739 voce
3063 2771 3111 2987 carmina

2992 1299 3050 1494 cantet,
2986 1544 3050 1823 planctibus
2995 1858 3045 2074 familiae
2976 2111 3041 2421 obstrepens,
2989 2491 3039 2618 Tum
2984 2654 3033 2889 remissus
2983 2924 3031 2984 ad

2924 1298 2973 1580 comitatem
2902 1617 2969 2012 hilaritatemque
2914 2042 2956 2119 est
2900 2145 2961 2286 adeo,
2911 2323 2959 2445 utin
2893 2468 2957 2716 publicum
2891 2751 2951 2984 prodiens

2845 1294 2895 1463 habitu
2839 1497 2888 1807 comissantis
2835 1844 2882 2139 sententiam
2818 2173 2871 2430 expromat
2818 2460 2876 2535 iis,
2814 2573 2875 2655 qui
2825 2682 2872 2840 minus
2822 2868 2865 2984 sunt

2750 1294 2798 1537 generoso
2743 1571 2793 1847 magnoque
2742 1882 2803 2061 animo,
2738 2101 2784 2244 quam
2736 2280 2798 2436 pollet
2734 2470 2797 2593 ipse,
2731 2632 2778 2802 parum
2744 2849 2792 2980 salu-

2674 1292 2729 1469 taren„
2682 1507 2728 1594 sed
2678 1631 2728 1869 lubrhxun
2660 1906 2717 2054 atque
2659 2090 2719 2433 pernunosanu
2671 2472 2712 2522 et
2670 2557 2716 2617 ad
2662 2655 2711 2981 conuniunter

2603 1290 2653 1560 bibendum
2600 1597 2634 1788 servum
2595 1828 2645 2012 invitet.
2580 2085 2642 2307 Denique
2592 2342 2640 2552 levitatis
2590 2589 2631 2665 est
2574 2698 2631 2885 tantae,
2583 2923 2626 2980 ut

2525 1290 2558 1353 ex
2508 1386 2571 1678 gravissimo
2518 1727 2566 1856 vitae
2501 1901 2562 2121 periculo
2499 2167 2555 2312 atque
2510 2347 2559 2656 atrocissimo
2503 2709 2552 2980 certamine

2430 1287 2490 1519 tanquam
2442 1569 2473 1629 ex
2437 1683 2485 2029 comissatione
2423 2079 2483 2279 redeat,
2433 2329 2465 2424 non
2414 2474 2478 2770 triumphet,
2409 2817 2457 2978 neque

2349 1284 2411 1559 gratuletur
2351 1595 2408 1716 sibi,
2358 1768 2391 1863 non
2339 1912 2402 2187 magnificis
2351 2240 2399 2401 verbis
2348 2449 2397 2701 victoriam
2330 2738 2394 2976 celebret,

2285 1285 2332 1375 sed
2283 1409 2332 1588 festive
2280 1622 2328 1814 iocetur
2258 1848 2326 2171 ludificetque
2258 2206 2319 2445 amicum,
2268 2502 2301 2592 uec
2267 2627 2315 2720 nisi
2262 2754 2314 2974 iuterro—

2192 1281 2248 1423 gatus
2188 1459 2245 1607 atque
2198 1643 2248 1807 (ssfiter
2198 1843 2245 1905 de
2197 1940 2227 1995 re
2178 2029 2234 2169 gesta
2188 2206 2239 2395 doceah

2108 1412 2173 1671 Proprium
2104 1708 2165 2035 satyricorum
2112 2074 2153 2152 est
2111 2188 2158 2460 dramatum
2094 2487 2158 2537 *)
2104 2576 2156 2813 inducere
2088 2857 2136 2971 per-

2046 1280 2079 1424 sonas
2045 1461 2086 1510 et
2044 1545 2090 1603 ab
2039 1640 2089 1915 honestatis
2035 1952 2082 2117 studio
2033 2157 2074 2207 et
2032 2242 2077 2300 ab
2027 2337 2077 2653 humanitatis
2024 2691 2057 2839 sensu
2022 2883 2069 2969 ali-

1954 1280 1999 1425 enas,
1963 1478 2011 1618 cuius
1945 1655 2006 1849 generis
1943 1885 2004 2095 primum
1937 2133 1998 2286 satyri
1951 2324 1993 2437 sunt
1932 2482 1995 2743 impudici,
1928 2782 1987 2968 turpes,

1871 1276 1932 1524 protervi,
1866 1576 1923 1831 agrestes,
1877 1882 1925 2002 nudi
1875 2038 1922 2097 iis
1859 2135 1918 2310 rebus,
1870 2349 1917 2396 in
1854 2433 1916 2607 quibus
1866 2645 1914 2803 cultus
1863 2837 1911 2967 vitae

1805 1274 1856 1517 humanus
1786 1555 1850 1812 civilisque
1782 1847 1843 2041 positus
1781 2079 1835 2170 est,
1776 2222 1838 2376 ignari
1787 2414 1837 2691 officiorum
1770 2729 1831 2964 omnium,

1713 1274 1761 1483 quorum
1723 1519 1770 1683 studio
1717 1709 1768 1963 hominum
1712 1987 1761 2269 coniunctio
1710 2299 1753 2347 et
1699 2373 1757 2686 familiarum,
1688 2726 1751 2963 gentium,

1634 1274 1695 1553 civitatum,
1625 1613 1688 1940 populorum,
1619 1996 1681 2206 denique
1614 2258 1675 2453 generis
1627 2500 1674 2696 humani
1624 2747 1672 2965 universi

1564 1273 1613 1489 societas
1549 1526 1604 1771 servatur3
1555 1836 1604 2017 deinde
1551 2069 1594 2286 monstra
1549 2335 1596 2417 illa
1548 2467 1595 2543 vel
1546 2591 1595 2842 hominum
1544 2886 1591 2963 vel

1472 1268 1536 1577 daemonum,
1466 1617 1527 1713 qui,
1480 1751 1510 1778 a
1462 1814 1525 2013 pietate,
1474 2050 1505 2076 a
1456 2110 1520 2312 iustitia,
1469 2351 1500 2377 a
1452 2405 1515 2658 religione,
1466 2693 1496 2719 a
1464 2756 1513 2960 deorum

1394 1266 1448 1429 metu,
1405 1476 1435 1502 a
1401 1536 1436 1684 sensu
1395 1719 1447 2038 humanitatis
1378 2075 1441 2248 alieni,
1373 2302 1435 2486 rapinis
1386 2523 1433 2685 vivunt
1385 2736 1428 2786 et
1385 2820 1433 2959 nefa-

1327 1266 1374 1352 riis
1309 1389 1372 1678 sceleribus,
1318 1715 1367 1868 instar
1299 1895 1363 2183 belluarum,
1311 2222 1353 2327 tum
1292 2357 1354 2654 populorum
1305 2684 1353 2957 civitatum-

1234 1265 1279 1363 que
1244 1404 1287 1507 tum
1227 1554 1289 1855 privatorum
1233 1902 1283 2111 salutem
1215 2159 1277 2387 perdunt.
1227 2456 1274 2615 Alteri
1210 2649 1274 2806 ignari
1224 2843 1268 2958 sunt

1154 1262 1215 1426 legum
1146 1463 1195 1771 morumque,
1139 1809 1201 2061 magisque
1150 2088 1198 2279 ridiculi
1134 2305 1180 2447 quam
1136 2472 1194 2618 noxii,
1148 2656 1194 2717 ob
1130 2749 1177 2955 eamque

1088 1260 1120 1367 rem
1084 1402 1132 1599 Baccho
1066 1634 1125 1775 grati,
1075 1814 1123 1954 cuius
1072 1992 1119 2119 dono
1069 2156 1116 2387 mortales
1052 2425 1115 2733 aegritudine
1066 2767 1109 2818 et
1065 2846 1097 2952 mo—

1007 1260 1056 1406 lestia
985 1440 1053 1740 liberantur,
982 1798 1028 1894 qua
993 1941 1040 2015 rei
991 2064 1034 2115 et
987 2150 1038 2452 domesticae
987 2490 1030 2538 et
970 2572 1034 2800 publicae
983 2837 1016 2953 cura

809 1315 864 1363 >⁶)
821 1400 862 1607 Glumius
808 1637 845 1771 quum
796 1801 853 2288 multaconquireret,
796 2329 851 2485 quibus
794 2527 849 2769 satyricam
806 2813 847 2949 huius

750 1396 792 1612 dramatis
744 1640 785 1847 naturam
740 1877 784 2015 fuisse
728 2047 781 2264 efficeret,
725 2298 775 2430 caput
735 2461 775 2504 et
722 2524 778 2789 principium
733 2816 763 2945 caus-

680 1398 709 1474 sae
678 1503 707 1587 non
665 1617 718 1794 reperit.
