5010 3336
2171 3292 2186 3325 ‘W'

2192 3294 2199 3324 *u

1136 2124 1195 2243 365

1296 2920 1345 3010 sibi
1292 2735 1355 2887 magis
1290 2552 1338 2696 etiam
1288 2329 1343 2517 didicit,
1301 2155 1347 2294 quam
1283 1897 1348 2117 plerique
1297 1679 1342 1862 eorum,
1281 1544 1344 1643 qui,
1281 1461 1329 1510 in
1281 1356 1328 1426 ci-

1375 2836 1422 3010 vilibus
1371 2483 1419 2799 certaminum
1366 2072 1424 2447 concionumqne
1364 1814 1410 2035 fluctibus
1367 1501 1421 1778 versantes,
1377 1354 1407 1455 am-

1454 2805 1510 3008 bitioni,
1450 2527 1497 2755 avaritiae
1453 2431 1493 2481 et
1444 2058 1506 2384 voluptatibus
1441 1732 1498 2021 inserviunt3
1442 1578 1498 1685 illa,
1440 1353 1488 1531 amoris

1534 2807 1592 3007 iraeque
1528 2545 1576 2755 stimulis
1530 2350 1583 2483 acta,
1522 2134 1585 2290 patria
1520 1864 1583 2080 prodita,
1521 1527 1581 1808 parentibus
1536 1354 1583 1467 pes-

1610 2739 1663 3005 sumdatis,
1607 2531 1654 2685 fratre
1602 2189 1658 2475 interfecto,
1599 1982 1645 2142 scelus
1599 1526 1645 1923 immanissimum
1616 1352 1661 1464 per-

1695 2846 1752 3006 petrat
1688 2608 1744 2813 liberos,
1699 2442 1745 2560 quos
1682 2292 1743 2396 ipsa
1679 2034 1742 2257 peperit,
1677 1675 1724 1987 trucidando:
1677 1542 1723 1623 hic
1679 1350 1726 1495 etiam

1766 2661 1814 3007 inimicissimis
1762 2382 1825 2611 ignoscit,
1760 2276 1806 2325 in
1759 1996 1821 2230 patriam,
1772 1879 1803 1939 ex
1772 1728 1817 1819 qua
1755 1348 1816 1683 indignissime

1848 2816 1893 3004 eiectus
1851 2704 1905 2793 est,
1841 2392 1907 2668 rogantibus
1840 2305 1886 2361 iis
1838 2150 1901 2269 ipsis
1854 2086 1884 2112 a
1836 1878 1898 2051 quibus
1837 1661 1882 1841 eiectus
1840 1532 1894 1623 est,
1836 1348 1895 1495 redit,

1942 2845 1988 3004 neque
1925 2683 1971 2811 redit
1927 2439 1978 2649 tantum,
1919 2294 1965 2380 sed
1918 2102 1964 2247 etiam
1916 1808 1962 2055 victrIcem
1915 1489 1961 1771 redditurus
1919 1346 1974 1440 est,

2005 2817 2063 3004 hostes,
2020 2753 2049 2780 a
2002 2546 2063 2717 quibus
1999 2415 2062 2511 ipsi
2013 2164 2059 2381 regnum,
2000 2078 2042 2127 et
2010 1738 2057 2053 quaecunque
1996 1658 2042 1715 ab
1994 1345 2044 1623 hominibus

2098 2830 2147 3001 magna
2081 2450 2146 2797 praeclaraque
2077 2153 2134 2415 habentur,
2074 1817 2134 2115 offeruntur,
2073 1488 2123 1780 domiturus.

2412 2398 2467 2460 C.
2412 1879 2484 2293 Dictys.

2537 2519 2599 2866 Argumentum
2533 2340 2580 2483 huius
2532 2114 2579 2305 fabulae
2529 1726 2577 2087 accuratissime
2527 1480 2576 1691 omnium
2543 1339 2577 1444 ser·

2615 2869 2664 2996 vavit
2614 2576 2662 2836 scholiasta
2612 2300 2677 2542 Apollonii
2612 2204 2658 2263 ad
2611 2062 2659 2168 libr.
2608 1936 2657 2016 1V.
2624 1848 2655 1890 v.
2611 1632 2666 1801 1515..
2625 1480 2656 1587 cum
2624 1338 2671 1431 qua

2697 2726 2744 2996 narratione
2710 2538 2756 2691 paene
2694 2443 2739 2503 ad
2693 2210 2739 2408 verbnm
2694 1907 2751 2172 congruunt
2705 1746 2750 1872 quae
2688 1516 2751 1711 scripsit
2688 1336 2750 1486 Apol-

2775 2798 2822 2995 lodorus
2773 2704 2830 2759 ΙΙ,
2776 2622 2831 2669 4,
2774 2542 2822 2586 2.
2778 2444 2818 2493 et
2775 2365 2819 2409 3.
2771 2230 2817 2281 ln
2772 2010 2817 2182 eodem
2776 1679 2829 1961 argumento
2768 1332 2830 1629 epigramma

2854 2824 2900 2996 nititur
2852 2504 2913 2796 Cyzicenum
2849 2285 2908 2478 XV111.,
2849 2122 2910 2251 quod
2852 2013 2894 2086 est
2848 1930 2895 1979 in
2847 1700 2894 1905 lacobsii
2847 1481 2895 1677 Anthol.
2844 1335 2895 1443 Vol.

2932 2918 2980 2994 lli.
2937 2763 2994 2882 part.
2933 2689 2977 2735 3.
2948 2605 2994 2652 p.
2932 2466 2977 2577 632.
2928 2158 2990 2396 Respexit
2927 2064 2973 2125 ad
2926 1903 2973 2028 hanc
2926 1657 2973 1869 fabulam
2926 1478 2971 1621 etiam
2924 1334 2971 1451 Ovi-

3011 2886 3059 2995 dius
3011 2728 3057 2849 Met,
3009 2625 3070 2686 V,
3011 2293 3057 2590 242—248.
3007 2002 3068 2222 Denique
3006 1793 3054 1967 Strabo
3006 1677 3051 1757 lib.
3003 1578 3053 1638 X.
3020 1486 3066 1531 p.
3005 1334 3064 1447 335,

3094 2916 3139 2993 57.
3089 2672 3151 2864 (481),
3095 2272 3151 2613 praeterquam
3088 2096 3148 2222 quod
3085 1872 3148 2047 Dictyn
3085 1534 3147 1827 piscatorem
3083 1330 3132 1489 fuisse

3170 2768 3226 2993 tradidit,
3169 2434 3229 2718 Euripidem
3173 2200 3213 2395 secutus
3169 2060 3211 2151 est.
3164 1699 3226 1993 Fragmenta
3168 1475 3209 1664 servata
3165 1329 3210 1441 sunt

3249 2757 3310 2991 quaedam
3246 2602 3292 2719 satis
3245 2311 3299 2564 luculenta,
3258 2128 3302 2285 neque
3246 1931 3287 2093 tamen
3240 1611 3287 1902 sufficientia
3243 1526 3288 1585 ad
3257 1331 3289 1499 omnes

3326 2762 3373 2989 dramatis
3330 2552 3386 2733 partes,
3323 2349 3383 2513 quales
3321 2124 3376 2320 suerint,
3319 1723 3381 2101 cognoscendas.
3320 1600 3367 1675 Ad
3321 1432 3366 1568 cuius
3321 1333 3368 1405 in-

3404 2702 3451 2988 veniendam
3401 2228 3463 2630 compositionem
3406 1970 3461 2160 praeter
3398 1586 3445 1908 Matthiaeum
3414 1332 3460 1530 operam

3484 2696 3532 2987 Welckerus
3492 2608 3529 2657 et
3480 2297 3527 2571 Schoellius
3478 2130 3525 2258 haud
3480 1992 3524 2092 sine
3476 1793 3524 1953 fructu
3477 1432 3524 1757 contulerunt.

3562 2543 3609 2857 Prooemium
3576 2470 3606 2495 a
3558 2173 3605 2421 Mercurio
3557 1944 3604 2124 dictum
3572 1782 3602 1890 esse
3572 1666 3603 1724 ex
3557 1516 3611 1607 iis,
3572 1329 3618 1453 quae

3642 2743 3707 2986 Apollonii
3641 2435 3687 2696 scholiasta
3638 2206 3695 2387 refert,
3636 2013 3683 2139 haud
3635 1763 3683 1967 difficile
3642 1641 3683 1718 est
3636 1329 3685 1597 intellectu.

3724 2926 3770 2987 Ei
3724 2772 3770 2893 haec
3721 2630 3767 2735 fere
3718 2308 3782 2592 exponenda
3717 2050 3763 2272 suerunt:

3802 2694 3848 2856 Danae
3816 2514 3861 2659 quum
3804 2346 3845 2478 esset
3814 2286 3842 2310 a
3804 2113 3857 2249 patre
3795 1890 3842 2078 Acrisio
3796 1810 3841 1854 in
3811 1662 3842 1774 arca
3795 1472 3858 1628 lignea
3810 1328 3842 1437 cum

3882 2835 3928 2985 filiolo
3879 2573 3927 2799 conclusa
3886 2487 3925 2537 et
3878 2409 3923 2453 in
3892 2240 3923 2371 mare
3876 1990 3933 2203 deiecta,
3874 1784 3921 1942 delata
3882 1675 3922 1748 est
3875 1570 3921 1627 ad
3874 1328 3921 1532 insulam

3961 2708 4022 2985 Seriphum,
3959 2625 4004 2671 in
3973 2497 4019 2587 qua
3956 2342 4001 2461 haec
3961 2088 4015 2307 aguntur,
3956 1966 4002 2046 ubi
3955 1783 4001 1933 littori
3955 1496 4018 1746 appulsam
3955 1328 4000 1460 inve-

4042 2913 4087 2985 nit
4040 2682 4101 2877 Dictys„
4039 2523 4099 2648 regis
4035 2208 4097 2487 Polydectis
4035 2017 4081 2171 frater
4031 1925 4095 2001 ⁴³),
4035 1799 4097 1879 qui
4041 1713 4082 1763 et
4036 1527 4098 1679 ipsam
4048 1328 4080 1489 serva-

4119 2915 4165 2983 vit
4127 2830 4165 2880 et
4134 2593 4181 2798 puerum
4123 2274 4177 2556 susceptum
4114 1998 4161 2237 educavit.

4236 2876 4290 2925 ²¹⁶)
4236 2703 4276 2847 Maior
4241 2570 4277 2674 natu
4235 2358 4288 2531 iamque
4236 2174 4274 2318 aetate
4232 1880 4285 2130 provectior
4246 1751 4274 1847 esse
4230 1530 4286 1710 fingitur
4228 1327 4283 1493 Dictys,

4306 2732 4347 2843 unde
4320 2603 4347 2701 eum
4306 2418 4349 2574 iniuste
4319 2361 4347 2387 a
4303 2104 4358 2343 Polydecte
4317 1935 4359 2074 regno
4306 1680 4346 1905 exclusum
4316 1557 4343 1650 esse
4299 1328 4342 1526 coniicio.
