<?xml version="1.0" encoding="UTF-8"?>
<!DOCTYPE html PUBLIC "-//W3C//DTD XHTML 1.0 Transitional//EN"
    "http://www.w3.org/TR/xhtml1/DTD/xhtml1-transitional.dtd">
<html xmlns="http://www.w3.org/1999/xhtml" xml:lang="en" lang="en">
 <head>
  <title>
</title>
<meta http-equiv="Content-Type" content="text/html;charset=utf-8" />
  <meta name='ocr-system' content='tesseract 3.04.00' />
  <meta name='ocr-capabilities' content='ocr_page ocr_carea ocr_par ocr_line ocrx_word'/>
</head>
<body>
  <div class='ocr_page' id='page_1' title='image "./euripidesrestitu00hartuoft_raw_0110.png"; bbox 0 0 5010 3336; ppageno 0'>
   <div class='ocr_carea' id='block_1_1' title="bbox 3911 0 5010 3332">
    <p class='ocr_par' dir='ltr' id='par_1_1' title="bbox 3911 0 5010 3332">
     <span class='ocr_line' id='line_1_1' title="bbox 3911 0 5010 3332; textangle 270"><span class='ocrx_word' id='word_1_1' title='bbox 3911 0 5010 3332; x_wconf 95' lang='lat' dir='ltr'> </span> 
     </span>
    </p>
   </div>
   <div class='ocr_carea' id='block_1_2' title="bbox 3946 2211 4002 2290">
    <p class='ocr_par' dir='ltr' id='par_1_2' title="bbox 3946 2211 4002 2290">
     <span class='ocr_line' id='line_1_2' title="bbox 3946 2211 4002 2290; textangle 270"><span class='ocrx_word' id='word_1_2' title='bbox 3946 2211 4002 2290; x_wconf 81' lang='lat'>92</span> 
     </span>
    </p>
   </div>
   <div class='ocr_carea' id='block_1_3' title="bbox 0 0 0 0">
    <p class='ocr_par' dir='ltr' id='par_1_3' title="bbox 0 0 0 0">
     <span class='ocr_line' id='line_1_3' title="bbox 0 0 0 0; textangle 270"><span class='ocrx_word' id='word_1_3' title='bbox 0 0 0 0; x_wconf 95' lang='lat' dir='ltr'>   </span> 
     </span>
     <span class='ocr_line' id='line_1_4' title="bbox 0 0 0 0; textangle 270"><span class='ocrx_word' id='word_1_4' title='bbox 0 0 0 0; x_wconf 95' lang='lat' dir='ltr'> </span> 
     </span>
    </p>
   </div>
   <div class='ocr_carea' id='block_1_4' title="bbox 3474 835 3863 3093">
    <p class='ocr_par' dir='ltr' id='par_1_4' title="bbox 3787 1414 3863 3087">
     <span class='ocr_line' id='line_1_5' title="bbox 3787 1414 3863 3087; textangle 270"><span class='ocrx_word' id='word_1_5' title='bbox 3812 1414 3863 1577; x_wconf 86' lang='lat' dir='ltr'>Vincit</span> <span class='ocrx_word' id='word_1_6' title='bbox 3799 1626 3861 1789; x_wconf 81' lang='lat' dir='ltr'>regina</span> <span class='ocrx_word' id='word_1_7' title='bbox 3796 1825 3846 2150; x_wconf 88' lang='lat' dir='ltr'>securumque</span> <span class='ocrx_word' id='word_1_8' title='bbox 3807 2182 3856 2348; x_wconf 85' lang='lat' dir='ltr'><strong>reddit</strong></span> <span class='ocrx_word' id='word_1_9' title='bbox 3802 2382 3853 2626; x_wconf 86' lang='lat' dir='ltr'>maritum.</span> <span class='ocrx_word' id='word_1_10' title='bbox 3787 2697 3851 2882; x_wconf 85' lang='lat' dir='ltr'>Itaque,</span> <span class='ocrx_word' id='word_1_11' title='bbox 3798 2917 3848 3087; x_wconf 85' lang='lat' dir='ltr'>libera-</span> 
     </span>
    </p>

    <p class='ocr_par' dir='ltr' id='par_1_5' title="bbox 3703 795 3795 3090">
     <span class='ocr_line' id='line_1_6' title="bbox 3703 835 3795 3090; textangle 270"><span class='ocrx_word' id='word_1_12' title='bbox 3723 835 3795 880; x_wconf 37' lang='lat'>2³¹2?</span> <span class='ocrx_word' id='word_1_13' title='bbox 3735 1411 3779 1490; x_wconf 89' lang='lat' dir='ltr'>tus</span> <span class='ocrx_word' id='word_1_14' title='bbox 3718 1526 3781 1771; x_wconf 77' lang='lat' dir='ltr'>scrupulo,</span> <span class='ocrx_word' id='word_1_15' title='bbox 3733 1808 3780 1870; x_wconf 86' lang='lat' dir='ltr'>ad</span> <span class='ocrx_word' id='word_1_16' title='bbox 3730 1906 3779 2155; x_wconf 71' lang='lat' dir='ltr'>visendum</span> <span class='ocrx_word' id='word_1_17' title='bbox 3726 2189 3775 2423; x_wconf 84' lang='lat' dir='ltr'>infantem</span> <span class='ocrx_word' id='word_1_18' title='bbox 3723 2462 3773 2798; x_wconf 86' lang='lat' dir='ltr'>dulcissimum</span> <span class='ocrx_word' id='word_1_19' title='bbox 3722 2834 3754 2888; x_wconf 89' lang='lat' dir='ltr'>se</span> <span class='ocrx_word' id='word_1_20' title='bbox 3719 2920 3767 2969; x_wconf 88' lang='lat' dir='ltr'>in</span> <span class='ocrx_word' id='word_1_21' title='bbox 3703 3003 3749 3090; x_wconf 74' lang='lat' dir='ltr'>gy—</span> 
     </span>
    </p>

    <p class='ocr_par' dir='ltr' id='par_1_6' title="bbox 3474 811 3721 3093">
     <span class='ocr_line' id='line_1_7' title="bbox 3626 1408 3702 3093; textangle 270"><span class='ocrx_word' id='word_1_22' title='bbox 3655 1408 3686 1643; x_wconf 83' lang='lat' dir='ltr'>naeceum</span> <span class='ocrx_word' id='word_1_23' title='bbox 3650 1678 3702 1888; x_wconf 79' lang='lat' dir='ltr'><strong>confert.</strong></span> <span class='ocrx_word' id='word_1_24' title='bbox 3649 1960 3699 2152; x_wconf 86' lang='lat' dir='ltr'>Chorus</span> <span class='ocrx_word' id='word_1_25' title='bbox 3647 2206 3695 2375; x_wconf 86' lang='lat' dir='ltr'>laudes</span> <span class='ocrx_word' id='word_1_26' title='bbox 3646 2411 3693 2517; x_wconf 86' lang='lat' dir='ltr'>auri</span> <span class='ocrx_word' id='word_1_27' title='bbox 3626 2554 3691 2930; x_wconf 73' lang='lat' dir='ltr'>divitiarumque</span> <span class='ocrx_word' id='word_1_28' title='bbox 3638 2966 3685 3093; x_wconf 84' lang='lat' dir='ltr'>canit</span> 
     </span>
     <span class='ocr_line' id='line_1_8' title="bbox 3542 1408 3624 3089; textangle 270"><span class='ocrx_word' id='word_1_29' title='bbox 3576 1408 3624 1493; x_wconf 83' lang='lat' dir='ltr'>illo</span> <span class='ocrx_word' id='word_1_30' title='bbox 3560 1545 3621 1787; x_wconf 82' lang='lat' dir='ltr'>carmine,</span> <span class='ocrx_word' id='word_1_31' title='bbox 3573 1826 3619 1963; x_wconf 88' lang='lat' dir='ltr'>cuius</span> <span class='ocrx_word' id='word_1_32' title='bbox 3556 2002 3601 2112; x_wconf 86' lang='lat' dir='ltr'>pars</span> <span class='ocrx_word' id='word_1_33' title='bbox 3568 2156 3615 2202; x_wconf 87' lang='lat' dir='ltr'>in</span> <span class='ocrx_word' id='word_1_34' title='bbox 3566 2238 3615 2441; x_wconf 85' lang='lat' dir='ltr'>Diodori</span> <span class='ocrx_word' id='word_1_35' title='bbox 3546 2478 3608 2722; x_wconf 78' lang='lat' dir='ltr'>excerptis</span> <span class='ocrx_word' id='word_1_36' title='bbox 3559 2758 3610 3007; x_wconf 81' lang='lat' dir='ltr'>Vaticanis</span> <span class='ocrx_word' id='word_1_37' title='bbox 3542 3043 3589 3089; x_wconf 86' lang='lat' dir='ltr'>p.</span> 
     </span>
     <span class='ocr_line' id='line_1_9' title="bbox 3474 1405 3544 2301; textangle 270"><span class='ocrx_word' id='word_1_38' title='bbox 3495 1405 3541 1515; x_wconf 84' lang='lat'>135.</span> <span class='ocrx_word' id='word_1_39' title='bbox 3480 1553 3544 1759; x_wconf 84' lang='lat' dir='ltr'>(Matth.</span> <span class='ocrx_word' id='word_1_40' title='bbox 3476 1796 3522 1842; x_wconf 91' lang='lat' dir='ltr'>p.</span> <span class='ocrx_word' id='word_1_41' title='bbox 3474 1879 3539 2010; x_wconf 74' lang='lat'>447.)</span> <span class='ocrx_word' id='word_1_42' title='bbox 3487 2051 3530 2301; x_wconf 74' lang='lat' dir='ltr'>servatur:</span> 
     </span>
    </p>
   </div>
   <div class='ocr_carea' id='block_1_5' title="bbox 3463 1547 3471 1568">
    <p class='ocr_par' dir='ltr' id='par_1_7' title="bbox 3463 1547 3471 1568">
     <span class='ocr_line' id='line_1_10' title="bbox 3463 1547 3471 1568; textangle 270"><span class='ocrx_word' id='word_1_43' title='bbox 3463 1547 3471 1568; x_wconf 61' lang='lat'>,-</span> 
     </span>
    </p>
   </div>
   <div class='ocr_carea' id='block_1_6' title="bbox 1371 1379 3462 3079">
    <p class='ocr_par' dir='ltr' id='par_1_8' title="bbox 3393 1533 3462 2337">
     <span class='ocr_line' id='line_1_11' title="bbox 3393 1533 3462 2337; textangle 270"><span class='ocrx_word' id='word_1_44' title='bbox 3414 1533 3462 1573; x_wconf 83' lang='grc' dir='ltr'><em>ὠ</em></span> <span class='ocrx_word' id='word_1_45' title='bbox 3397 1609 3462 1784; x_wconf 75' lang='grc' dir='ltr'><em>χρυσέ,</em></span> <span class='ocrx_word' id='word_1_46' title='bbox 3395 1820 3461 2091; x_wconf 73' lang='grc' dir='ltr'>βλάστημα</span> <span class='ocrx_word' id='word_1_47' title='bbox 3393 2124 3457 2337; x_wconf 81' lang='grc' dir='ltr'><em>χθονός,</em></span> 
     </span>
    </p>

    <p class='ocr_par' dir='ltr' id='par_1_9' title="bbox 3311 1534 3388 2384">
     <span class='ocr_line' id='line_1_12' title="bbox 3311 1534 3388 2384; textangle 270"><span class='ocrx_word' id='word_1_48' title='bbox 3332 1534 3388 1650; x_wconf 79' lang='grc' dir='ltr'><em>οἷον</em></span> <span class='ocrx_word' id='word_1_49' title='bbox 3317 1685 3381 1853; x_wconf 78' lang='grc' dir='ltr'><em>ἔρωτα</em></span> <span class='ocrx_word' id='word_1_50' title='bbox 3315 1889 3378 2126; x_wconf 75' lang='grc' dir='ltr'><em>βροτοῖσι</em></span> <span class='ocrx_word' id='word_1_51' title='bbox 3311 2161 3378 2384; x_wconf 75' lang='grc' dir='ltr'><em>φλέγεις,</em></span> 
     </span>
    </p>

    <p class='ocr_par' dir='ltr' id='par_1_10' title="bbox 3228 1533 3301 2590">
     <span class='ocr_line' id='line_1_13' title="bbox 3228 1533 3301 2590; textangle 270"><span class='ocrx_word' id='word_1_52' title='bbox 3251 1533 3301 1751; x_wconf 83' lang='grc' dir='ltr'><em>πάντων</em></span> <span class='ocrx_word' id='word_1_53' title='bbox 3236 1784 3299 2047; x_wconf 88' lang='grc' dir='ltr'><em>κράτιστε,</em></span> <span class='ocrx_word' id='word_1_54' title='bbox 3244 2085 3295 2299; x_wconf 86' lang='grc' dir='ltr'><em>πάντων</em></span> <span class='ocrx_word' id='word_1_55' title='bbox 3228 2334 3294 2559; x_wconf 75' lang='grc' dir='ltr'><em>τύραννε</em></span> <span class='ocrx_word' id='word_1_56' title='bbox 3263 2580 3274 2590; x_wconf 86' lang='grc'><em>·</em></span> 
     </span>
    </p>

    <p class='ocr_par' dir='ltr' id='par_1_11' title="bbox 3153 1530 3224 2090">
     <span class='ocr_line' id='line_1_14' title="bbox 3153 1530 3224 2090; textangle 270"><span class='ocrx_word' id='word_1_57' title='bbox 3156 1530 3218 1770; x_wconf 77' lang='grc' dir='ltr'><em>πολεμεῖς</em></span> <span class='ocrx_word' id='word_1_58' title='bbox 3158 1804 3218 1869; x_wconf 77' lang='grc' dir='ltr'>δ’,</span> <span class='ocrx_word' id='word_1_59' title='bbox 3153 1906 3224 2090; x_wconf 69' lang='grc' dir='ltr'><em>’Ἄρεος</em></span> 
     </span>
    </p>

    <p class='ocr_par' dir='ltr' id='par_1_12' title="bbox 3064 1527 3140 2798">
     <span class='ocr_line' id='line_1_15' title="bbox 3064 1527 3140 2798; textangle 270"><span class='ocrx_word' id='word_1_60' title='bbox 3076 1527 3140 1788; x_wconf 72' lang='grc' dir='ltr'><em>κρείσσον’</em></span> <span class='ocrx_word' id='word_1_61' title='bbox 3073 1825 3138 1957; x_wconf 71' lang='grc' dir='ltr'><em>ἔχων</em></span> <span class='ocrx_word' id='word_1_62' title='bbox 3069 1994 3135 2240; x_wconf 83' lang='grc' dir='ltr'><em>δύναμιν,</em></span> <span class='ocrx_word' id='word_1_63' title='bbox 3065 2277 3129 2341; x_wconf 74' lang='grc' dir='ltr'><em>τᾷ</em></span> <span class='ocrx_word' id='word_1_64' title='bbox 3081 2375 3133 2547; x_wconf 90' lang='grc' dir='ltr'><em>πάντα</em></span> <span class='ocrx_word' id='word_1_65' title='bbox 3064 2581 3131 2798; x_wconf 77' lang='grc' dir='ltr'>θέλγεις.</span> 
     </span>
    </p>

    <p class='ocr_par' dir='ltr' id='par_1_13' title="bbox 2987 1528 3063 2559">
     <span class='ocr_line' id='line_1_16' title="bbox 2987 1528 3063 2559; textangle 270"><span class='ocrx_word' id='word_1_66' title='bbox 3009 1528 3061 1612; x_wconf 77' lang='grc' dir='ltr'>ἐπὶ</span> <span class='ocrx_word' id='word_1_67' title='bbox 2993 1645 3059 1746; x_wconf 71' lang='grc' dir='ltr'>γὰρ</span> <span class='ocrx_word' id='word_1_68' title='bbox 2991 1790 3063 2030; x_wconf 77' lang='grc' dir='ltr'><em>Ὀρφέως</em></span> <span class='ocrx_word' id='word_1_69' title='bbox 2987 2064 3053 2319; x_wconf 75' lang='grc' dir='ltr'><em>μελῳδοῖς</em></span> <span class='ocrx_word' id='word_1_70' title='bbox 2990 2353 3050 2559; x_wconf 82' lang='grc' dir='ltr'><em>αόιδαῖς</em></span> 
     </span>
    </p>

    <p class='ocr_par' dir='ltr' id='par_1_14' title="bbox 2901 1526 2978 2706">
     <span class='ocr_line' id='line_1_17' title="bbox 2901 1526 2978 2706; textangle 270"><span class='ocrx_word' id='word_1_71' title='bbox 2926 1526 2978 1696; x_wconf 76' lang='grc' dir='ltr'><em>εἵπετο</em></span> <span class='ocrx_word' id='word_1_72' title='bbox 2910 1732 2978 1952; x_wconf 81' lang='grc' dir='ltr'><em>δένδρεα</em></span> <span class='ocrx_word' id='word_1_73' title='bbox 2923 1987 2974 2074; x_wconf 85' lang='grc' dir='ltr'>καὶ</span> <span class='ocrx_word' id='word_1_74' title='bbox 2906 2109 2969 2298; x_wconf 80' lang='grc' dir='ltr'><em>θηρῶν</em></span> <span class='ocrx_word' id='word_1_75' title='bbox 2903 2333 2970 2532; x_wconf 86' lang='grc' dir='ltr'><em>άνόητα</em></span> <span class='ocrx_word' id='word_1_76' title='bbox 2901 2566 2969 2706; x_wconf 71' lang='grc' dir='ltr'><em>γένη,</em></span> 
     </span>
    </p>

    <p class='ocr_par' dir='ltr' id='par_1_15' title="bbox 2827 1527 2898 2534">
     <span class='ocr_line' id='line_1_18' title="bbox 2827 1527 2898 2534; textangle 270"><span class='ocrx_word' id='word_1_77' title='bbox 2846 1527 2898 1611; x_wconf 81' lang='grc' dir='ltr'>σοὶ</span> <span class='ocrx_word' id='word_1_78' title='bbox 2845 1647 2897 1703; x_wconf 76' lang='grc' dir='ltr'>δὲ</span> <span class='ocrx_word' id='word_1_79' title='bbox 2845 1737 2896 1825; x_wconf 86' lang='grc' dir='ltr'>καὶ</span> <span class='ocrx_word' id='word_1_80' title='bbox 2828 1860 2894 2007; x_wconf 81' lang='grc' dir='ltr'><em>χθὼν</em></span> <span class='ocrx_word' id='word_1_81' title='bbox 2840 2041 2885 2183; x_wconf 77' lang='grc' dir='ltr'><em>πᾶσα</em></span> <span class='ocrx_word' id='word_1_82' title='bbox 2839 2218 2890 2307; x_wconf 85' lang='grc' dir='ltr'>καὶ</span> <span class='ocrx_word' id='word_1_83' title='bbox 2827 2340 2887 2534; x_wconf 88' lang='grc' dir='ltr'><em>πόντος</em></span> 
     </span>
    </p>

    <p class='ocr_par' dir='ltr' id='par_1_16' title="bbox 2742 1523 2817 2244">
     <span class='ocr_line' id='line_1_19' title="bbox 2742 1523 2817 2244; textangle 270"><span class='ocrx_word' id='word_1_84' title='bbox 2764 1523 2817 1610; x_wconf 82' lang='grc' dir='ltr'>καὶ</span> <span class='ocrx_word' id='word_1_85' title='bbox 2764 1646 2816 1675; x_wconf 80' lang='grc' dir='ltr'>ὁ</span> <span class='ocrx_word' id='word_1_86' title='bbox 2745 1709 2810 2033; x_wconf 83' lang='grc' dir='ltr'><em>παμμήστωρ</em></span> <span class='ocrx_word' id='word_1_87' title='bbox 2742 2068 2816 2244; x_wconf 66' lang='grc' dir='ltr'><em>’Ἄρης</em></span> 
     </span>
    </p>

    <p class='ocr_par' dir='ltr' id='par_1_17' title="bbox 1624 1379 2733 3079">
     <span class='ocr_line' id='line_1_20' title="bbox 2661 1523 2733 3079; textangle 270"><span class='ocrx_word' id='word_1_88' title='bbox 2684 1523 2733 1763; x_wconf 87' lang='lat' dir='ltr'>Feliciter</span> <span class='ocrx_word' id='word_1_89' title='bbox 2681 1799 2726 1959; x_wconf 89' lang='lat' dir='ltr'>omnia</span> <span class='ocrx_word' id='word_1_90' title='bbox 2679 1994 2725 2206; x_wconf 76' lang='lat' dir='ltr'>cessisse</span> <span class='ocrx_word' id='word_1_91' title='bbox 2666 2243 2725 2549; x_wconf 73' lang='lat' dir='ltr'>videbantur,</span> <span class='ocrx_word' id='word_1_92' title='bbox 2661 2586 2724 2866; x_wconf 82' lang='lat' dir='ltr'>suspicione</span> <span class='ocrx_word' id='word_1_93' title='bbox 2674 2898 2723 3079; x_wconf 85' lang='lat' dir='ltr'>libera-</span> 
     </span>
     <span class='ocr_line' id='line_1_21' title="bbox 2580 1393 2647 3079; textangle 270"><span class='ocrx_word' id='word_1_94' title='bbox 2606 1393 2646 1472; x_wconf 87' lang='lat' dir='ltr'>tus</span> <span class='ocrx_word' id='word_1_95' title='bbox 2606 1509 2647 1613; x_wconf 86' lang='lat' dir='ltr'>erat</span> <span class='ocrx_word' id='word_1_96' title='bbox 2591 1648 2634 1759; x_wconf 81' lang='lat' dir='ltr'>rex,</span> <span class='ocrx_word' id='word_1_97' title='bbox 2601 1812 2632 1985; x_wconf 83' lang='lat' dir='ltr'>secura</span> <span class='ocrx_word' id='word_1_98' title='bbox 2599 2032 2646 2224; x_wconf 86' lang='lat' dir='ltr'>reddita</span> <span class='ocrx_word' id='word_1_99' title='bbox 2583 2272 2645 2435; x_wconf 80' lang='lat' dir='ltr'>virgo,</span> <span class='ocrx_word' id='word_1_100' title='bbox 2580 2488 2643 2788; x_wconf 88' lang='lat' dir='ltr'>compositae</span> <span class='ocrx_word' id='word_1_101' title='bbox 2594 2823 2636 2963; x_wconf 85' lang='lat' dir='ltr'>erant</span> <span class='ocrx_word' id='word_1_102' title='bbox 2594 2998 2625 3079; x_wconf 87' lang='lat' dir='ltr'>res</span> 
     </span>
     <span class='ocr_line' id='line_1_22' title="bbox 2498 1392 2584 3079; textangle 270"><span class='ocrx_word' id='word_1_103' title='bbox 2524 1392 2567 1442; x_wconf 85' lang='lat' dir='ltr'>et</span> <span class='ocrx_word' id='word_1_104' title='bbox 2509 1477 2584 1615; x_wconf 83' lang='lat' dir='ltr'>quasi</span> <span class='ocrx_word' id='word_1_105' title='bbox 2523 1651 2570 1698; x_wconf 94' lang='lat' dir='ltr'>in</span> <span class='ocrx_word' id='word_1_106' title='bbox 2507 1734 2565 1929; x_wconf 87' lang='lat' dir='ltr'>portum</span> <span class='ocrx_word' id='word_1_107' title='bbox 2518 1965 2566 2179; x_wconf 88' lang='lat' dir='ltr'>deducta</span> <span class='ocrx_word' id='word_1_108' title='bbox 2506 2214 2563 2366; x_wconf 73' lang='lat' dir='ltr'>navis,</span> <span class='ocrx_word' id='word_1_109' title='bbox 2502 2402 2547 2548; x_wconf 89' lang='lat' dir='ltr'>quum</span> <span class='ocrx_word' id='word_1_110' title='bbox 2516 2587 2562 2748; x_wconf 85' lang='lat' dir='ltr'>subito</span> <span class='ocrx_word' id='word_1_111' title='bbox 2516 2784 2547 2842; x_wconf 83' lang='lat' dir='ltr'>ex</span> <span class='ocrx_word' id='word_1_112' title='bbox 2498 2865 2561 2971; x_wconf 85' lang='lat' dir='ltr'>ipsa</span> <span class='ocrx_word' id='word_1_113' title='bbox 2513 3000 2545 3079; x_wconf 91' lang='lat' dir='ltr'>se-</span> 
     </span>
     <span class='ocr_line' id='line_1_23' title="bbox 2433 1390 2490 3078; textangle 270"><span class='ocrx_word' id='word_1_114' title='bbox 2443 1390 2490 1601; x_wconf 85' lang='lat' dir='ltr'>curitate</span> <span class='ocrx_word' id='word_1_115' title='bbox 2443 1638 2484 1687; x_wconf 91' lang='lat' dir='ltr'>et</span> <span class='ocrx_word' id='word_1_116' title='bbox 2442 1722 2488 1947; x_wconf 84' lang='lat' dir='ltr'>socordia</span> <span class='ocrx_word' id='word_1_117' title='bbox 2438 1982 2486 2262; x_wconf 86' lang='lat' dir='ltr'>incendium</span> <span class='ocrx_word' id='word_1_118' title='bbox 2436 2298 2482 2491; x_wconf 77' lang='lat' dir='ltr'>exitiale</span> <span class='ocrx_word' id='word_1_119' title='bbox 2435 2537 2476 2761; x_wconf 80' lang='lat' dir='ltr'>exortum</span> <span class='ocrx_word' id='word_1_120' title='bbox 2434 2808 2477 2897; x_wconf 88' lang='lat' dir='ltr'>est.</span> <span class='ocrx_word' id='word_1_121' title='bbox 2433 2970 2481 3078; x_wconf 81' lang='lat' dir='ltr'>Rex</span> 
     </span>
     <span class='ocr_line' id='line_1_24' title="bbox 2337 1390 2409 3077; textangle 270"><span class='ocrx_word' id='word_1_122' title='bbox 2352 1390 2409 1546; x_wconf 86' lang='lat' dir='ltr'>enim,</span> <span class='ocrx_word' id='word_1_123' title='bbox 2347 1596 2393 1742; x_wconf 84' lang='lat' dir='ltr'>quum</span> <span class='ocrx_word' id='word_1_124' title='bbox 2362 1778 2408 1949; x_wconf 69' lang='lat' dir='ltr'>videns</span> <span class='ocrx_word' id='word_1_125' title='bbox 2345 1986 2405 2239; x_wconf 71' lang='lat' dir='ltr'>parvulum</span> <span class='ocrx_word' id='word_1_126' title='bbox 2341 2294 2389 2537; x_wconf 88' lang='lat' dir='ltr'>nunquam</span> <span class='ocrx_word' id='word_1_127' title='bbox 2355 2587 2401 2755; x_wconf 83' lang='lat' dir='ltr'>satiari</span> <span class='ocrx_word' id='word_1_128' title='bbox 2337 2805 2395 2978; x_wconf 88' lang='lat' dir='ltr'>posset</span> <span class='ocrx_word' id='word_1_129' title='bbox 2351 3028 2394 3077; x_wconf 84' lang='lat' dir='ltr'>et</span> 
     </span>
     <span class='ocr_line' id='line_1_25' title="bbox 2257 1389 2328 3074; textangle 270"><span class='ocrx_word' id='word_1_130' title='bbox 2267 1389 2314 1537; x_wconf 84' lang='lat' dir='ltr'>saepe</span> <span class='ocrx_word' id='word_1_131' title='bbox 2282 1588 2321 1672; x_wconf 87' lang='lat' dir='ltr'>aut</span> <span class='ocrx_word' id='word_1_132' title='bbox 2265 1723 2312 1808; x_wconf 87' lang='lat' dir='ltr'>per</span> <span class='ocrx_word' id='word_1_133' title='bbox 2280 1858 2328 2084; x_wconf 88' lang='lat' dir='ltr'>fissuram</span> <span class='ocrx_word' id='word_1_134' title='bbox 2264 2129 2324 2336; x_wconf 78' lang='lat' dir='ltr'>forium,</span> <span class='ocrx_word' id='word_1_135' title='bbox 2261 2389 2306 2482; x_wconf 88' lang='lat' dir='ltr'>qua</span> <span class='ocrx_word' id='word_1_136' title='bbox 2275 2519 2321 2666; x_wconf 63' lang='lat' dir='ltr'>clavis</span> <span class='ocrx_word' id='word_1_137' title='bbox 2257 2702 2321 3074; x_wconf 72' lang='lat' dir='ltr'>immittebatur,</span> 
     </span>
     <span class='ocr_line' id='line_1_26' title="bbox 2174 1388 2249 3074; textangle 270"><span class='ocrx_word' id='word_1_138' title='bbox 2203 1388 2245 1472; x_wconf 88' lang='lat' dir='ltr'>aut</span> <span class='ocrx_word' id='word_1_139' title='bbox 2186 1508 2234 1597; x_wconf 85' lang='lat' dir='ltr'>per</span> <span class='ocrx_word' id='word_1_140' title='bbox 2186 1632 2249 1942; x_wconf 63' lang='lat' dir='ltr'>impluvium,</span> <span class='ocrx_word' id='word_1_141' title='bbox 2184 1994 2231 2087; x_wconf 89' lang='lat' dir='ltr'>quo</span> <span class='ocrx_word' id='word_1_142' title='bbox 2197 2123 2228 2293; x_wconf 86' lang='lat' dir='ltr'>aurum</span> <span class='ocrx_word' id='word_1_143' title='bbox 2178 2331 2243 2586; x_wconf 86' lang='lat' dir='ltr'>delapsum</span> <span class='ocrx_word' id='word_1_144' title='bbox 2182 2626 2235 2753; x_wconf 80' lang='lat' dir='ltr'>erat,</span> <span class='ocrx_word' id='word_1_145' title='bbox 2193 2803 2240 2849; x_wconf 92' lang='lat' dir='ltr'>in</span> <span class='ocrx_word' id='word_1_146' title='bbox 2174 2886 2221 3074; x_wconf 68' lang='lat' dir='ltr'>gynae-</span> 
     </span>
     <span class='ocr_line' id='line_1_27' title="bbox 2098 1386 2168 3073; textangle 270"><span class='ocrx_word' id='word_1_147' title='bbox 2122 1386 2153 1526; x_wconf 89' lang='lat' dir='ltr'>ceum</span> <span class='ocrx_word' id='word_1_148' title='bbox 2105 1562 2168 1925; x_wconf 80' lang='lat' dir='ltr'>introspiceret,</span> <span class='ocrx_word' id='word_1_149' title='bbox 2118 1962 2166 2095; x_wconf 80' lang='lat' dir='ltr'>sorte</span> <span class='ocrx_word' id='word_1_150' title='bbox 2114 2129 2163 2472; x_wconf 74' lang='lat' dir='ltr'>animadvertit</span> <span class='ocrx_word' id='word_1_151' title='bbox 2112 2506 2160 2657; x_wconf 86' lang='lat' dir='ltr'>liliam</span> <span class='ocrx_word' id='word_1_152' title='bbox 2098 2692 2158 2896; x_wconf 82' lang='lat' dir='ltr'>parvulo</span> <span class='ocrx_word' id='word_1_153' title='bbox 2110 2921 2141 3073; x_wconf 88' lang='lat' dir='ltr'>mam-</span> 
     </span>
     <span class='ocr_line' id='line_1_28' title="bbox 2026 1384 2088 3071; textangle 270"><span class='ocrx_word' id='word_1_154' title='bbox 2042 1384 2073 1514; x_wconf 85' lang='lat' dir='ltr'>mam</span> <span class='ocrx_word' id='word_1_155' title='bbox 2026 1563 2088 1880; x_wconf 84' lang='lat' dir='ltr'>praebentem</span> <span class='ocrx_word' id='word_1_156' title='bbox 2038 1918 2079 1966; x_wconf 90' lang='lat' dir='ltr'>et</span> <span class='ocrx_word' id='word_1_157' title='bbox 2035 2002 2080 2275; x_wconf 86' lang='lat' dir='ltr'>maternum</span> <span class='ocrx_word' id='word_1_158' title='bbox 2033 2311 2065 2526; x_wconf 86' lang='lat' dir='ltr'>amorem</span> <span class='ocrx_word' id='word_1_159' title='bbox 2032 2563 2063 2657; x_wconf 93' lang='lat' dir='ltr'>non</span> <span class='ocrx_word' id='word_1_160' title='bbox 2031 2696 2078 2854; x_wconf 84' lang='lat' dir='ltr'>solum</span> <span class='ocrx_word' id='word_1_161' title='bbox 2028 2890 2075 3071; x_wconf 90' lang='lat' dir='ltr'>osculis</span> 
     </span>
     <span class='ocr_line' id='line_1_29' title="bbox 1939 1384 2009 3071; textangle 270"><span class='ocrx_word' id='word_1_162' title='bbox 1947 1384 2009 1754; x_wconf 82' lang='lat' dir='ltr'>blanditiisque,</span> <span class='ocrx_word' id='word_1_163' title='bbox 1960 1795 2006 1881; x_wconf 89' lang='lat' dir='ltr'>sed</span> <span class='ocrx_word' id='word_1_164' title='bbox 1956 1920 2002 2081; x_wconf 72' lang='lat' dir='ltr'>verbis</span> <span class='ocrx_word' id='word_1_165' title='bbox 1939 2118 1985 2339; x_wconf 84' lang='lat' dir='ltr'>quoque,</span> <span class='ocrx_word' id='word_1_166' title='bbox 1953 2378 2000 2558; x_wconf 83' lang='lat' dir='ltr'>nullam</span> <span class='ocrx_word' id='word_1_167' title='bbox 1949 2595 1999 2946; x_wconf 86' lang='lat' dir='ltr'>dubitationem</span> <span class='ocrx_word' id='word_1_168' title='bbox 1948 2984 1979 3071; x_wconf 89' lang='lat' dir='ltr'>re—</span> 
     </span>
     <span class='ocr_line' id='line_1_30' title="bbox 1859 1381 1928 3069; textangle 270"><span class='ocrx_word' id='word_1_169' title='bbox 1866 1381 1928 1730; x_wconf 81' lang='lat' dir='ltr'>linquentibus,</span> <span class='ocrx_word' id='word_1_170' title='bbox 1862 1758 1925 2135; x_wconf 76' lang='lat' dir='ltr'>significantem,</span> <span class='ocrx_word' id='word_1_171' title='bbox 1875 2166 1914 2219; x_wconf 89' lang='lat' dir='ltr'>ut</span> <span class='ocrx_word' id='word_1_172' title='bbox 1859 2238 1921 2524; x_wconf 85' lang='lat' dir='ltr'>plenissime</span> <span class='ocrx_word' id='word_1_173' title='bbox 1873 2555 1920 2615; x_wconf 89' lang='lat' dir='ltr'>de</span> <span class='ocrx_word' id='word_1_174' title='bbox 1870 2645 1918 2868; x_wconf 74' lang='lat' dir='ltr'>universa</span> <span class='ocrx_word' id='word_1_175' title='bbox 1868 2897 1900 3069; x_wconf 86' lang='lat' dir='ltr'>caussa</span> 
     </span>
     <span class='ocr_line' id='line_1_31' title="bbox 1780 1381 1846 3065; textangle 270"><span class='ocrx_word' id='word_1_176' title='bbox 1799 1381 1846 1688; x_wconf 86' lang='lat' dir='ltr'>edoceretur.</span> <span class='ocrx_word' id='word_1_177' title='bbox 1784 1756 1846 1927; x_wconf 82' lang='lat' dir='ltr'>ltaque</span> <span class='ocrx_word' id='word_1_178' title='bbox 1796 1963 1842 2139; x_wconf 83' lang='lat' dir='ltr'>fraude</span> <span class='ocrx_word' id='word_1_179' title='bbox 1780 2163 1841 2367; x_wconf 75' lang='lat' dir='ltr'>cognita,</span> <span class='ocrx_word' id='word_1_180' title='bbox 1791 2403 1839 2721; x_wconf 75' lang='lat' dir='ltr'>vehementer</span> <span class='ocrx_word' id='word_1_181' title='bbox 1789 2748 1836 2908; x_wconf 84' lang='lat' dir='ltr'>animo</span> <span class='ocrx_word' id='word_1_182' title='bbox 1788 2933 1819 3065; x_wconf 82' lang='lat' dir='ltr'>com-</span> 
     </span>
     <span class='ocr_line' id='line_1_32' title="bbox 1697 1379 1767 3066; textangle 270"><span class='ocrx_word' id='word_1_183' title='bbox 1709 1379 1761 1560; x_wconf 84' lang='lat' dir='ltr'>motus,</span> <span class='ocrx_word' id='word_1_184' title='bbox 1704 1595 1767 1806; x_wconf 84' lang='lat' dir='ltr'>primum</span> <span class='ocrx_word' id='word_1_185' title='bbox 1718 1844 1765 1891; x_wconf 93' lang='lat' dir='ltr'>in</span> <span class='ocrx_word' id='word_1_186' title='bbox 1716 1928 1749 2129; x_wconf 85' lang='lat' dir='ltr'>uxorem</span> <span class='ocrx_word' id='word_1_187' title='bbox 1712 2167 1761 2484; x_wconf 73' lang='lat' dir='ltr'>severissime</span> <span class='ocrx_word' id='word_1_188' title='bbox 1697 2510 1759 2712; x_wconf 85' lang='lat' dir='ltr'>inquirit</span> <span class='ocrx_word' id='word_1_189' title='bbox 1709 2739 1751 2790; x_wconf 90' lang='lat' dir='ltr'>et</span> <span class='ocrx_word' id='word_1_190' title='bbox 1706 2816 1755 3066; x_wconf 81' lang='lat' dir='ltr'>convictae</span> 
     </span>
     <span class='ocr_line' id='line_1_33' title="bbox 1624 1379 1687 2230; textangle 270"><span class='ocrx_word' id='word_1_191' title='bbox 1639 1379 1687 1584; x_wconf 89' lang='lat' dir='ltr'>sceleris</span> <span class='ocrx_word' id='word_1_192' title='bbox 1624 1620 1687 1913; x_wconf 86' lang='lat' dir='ltr'>supplicium</span> <span class='ocrx_word' id='word_1_193' title='bbox 1634 1953 1682 2230; x_wconf 87' lang='lat' dir='ltr'>constituit:</span> 
     </span>
    </p>

    <p class='ocr_par' dir='ltr' id='par_1_18' title="bbox 1534 1505 1605 2807">
     <span class='ocr_line' id='line_1_34' title="bbox 1534 1505 1605 2807; textangle 270"><span class='ocrx_word' id='word_1_194' title='bbox 1542 1505 1605 1811; x_wconf 72' lang='grc' dir='ltr'><em>μοχθοῦμεν</em></span> <span class='ocrx_word' id='word_1_195' title='bbox 1546 1845 1605 2012; x_wconf 74' lang='grc' dir='ltr'><em>ἄλλως</em></span> <span class='ocrx_word' id='word_1_196' title='bbox 1537 2045 1601 2187; x_wconf 77' lang='grc' dir='ltr'><em>θῆλυ</em></span> <span class='ocrx_word' id='word_1_197' title='bbox 1536 2225 1597 2595; x_wconf 79' lang='grc' dir='ltr'><em>φρουροῦντες</em></span> <span class='ocrx_word' id='word_1_198' title='bbox 1534 2628 1599 2807; x_wconf 67' lang='grc' dir='ltr'><em>γένος*</em></span> 
     </span>
    </p>

    <p class='ocr_par' dir='ltr' id='par_1_19' title="bbox 1457 1503 1528 2552">
     <span class='ocr_line' id='line_1_35' title="bbox 1457 1503 1528 2552; textangle 270"><span class='ocrx_word' id='word_1_199' title='bbox 1461 1503 1528 1615; x_wconf 75' lang='grc' dir='ltr'><em>ἥτις</em></span> <span class='ocrx_word' id='word_1_200' title='bbox 1461 1649 1528 1749; x_wconf 75' lang='grc' dir='ltr'>γὰρ</span> <span class='ocrx_word' id='word_1_201' title='bbox 1460 1786 1528 1916; x_wconf 76' lang='grc' dir='ltr'><em>αὐτὴ</em></span> <span class='ocrx_word' id='word_1_202' title='bbox 1458 1954 1526 2024; x_wconf 82' lang='grc' dir='ltr'>μὴ</span> <span class='ocrx_word' id='word_1_203' title='bbox 1457 2060 1525 2295; x_wconf 83' lang='grc' dir='ltr'><em>πέφυκεν</em></span> <span class='ocrx_word' id='word_1_204' title='bbox 1457 2329 1522 2552; x_wconf 76' lang='grc' dir='ltr'><em>ἔνδικος,</em></span> 
     </span>
    </p>

    <p class='ocr_par' dir='ltr' id='par_1_20' title="bbox 1371 1508 1446 2741">
     <span class='ocr_line' id='line_1_36' title="bbox 1371 1508 1446 2741; textangle 270"><span class='ocrx_word' id='word_1_205' title='bbox 1396 1508 1446 1559; x_wconf 81' lang='grc' dir='ltr'>τί</span> <span class='ocrx_word' id='word_1_206' title='bbox 1395 1595 1446 1677; x_wconf 92' lang='grc' dir='ltr'>δεῖ</span> <span class='ocrx_word' id='word_1_207' title='bbox 1380 1707 1444 2000; x_wconf 74' lang='grc' dir='ltr'><em>φυλάσσειν</em></span> <span class='ocrx_word' id='word_1_208' title='bbox 1373 2031 1441 2452; x_wconf 78' lang='grc' dir='ltr'><em>κάξαμαρτάνειν</em></span> <span class='ocrx_word' id='word_1_209' title='bbox 1371 2486 1440 2741; x_wconf 79' lang='grc' dir='ltr'><em>πλέον,·*&gt;</em></span> 
     </span>
    </p>
   </div>
   <div class='ocr_carea' id='block_1_7' title="bbox 1320 1503 1337 2594">
    <p class='ocr_par' dir='ltr' id='par_1_21' title="bbox 1320 1503 1337 2594">
     <span class='ocr_line' id='line_1_37' title="bbox 1320 1503 1337 2594; textangle 270"><span class='ocrx_word' id='word_1_210' title='bbox 1328 1503 1337 1568; x_wconf 79' lang='lat'>——</span> <span class='ocrx_word' id='word_1_211' title='bbox 1325 1721 1335 1786; x_wconf 60' lang='lat'>9-—</span> <span class='ocrx_word' id='word_1_212' title='bbox 1325 1929 1332 1992; x_wconf 80' lang='lat'>—-</span> <span class='ocrx_word' id='word_1_213' title='bbox 1320 2137 1330 2594; x_wconf 74' lang='lat'>--———--</span> 
     </span>
    </p>
   </div>
   <div class='ocr_carea' id='block_1_8' title="bbox 0 0 0 2167">
    <p class='ocr_par' dir='ltr' id='par_1_22' title="bbox 0 0 0 2167">
     <span class='ocr_line' id='line_1_38' title="bbox 0 0 0 2167; textangle 270"><span class='ocrx_word' id='word_1_214' title='bbox 0 0 0 2167; x_wconf 95' lang='lat' dir='ltr'>                                     </span> 
     </span>
    </p>
   </div>
   <div class='ocr_carea' id='block_1_9' title="bbox 976 1368 1293 3053">
    <p class='ocr_par' dir='ltr' id='par_1_23' title="bbox 1210 1505 1293 2704">
     <span class='ocr_line' id='line_1_39' title="bbox 1210 1505 1293 2704; textangle 270"><span class='ocrx_word' id='word_1_215' title='bbox 1235 1505 1293 1572; x_wconf 81' lang='grc' dir='ltr'>σὺ</span> <span class='ocrx_word' id='word_1_216' title='bbox 1235 1609 1285 1654; x_wconf 86' lang='grc' dir='ltr'>δ’</span> <span class='ocrx_word' id='word_1_217' title='bbox 1234 1692 1285 1736; x_wconf 85' lang='grc' dir='ltr'>εἰ</span> <span class='ocrx_word' id='word_1_218' title='bbox 1232 1768 1279 1881; x_wconf 79' lang='grc' dir='ltr'><em>κατ’</em></span> <span class='ocrx_word' id='word_1_219' title='bbox 1219 1916 1281 2101; x_wconf 76' lang='grc' dir='ltr'><em>οἴκους</em></span> <span class='ocrx_word' id='word_1_220' title='bbox 1226 2134 1278 2378; x_wconf 77' lang='grc' dir='ltr'><em>εὐνοοῦσ’</em></span> <span class='ocrx_word' id='word_1_221' title='bbox 1210 2416 1279 2704; x_wconf 79' lang='grc' dir='ltr'><em>ἐτύγχανες,</em></span> 
     </span>
    </p>

    <p class='ocr_par' dir='ltr' id='par_1_24' title="bbox 976 1368 1206 3053">
     <span class='ocr_line' id='line_1_40' title="bbox 1131 1504 1206 2600; textangle 270"><span class='ocrx_word' id='word_1_222' title='bbox 1153 1504 1204 1604; x_wconf 80' lang='grc' dir='ltr'>οὐκ</span> <span class='ocrx_word' id='word_1_223' title='bbox 1153 1638 1202 1706; x_wconf 79' lang='grc' dir='ltr'><em>ἄν</em></span> <span class='ocrx_word' id='word_1_224' title='bbox 1150 1739 1198 1853; x_wconf 83' lang='grc' dir='ltr'><em>ποτ’</em></span> <span class='ocrx_word' id='word_1_225' title='bbox 1136 1890 1206 2049; x_wconf 77' lang='grc' dir='ltr'><em>ἦλθες</em></span> <span class='ocrx_word' id='word_1_226' title='bbox 1136 2084 1197 2156; x_wconf 82' lang='grc' dir='ltr'>εἰς</span> <span class='ocrx_word' id='word_1_227' title='bbox 1144 2188 1196 2306; x_wconf 86' lang='grc' dir='ltr'><em>τόδε</em></span> <span class='ocrx_word' id='word_1_228' title='bbox 1131 2341 1195 2600; x_wconf 76' lang='grc' dir='ltr'><em>θράσους.</em></span> 
     </span>
     <span class='ocr_line' id='line_1_41' title="bbox 1060 1368 1123 3053; textangle 270"><span class='ocrx_word' id='word_1_229' title='bbox 1073 1368 1123 1561; x_wconf 90' lang='lat' dir='ltr'>Deinde</span> <span class='ocrx_word' id='word_1_230' title='bbox 1071 1594 1120 1747; x_wconf 88' lang='lat' dir='ltr'>filiam</span> <span class='ocrx_word' id='word_1_231' title='bbox 1070 1779 1119 1828; x_wconf 90' lang='lat' dir='ltr'>in</span> <span class='ocrx_word' id='word_1_232' title='bbox 1065 1861 1118 2097; x_wconf 89' lang='lat' dir='ltr'>iudicium</span> <span class='ocrx_word' id='word_1_233' title='bbox 1063 2134 1108 2305; x_wconf 85' lang='lat' dir='ltr'>vocat:</span> <span class='ocrx_word' id='word_1_234' title='bbox 1060 2351 1111 2721; x_wconf 82' lang='lat' dir='ltr'>excusationem</span> <span class='ocrx_word' id='word_1_235' title='bbox 1062 2756 1112 2936; x_wconf 85' lang='lat' dir='ltr'>amoris</span> <span class='ocrx_word' id='word_1_236' title='bbox 1062 2971 1094 3053; x_wconf 78' lang='lat' dir='ltr'>re-</span> 
     </span>
     <span class='ocr_line' id='line_1_42' title="bbox 976 1368 1040 1529; textangle 270"><span class='ocrx_word' id='word_1_237' title='bbox 976 1368 1040 1529; x_wconf 83' lang='lat' dir='ltr'>spuit:</span> 
     </span>
    </p>
   </div>
   <div class='ocr_carea' id='block_1_10' title="bbox 0 2167 0 2630">
    <p class='ocr_par' dir='ltr' id='par_1_25' title="bbox 0 2167 0 2630">
     <span class='ocr_line' id='line_1_43' title="bbox 0 2167 0 2630; textangle 270"><span class='ocrx_word' id='word_1_238' title='bbox 0 2167 0 2630; x_wconf 95' lang='lat' dir='ltr'>     </span> 
     </span>
    </p>
   </div>
   <div class='ocr_carea' id='block_1_11' title="bbox 738 1422 803 2435">
    <p class='ocr_par' dir='ltr' id='par_1_26' title="bbox 738 1422 803 2435">
     <span class='ocr_line' id='line_1_44' title="bbox 738 1422 803 2435; textangle 270"><span class='ocrx_word' id='word_1_239' title='bbox 750 1422 803 1467; x_wconf 77' lang='grc'>*)</span> <span class='ocrx_word' id='word_1_240' title='bbox 745 1497 803 1681; x_wconf 83' lang='lat' dir='ltr'>Fragm.</span> <span class='ocrx_word' id='word_1_241' title='bbox 757 1713 800 1797; x_wconf 89' lang='lat' dir='ltr'>inc.</span> <span class='ocrx_word' id='word_1_242' title='bbox 755 1828 801 1897; x_wconf 80' lang='lat'>55·</span> <span class='ocrx_word' id='word_1_243' title='bbox 754 1931 797 1999; x_wconf 86' lang='lat' dir='ltr'>Cf.</span> <span class='ocrx_word' id='word_1_244' title='bbox 750 2032 797 2202; x_wconf 77' lang='lat' dir='ltr'>Wclck.</span> <span class='ocrx_word' id='word_1_245' title='bbox 738 2235 778 2278; x_wconf 86' lang='lat' dir='ltr'>p.</span> <span class='ocrx_word' id='word_1_246' title='bbox 751 2311 794 2435; x_wconf 83' lang='lat'>1592.</span> 
     </span>
    </p>
   </div>
   <div class='ocr_carea' id='block_1_12' title="bbox 0 0 0 0">
    <p class='ocr_par' dir='ltr' id='par_1_27' title="bbox 0 0 0 0">
     <span class='ocr_line' id='line_1_45' title="bbox 0 0 0 0; textangle 270"><span class='ocrx_word' id='word_1_247' title='bbox 0 0 0 0; x_wconf 95' lang='lat' dir='ltr'>    </span> 
     </span>
    </p>
   </div>
   <div class='ocr_carea' id='block_1_13' title="bbox 3056 3333 3832 3336">
    <p class='ocr_par' dir='ltr' id='par_1_28' title="bbox 3056 3333 3832 3336">
     <span class='ocr_line' id='line_1_46' title="bbox 3056 3333 3832 3336; textangle 270"><span class='ocrx_word' id='word_1_248' title='bbox 3056 3333 3832 3336; x_wconf 95' lang='lat' dir='ltr'> </span> 
     </span>
    </p>
   </div>
   <div class='ocr_carea' id='block_1_14' title="bbox 2238 3334 2925 3336">
    <p class='ocr_par' dir='ltr' id='par_1_29' title="bbox 2238 3334 2925 3336">
     <span class='ocr_line' id='line_1_47' title="bbox 2238 3334 2925 3336; textangle 270"><span class='ocrx_word' id='word_1_249' title='bbox 2238 3334 2925 3336; x_wconf 95' lang='lat' dir='ltr'> </span> 
     </span>
    </p>
   </div>
   <div class='ocr_carea' id='block_1_15' title="bbox 0 0 838 3332">
    <p class='ocr_par' dir='ltr' id='par_1_30' title="bbox 0 0 838 3332">
     <span class='ocr_line' id='line_1_48' title="bbox 0 0 838 3332; textangle 270"><span class='ocrx_word' id='word_1_250' title='bbox 0 0 838 3332; x_wconf 95' lang='lat' dir='ltr'> </span> 
     </span>
    </p>
   </div>
  </div>
 </body>
</html>
