5010 3336
3896 2094 3954 2215 386

3758 1319 3808 1438 satis
3761 1466 3811 1740 manifestis
3761 1764 3811 1954 indiciis
3758 1978 3802 2140 motus
3758 2165 3806 2285 mihi
3740 2306 3803 2597 persuadeo,
3736 2636 3803 2986 Bellerophon-

3668 1316 3722 1411 tes,
3666 1446 3727 1526 qui
3681 1556 3730 1650 diis
3682 1686 3729 1867 invisus
3679 1901 3728 2149 solitarius
3664 2188 3719 2392 erraret,
3675 2416 3722 2549 nullo
3658 2576 3718 2800 tempore
3656 2826 3718 2987 aptius

3585 1315 3649 1675 repraesentari
3586 1709 3649 1874 potuit
3585 1909 3631 2053 quam
3599 2092 3632 2149 eo
3586 2170 3608 2182 ,
3583 2220 3629 2314 quo
3594 2350 3643 2604 universus
3578 2642 3641 2850 populus
3591 2886 3623 2987 ma-

3522 1316 3569 1375 lis
3522 1412 3570 1763 consuetudine
3520 1797 3567 2061 maioribus
3518 2096 3566 2283 fractus
3516 2319 3564 2467 ullam
3516 2504 3546 2530 a
3515 2566 3562 2659 diis
3513 2696 3545 2861 rerum
3512 2895 3559 2988 hu-

3441 1315 3474 1565 manarum
3442 1601 3474 1770 curam
3424 1804 3487 1909 geri
3439 1945 3482 2028 aut
3438 2061 3485 2252 virtutis
3436 2302 3485 2453 ullum
3434 2499 3483 2717 fructum
3434 2754 3465 2866 esse
3433 2900 3480 2989 de-

3347 1314 3410 1575 sperabat,
3347 1623 3394 1782 neque
3360 1826 3409 2047 videntur
3358 2092 3406 2314 homines
3356 2358 3403 2508 rudes
3338 2554 3400 2797 patienter
3354 2845 3385 2987 aures

3281 1311 3324 1411 tam
3282 1448 3330 1613 subtili
3267 1648 3330 1970 disputationi
3265 2003 3326 2273 praebituri
3266 2312 3326 2491 fuisse,
3274 2542 3321 2633 nisi
3263 2679 3321 2987 medicinam,

3185 1311 3233 1457 quam
3189 1491 3249 1857 desiderarent,
3201 1900 3248 1970 illi
3199 2012 3247 2176 inesse
3193 2228 3243 2479 sentirent.
3181 2550 3241 2878 Quamobrem
3181 2912 3241 2990 iis,

3107 1313 3169 1395 qui
3123 1431 3169 1556 hanc
3108 1594 3169 1893 tragoediam
3119 1929 3168 2190 aestimare
3106 2223 3165 2387 veiint,
3099 2424 3165 2731 Thucydidis
3113 2774 3160 2986 narratio

3026 1313 3090 1394 (ΙΙ,
3029 1430 3092 1531 52.)
3026 1568 3090 1838 reputanda
3041 1874 3074 1985 esse
3027 2019 3088 2237 videtur,
3036 2287 3085 2508 docentis
3034 2546 3081 2746 easdem
3033 2795 3080 2986 dubita-

2962 1311 3009 1467 tiones
2963 1503 3010 1659 fuisse
2948 1696 3011 1997 eosdemque
2945 2043 3007 2299 scrupulos
2941 2345 3003 2527 populo
2954 2576 3001 2865 Atheniensi
2953 2911 3000 2986 in-

2883 1309 2931 1483 iectos.
2884 1552 2932 1626 Sit
2868 1659 2931 1809 igitur
2882 1844 2930 1938 hoc
2866 1974 2927 2254 exemplum
2880 2288 2927 2443 instar
2861 2476 2925 2819 plurimorum,
2859 2861 2905 2988 quae

2804 1309 2851 1514 inveniri
2788 1560 2847 1789 possunt,
2803 1839 2846 1890 et
2787 1939 2849 2229 prudentiae
2784 2276 2848 2528 Euripidis
2796 2593 2838 2644 et
2779 2695 2841 2888 pietatis
2793 2936 2835 2989 et

2715 1309 2772 1646 humanitatis,
2709 1685 2771 1859 quibus
2722 1897 2770 2074 ductus
2722 2112 2767 2171 ad
2720 2209 2766 2417 sananda
2705 2442 2765 2634 publica
2715 2672 2762 2796 mala
2713 2830 2755 2986 artem

2644 1310 2686 1360 et
2644 1391 2691 1678 facultatem
2643 1716 2675 1851 suam
2630 1880 2689 2126 conferre,
2626 2165 2671 2308 quam
2639 2335 2686 2475 bonis
2638 2501 2685 2600 suis
2636 2628 2668 2828 securus
2634 2854 2675 2986 tran-

2548 1308 2611 1587 quillusque
2564 1634 2611 1732 frui
2562 1780 2610 2024 maluerit.
2548 2094 2609 2188 Qui
2561 2226 2606 2266 si
2560 2304 2607 2435 nulla
2557 2469 2589 2629 rernm
2554 2662 2601 2986 communium

2467 1306 2531 1712 publicarumque
2483 1771 2529 1940 habita
2483 1989 2513 2105 cura
2479 2170 2526 2513 venustissima
2463 2562 2509 2782 quaeque
2460 2841 2517 2987 atque

2390 1308 2452 1670 elegantissima
2389 1708 2450 1847 sequi
2395 1882 2449 2136 voluisset,
2402 2175 2442 2222 ct
2398 2258 2448 2549 delectando
2383 2586 2428 2727 quam
2395 2764 2442 2987 docendo

2311 1307 2371 1641 movendoque
2309 1660 2370 1844 aptiora
2308 1869 2355 2161 proponere,
2322 2193 2353 2285 non
2318 2314 2365 2729 carebatistorum
2314 2753 2363 2987 bonorum

2231 1307 2294 1723 assequendorum
2241 1761 2291 2007 facultate.
2243 2082 2289 2154 An
2226 2191 2287 2395 simplici
2240 2431 2270 2539 eum
2219 2565 2285 2985 oflicioimparem

2167 1307 2214 1465 fuisse
2151 1500 2208 1760 putamus,
2166 1810 2195 1918 cum
2148 1968 2210 2150 duplici
2145 2186 2207 2381 egregie
2158 2418 2206 2727 satisfactum
2157 2765 2187 2876 esse
2155 2911 2202 2984 in-

2074 1306 2134 1622 telligamus‘?
2073 1706 2133 1963 Nunquam
2084 2025 2130 2151 enim
2083 2203 2114 2313 cum
2067 2363 2128 2618 dispendio
2076 2668 2118 2984 venustorum

2008 1306 2055 1447 utilia
1995 1492 2051 1639 atque
1992 1684 2049 1957 opportuna
2005 2006 2047 2205 secutus
2001 2254 2045 2345 est.
2002 2426 2048 2492 At
2000 2537 2046 2674 nobis
1996 2720 2045 2983 multorum

1929 1306 1977 1612 saeculorum
1929 1634 1976 1889 intervallo
1928 1909 1974 1966 ab
1927 1993 1973 2087 illis
1908 2116 1970 2422 temporibus
1921 2441 1966 2641 remotis
1903 2669 1950 2828 neque
1916 2855 1958 2982 tem-

1833 1304 1881 1478 porum
1850 1501 1892 1686 tantum
1833 1707 1879 1972 rerumque
1831 1995 1892 2339 conditionem,
1842 2364 1888 2452 sed
1841 2476 1886 2592 artis
1823 2629 1871 2822 quoque
1836 2842 1869 2984 caus-

1770 1307 1802 1384 sas
1756 1420 1817 1771 ignorantibuS,
1753 1810 1815 2046 quaedam
1749 2084 1812 2424 intempestive
1749 2461 1808 2659 addita,
1759 2698 1805 2789 alia
1757 2825 1803 2983 minus

1682 1304 1737 1553 concinna,
1690 1591 1738 1743 multa
1674 1780 1735 2002 cupidius
1671 2041 1716 2184 quam
1670 2221 1730 2509 prudentius
1679 2548 1726 2729 inserta
1678 2765 1709 2875 csse
1678 2910 1725 2983 vi-

1609 1305 1657 1499 dentur.
1610 1571 1658 1832 Levissimi
1607 1869 1647 1982 sunt
1591 2018 1646 2272 poetarum
1594 2308 1649 2369 ii,
1586 2408 1632 2610 qnorum
1583 2651 1645 2879 operibus
1597 2914 1644 2983 nil

1520 1303 1580 1449 inest,
1532 1487 1579 1535 in
1516 1572 1563 1666 quo
1514 1703 1575 1949 peregrini
1516 1979 1574 2302 offendantur,
1511 2339 1569 2423 nil,
1506 2462 1566 2590 quod
1519 2617 1566 2793 tollere
1505 2816 1564 2980 velint,

1438 1304 1499 1435 quod
1452 1470 1499 1676 alienum
1450 1724 1481 1834 esse
1445 1877 1494 2111 videatur.
1431 2184 1491 2339 Quam
1441 2375 1487 2561 veniam
1425 2612 1470 2758 quum
1437 2796 1486 2980 Shace-

1358 1304 1419 1500 speri0‚
1372 1538 1414 1680 antea
1371 1714 1417 1762 in
1368 1796 1417 2018 invidiam
1353 2054 1412 2280 inducto,
1347 2318 1409 2507 pridem
1360 2545 1405 2698 nostri
1348 2734 1406 2979 dederint,

1278 1302 1341 1610 Euripidem,
1276 1646 1339 1953 iniquissimo
1286 1988 1335 2167 iudicio
1268 2195 1331 2591 circumventum,
1279 2628 1326 2856 damnare
1278 2883 1310 2979 non

1212 1303 1262 1547 desinunt.
1212 1617 1260 1685 Et
1196 1721 1241 1814 quo
1208 1850 1254 2047 tandem
1191 2084 1243 2382 accusatore,
1188 2420 1233 2516 quo
1200 2553 1242 2683 teste
1198 2710 1247 2978 damnant‘l

1122 1303 1185 1533 Comico,
1118 1571 1179 1651 qui
1114 1683 1179 2046 philosophiam
1108 2079 1174 2353 Euripidis,
1122 2393 1154 2487 non
1106 2523 1167 2720 poesin,
1106 2759 1161 2976 accusat,

1042 1302 1089 1449 quem
1053 1475 1102 1726 calumniis
1050 1754 1097 1954 studere
1047 1978 1093 2135 onmia
1035 2170 1087 2431 testantur,
1028 2470 1074 2611 quem
1038 2640 1081 2975 accusatorem

962 1302 1023 1600 respuebant
957 1648 1019 1906 aequales,
966 1967 1013 2102 cuius
964 2165 1011 2393 iudicium
964 2442 1012 2618 Graeci
943 2670 1008 2976 Romanique

883 1303 931 1498 semper
878 1532 942 1869 negligebant:
875 1917 935 1999 qui
887 2050 933 2090 si
869 2139 915 2231 qua
868 2277 926 2474 praeter
865 2519 931 2881 philosophiam
877 2927 925 2976 in

801 1300 868 1538 Euripide
796 1572 859 1904 reprehendit,
806 1940 855 2112 eadem
804 2140 853 2247 fere
805 2274 852 2430 omnia
804 2465 853 2514 in
787 2538 853 2786 Sophocle
798 2810 847 2975 inesse

722 1300 778 1517 apparet.
730 1586 781 1805 Alterum
726 1840 778 2074 indicium
708 2111 773 2374 temporiS‚
708 2410 755 2505 quo
705 2541 771 2972 Bellerophontem
