5010 3336
3715 3282 3725 3300 ..
3681 3228 3723 3245 l!

1064 2116 1117 2232 115

1216 2924 1259 2999 est
1210 2657 1273 2874 (Astron.
1209 2534 1268 2602 ll,
1209 2362 1272 2489 18.):
1207 2001 1269 2295 „Euripides
1213 1781 1254 1939 autem
1209 1675 1254 1722 in
1208 1343 1273 1623 Menalippa

1291 2847 1354 3004 ipsam
1290 2614 1353 2811 Hippen
1287 2509 1351 2587 ²⁸),
1287 2253 1335 2472 Chironis
1285 1988 1332 2216 Centauri
1286 1770 1345 1942 filiam,
1286 1544 1334 1720 Thetin
1292 1342 1336 1484 antea

1369 2697 1432 3004 appellatam,
1368 2514 1414 2661 dicit:
1382 2357 1427 2477 quae
1381 2227 1411 2333 cum
1365 1992 1410 2200 aleretur
1364 1912 1409 1958 in
1372 1711 1412 1873 moute
1366 1544 1413 1675 Pelio
1372 1471 1415 1518 et
1371 1344 1415 1448 stu-

1448 2872 1495 3003 dium
1449 2791 1493 2836 in
1446 2538 1494 2753 venando
1445 2244 1491 2503 maximum
1444 1976 1499 2207 haberet,
1445 1721 1503 1926 quodam
1448 1449 1508 1672 tempore
1448 1345 1494 1403 ab

1527 2836 1585 3006 Aeolo,
1526 2580 1572 2799 Ilellenis
1524 2421 1582 2546 filio,
1522 2252 1569 2375 Iovis
1528 2009 1584 2215 nepote,
1538 1684 1584 1961 persuasam
1527 1345 1587 1644 concepisse,

1621 2800 1667 3006 cumque
1606 2674 1650 2764 iam
1608 2474 1666 2638 partus
1601 2002 1664 2437 appropinquaret,
1602 1672 1663 1950 profugisse
1602 1576 1648 1623 in
1604 1346 1655 1530 silvam,

1699 2947 1731 3007 ne
1684 2760 1746 2911 patri,
1698 2605 1729 2711 cum
1682 2336 1744 2567 virginem
1685 2054 1742 2299 speraret,
1686 1783 1742 2007 nepotem
1695 1450 1742 1736 procreasse
1683 1344 1728 1416 vi-

1762 2792 1810 3007 deretur.
1762 2556 1822 2722 Itaque
1776 2402 1806 2509 cum
1774 2181 1822 2354 parens
1774 2028 1805 2133 eam
1767 1575 1821 1981 persequeretur,
1761 1343 1807 1520 dicitur

1843 2823 1905 3008 petisse
1858 2763 1887 2789 a
1840 2528 1886 2728 deorum
1842 2220 1901 2494 potestate,
1853 2103 1883 2163 ne
1839 1874 1899 2067 pariens
1854 1812 1883 1837 a
1842 1637 1899 1776 patre
1840 1346 1903 1601 conspice-

1927 2855 1967 3008 retur.
1920 2682 1980 2786 Qua
1920 2446 1966 2646 deorum
1917 2162 1973 2423 voluntate,
1922 1872 1978 2125 postquam
1917 1634 1980 1838 peperit,
1918 1550 1964 1597 in
1934 1346 1979 1517 equam

2015 2780 2046 3008 conversa
2000 2608 2045 2734 inter
2001 2434 2044 2564 astra
2001 2313 2043 2388 est
1996 1990 2041 2267 constituta.
1995 1694 2043 1921 Nonnulli
2013 1543 2044 1648 eam
2002 1347 2044 1506 vatem

2078 2785 2126 3009 dixerunt
2078 2585 2125 2742 esse.”
2076 2334 2122 2518 Eadem
2075 2049 2121 2288 habentur
2075 1968 2120 2015 in
2074 1594 2120 1932 Eratosthenis
2080 1347 2123 1556 cataste—

2158 2878 2206 3012 rismi
2174 2802 2206 2841 c.
2160 2666 2213 2762 18„
2156 2491 2203 2626 cuius
2157 2311 2203 2455 verba
2154 1979 2199 2274 Matthiaeus
2153 1777 2216 1943 posuit
2170 1697 2214 1742 p.
2156 1552 2200 1661 214.
2154 1348 2217 1523 fragm.

2236 2928 2285 3010 IV.
2237 2794 2284 2861 Et
2238 2696 2283 2745 in
2235 2398 2299 2650 prooemio
2233 2167 2295 2362 quidem
2232 1843 2294 2129 simpliciter
2230 1529 2296 1807 Menalippa
2250 1440 2280 1493 se
2251 1345 2281 1404 ex

2316 2781 2363 3009 Centauri
2316 2637 2361 2735 filia
2320 2426 2361 2586 natam
2328 2267 2359 2376 csse
2311 1798 2368 2218 commemoravit3
2310 1531 2373 1739 reliqua,
2329 1347 2374 1469 quae

2395 2825 2458 3009 Hygini
2394 2344 2453 2781 Eratosthenisqne
2390 2034 2437 2294 narrationi
2390 1797 2444 1987 insunt,
2389 1688 2435 1734 in
2391 1450 2453 1641 epilogo
2394 1348 2441 1405 ab

2474 2849 2537 3010 Hippa
2474 2669 2535 2800 ipsa,
2488 2470 2533 2615 quum
2471 2088 2516 2431 servandorum
2474 1824 2531 2051 nepotum
2484 1617 2514 1785 caussa
2485 1531 2515 1584 se
2470 1347 2518 1497 inter-

2558 2779 2616 3013 poneret,
2551 2514 2613 2731 exposita
2566 2358 2596 2467 esse
2550 2114 2610 2305 planum
2555 1986 2594 2076 est.
2548 1774 2606 1917 Quod
2551 1578 2594 1739 autem
2549 1349 2611 1544 Ilippen

2648 2924 2696 3013 pro
2636 2778 2677 2887 vate
2647 2716 2678 2744 a
2629 2446 2675 2680 nonnullis
2629 2201 2675 2411 habitam
2643 2055 2673 2163 esse
2627 1900 2674 2021 dicit
2626 1625 2687 1864 Hyginus,
2644 1529 2673 1586 ex
2628 1351 2675 1493 Euri-

2712 2901 2774 3015 pide
2710 2761 2772 2867 ipso
2710 2524 2771 2726 petitum
2713 2381 2765 2487 est„
2712 2199 2753 2326 teste
2706 1901 2752 2153 Clemente
2705 1718 2753 1853 Alex.
2705 1503 2755 1678 Strom.
2707 1434 2755 1469 Ι.
2725 1350 2770 1395 p.

2794 2903 2839 3014 306.
2790 2797 2836 2865 B:
2780 2611 2836 2769 Ἱππὼ
2784 2492 2845 2575 δέ,
2784 2403 2852 2437 ἦ
2783 2131 2849 2370 θυγάτηρ
2788 2001 2833 2095 τοῦ
2783 1633 2846 1962 Κενταύρου,
2786 1350 2851 1595 συνοικήᾖ

2878 2880 2919 3014 σασα
2866 2674 2932 2847 Αἰόλῳ
2863 2372 2927 2639 ἐδιδάξατο
2863 2172 2914 2334 αὐτὸν
2861 2022 2929 2140 τὴν
2862 1694 2929 1986 φυσικὴν
2865 1351 2929 1661 θεωρίαν,

2949 2920 3015 3016 τὴν
2948 2669 3011 2887 πάτριον
2945 2325 3011 2635 ἐπιστήμην·
2947 2032 3009 2289 μαρτυρεῖ
2942 1946 2993 2001 δὲ
2943 1621 3008 1912 Εὐριπίδης
2944 1470 3009 1589 περὶ
2950 1349 3012 1439 τῆς

3021 2811 3087 3027 Ἱπποῦς
3018 2677 3077 2776 ὧδέ
3038 2509 3085 2643 πως·

3110 2854 3175 2887 ἢ
3110 2638 3172 2819 πρῶτα
3106 2510 3171 2604 μὲν
3103 2415 3155 2477 τὰ
3108 2260 3154 2383 θεῖοι
3104 1766 3169 2227 προύμαντεύσατο

3192 2612 3253 2887 χρησμοῖσι
3184 2359 3249 2578 σαφέσιν
3184 2030 3247 2323 ἀστέρων
3183 1909 3234 1995 ἐπ’
3184 1540 3242 1872 (ἐντολαῖς.

3270 2964 3317 3017 In
3286 2756 3316 2918 rerum
3271 2576 3336 2720 igitur
3267 2245 3313 2528 naturalium
3266 1814 3327 2191 coelestiumque
3265 1508 3326 1778 cognitione
3265 1350 3311 1475 nite-

3351 2875 3398 3016 batur
3348 2586 3411 2827 Hipponis
3346 2283 3402 2536 divinatio,
3344 2033 3391 2232 multum
3345 1902 3389 1984 illa
3344 1674 3404 1867 quidem
3344 1447 3390 1636 diversa
3344 1352 3391 1411 ab

3444 2751 3489 3017 augurum,
3426 2406 3489 2715 haruspicum
3424 2068 3483 2368 aliorumque
3422 1930 3468 2032 eius
3422 1704 3483 1894 generis
3422 1353 3484 1669 interpretum

3512 2880 3565 3016 arte,
3511 2777 3553 2829 et
3505 2512 3553 2731 Thaletis
3506 2067 3566 2476 Anaxagoraeque
3500 1771 3547 2032 eruditioni
3499 1520 3547 1736 similior.
3502 1354 3548 1452 Ex-

3700 2904 3754 2944 *)
3700 2731 3754 2873 Vulgo
3696 2294 3750 2701 Menalippen,
3694 2060 3745 2263 idemque
3691 1875 3732 2029 vitium
3691 1738 3732 1846 inest
3691 1574 3731 1710 schol.
3690 1352 3733 1541 Germa-

3768 2792 3809 2878 nici
3783 2720 3809 2764 v.
3767 2578 3808 2679 206:
3765 2252 3818 2517 „Euripides
3763 2108 3803 2210 dicit·
3762 1780 3814 2059 Menalippcn
3761 1533 3802 1733 Chironis
3762 1352 3802 1495 filiam

3854 2764 3889 2875 esse,
3851 2606 3891 2732 quae,
3850 2298 3889 2573 compressa,
3833 2077 3888 2264 gravida
3832 1847 3885 2044 profugit
3831 1776 3870 1817 in
3831 1592 3871 1745 Pelion
3836 1352 3885 1561 montem,

3914 2808 3960 2875 et,
3909 2674 3949 2777 dum
3920 2618 3947 2645 a
3910 2466 3959 2590 patre
3902 2124 3957 2435 conlprehendi
3902 1904 3953 2094 timeret,
3902 1684 3941 1865 deorum
3901 1350 3943 1654 misericordia.

3991 2664 4019 2877 conversa
3976 2584 4016 2626 in
3989 2368 4028 2551 equam,
3974 2271 4015 2326 ad
3978 2125 4014 2241 astra
3971 1811 4022 2095 conscendit‚⁷’
3976 1738 4011 1779 et
3971 1483 4012 1709 Eudociae
3986 1350 4012 1454 ver-

4049 2806 4089 2875 bis
4063 2736 4101 2776 p.
4046 2604 4087 2701 338.
4046 2454 4085 2573 idem
4043 2198 4085 2425 narrantis.
4041 2089 4082 2155 Cf.
4042 1890 4082 2058 Welck.
4056 1819 4094 1860 p.
4038 1692 4082 1787 849.
4042 1496 4081 1657 Contra
4041 1352 4093 1467 apud

4119 2646 4159 2876 Pollucem
4116 2550 4168 2618 IV,
4114 2451 4167 2518 19,
4114 2323 4154 2421 207.
4114 2223 4154 2291 27.
4116 2074 4153 2193 reete
4111 1847 4164 2053 scriptum
4115 1756 4152 1820 est
4110 1695 4151 1737 in
4112 1522 4151 1669 codd.:
4107 1355 4163 1491 Ἵππη

4185 2850 4240 2878 ἡ
4188 2597 4242 2819 Χείρωνος
4182 2200 4239 2570 ὑπαλλαττομένη
4183 2095 4231 2156 εἰς
4180 1927 4225 2065 ἵππον
4176 1792 4235 1898 παρ’
4176 1519 4236 1763 Εὐριπίδῃ.
4179 1355 4219 1461 Vide

4256 2719 4297 2874 Seberi
4260 2542 4296 2692 notam
4268 2472 4309 2513 p.
4254 2374 4295 2441 63-
4309 1666 4350 1695 8
4306 1613 4332 1638 ,κ
