5010 3336
3823 2007 3878 2130 326

3680 1249 3728 1370 haec
3682 1406 3716 1516 cum
3667 1550 3733 1881 Aristophane
3683 1913 3733 2115 rideat?
3683 2182 3731 2234 In
3682 2268 3732 2521 mendicos
3679 2556 3728 2684 enim
3677 2719 3726 2801 hic
3674 2836 3708 2914 sa-

3585 1246 3648 1439 pientes
3588 1472 3652 1768 Euripideos
3603 1803 3652 2034 mutando
3603 2070 3651 2274 efficere
3590 2321 3651 2536 studuit,
3600 2581 3631 2641 ne
3583 2688 3629 2784 qua
3595 2829 3628 2913 us-

3506 1246 3554 1390 quam
3524 1426 3571 1622 virtutis
3507 1658 3570 2013 probitatisque
3508 2049 3570 2239 species
3523 2274 3571 2322 in
3523 2357 3571 2488 illius
3504 2524 3566 2723 scriptis
3515 2750 3564 2914 inesse

3442 1243 3489 1507 videretur.
3444 1575 3492 1711 Idem
3443 1746 3489 1969 astutiam
3428 1995 3490 2343 audaciamque
3427 2363 3474 2679 personarum
3438 2710 3485 2758 in
3436 2775 3485 2912 The-

3347 1244 3411 1681 smophoriazuson
3363 1727 3411 1891 fabula
3346 1939 3410 2253 perstrinxit,
3347 2301 3394 2394 qua
3360 2444 3410 2608 fabula
3354 2653 3406 2913 mulierum

3282 1243 3332 1406 odium
3268 1442 3332 1690 Euripidis
3283 1725 3331 1882 solum
3283 1918 3329 2243 demonstrari
3266 2280 3323 2451 putant
3269 2497 3327 2743 homineS,
3262 2792 3308 2913 quo-

3202 1242 3235 1351 rum
3192 1386 3252 1561 animi,
3189 1611 3236 1758 quum
3202 1810 3250 1952 nimis
3202 2009 3249 2092 din
3202 2128 3249 2177 in
3186 2213 3249 2442 Aeschyli
3199 2476 3245 2704 monstris
3181 2741 3238 2911 stupe-

3113 1241 3168 1369 rent,
3107 1406 3170 1773 obtorpuerunt.
3122 1843 3170 2077 Mulieres
3107 2112 3168 2310 quidem
3121 2347 3161 2395 et
3121 2430 3167 2489 ad
3118 2527 3167 2789 vincendas
3116 2826 3148 2910 cu-

3028 1238 3093 1429 pidines
3044 1466 3092 1625 minus
3044 1653 3091 1810 sortes
3043 1841 3084 1888 et
3043 1918 3089 1976 ad
3042 2003 3089 2201 fraudes
3026 2233 3086 2579 excogitandas
3036 2608 3085 2911 sollertiores

2964 1239 2997 1350 esse
2965 1397 3012 1526 inter
2964 1572 2995 1740 omnes
2961 1790 3005 1997 constat.
2946 2086 3010 2313 Magnam
2947 2359 3008 2508 igitur
2959 2544 2990 2711 earum
2956 2747 3003 2909 inilia

2870 1235 2934 1487 provincia
2884 1522 2933 1904 administranda
2867 1940 2915 2137 operam
2882 2174 2914 2283 esse
2880 2320 2912 2525 necesse
2878 2560 2926 2666 fuit.
2876 2756 2922 2910 Acce-

2796 1235 2854 1340 dit,
2791 1402 2852 1531 quod
2790 1583 2851 2026 perturbationibus
2803 2080 2850 2223 animi
2786 2271 2847 2599 exprimendis
2783 2646 2845 2909 plurimum

2713 1235 2759 1415 operae
2726 1451 2773 1586 dedit
2709 1622 2773 1912 Euripides:
2708 1950 2754 2153 quarum
2707 2191 2753 2337 quum
2721 2373 2767 2499 nulla
2718 2526 2766 2778 difficilius
2715 2804 2763 2909 vin-

2634 1234 2690 1389 catur,
2646 1421 2693 1551 nulla
2644 1589 2694 1784 familiis
2627 1821 2690 2143 perniciosior
2631 2178 2689 2258 sit,
2626 2296 2672 2435 quam
2629 2474 2671 2624 amor,
2637 2661 2686 2810 facile
2636 2852 2683 2907 li-

2567 1234 2610 1316 cet
2553 1349 2613 1627 aestimare,
2549 1664 2595 1808 quam
2562 1845 2609 2019 crebro
2563 2055 2609 2124 illi
2562 2160 2608 2205 in
2561 2241 2608 2503 mulierum
2558 2539 2607 2807 sceleribus
2557 2847 2604 2906 il-

2486 1230 2536 1493 lustrandis
2482 1538 2529 1828 versandum
2482 1876 2529 2037 fuerit.
2482 2122 2529 2244 Nam
2481 2283 2529 2482 Ovidius
2462 2518 2526 2794 tragoedias
2476 2829 2509 2907 re-

2395 1232 2441 1471 censens,
2390 1535 2437 1657 quae
2403 1693 2448 1869 amoris
2402 1907 2449 2157 materiam
2387 2209 2448 2499 habuerint,
2382 2546 2430 2699 paene
2396 2738 2429 2906 omnes

2312 1232 2377 1527 Euripideas
2322 1563 2370 1781 nominat
2310 1817 2370 1992 (Trist.
2310 2021 2369 2078 ll,
2322 2108 2366 2201 381
2305 2236 2367 2426 seqq.):

2234 1359 2296 1540 „Nam
2226 1566 2291 1689 quid
2242 1724 2289 1778 in
2223 1813 2290 2190 Hippolyto
2240 2226 2286 2327 nisi
2238 2357 2270 2546 caecae
2224 2565 2285 2787 flamma
2236 2813 2268 2902 no-

2161 2061 2206 2284 vercae?

2085 1460 2136 1665 Nobilis
2084 1703 2124 1777 est
2082 1819 2131 2080 Canace
2066 2112 2127 2302 fratris
2080 2339 2111 2509 amore
2079 2543 2125 2638 sui.

1996 1361 2059 1538 Quid?
2006 1572 2038 1674 non
1991 1731 2052 2169 TantalideS,
1985 2225 2047 2463 agitante
1982 2502 2047 2754 Cupidine
1995 2788 2027 2900 cur-

1913 2056 1954 2160 rus,

1849 1458 1900 1699 Pisaeam
1829 1734 1895 1968 Phrygiis
1844 2001 1889 2144 vexit
1842 2183 1890 2402 eburnus
1823 2439 1887 2617 equis?

1754 1360 1820 1605 Tingeret
1770 1641 1809 1698 ut
1753 1720 1813 1928 serrum
1764 1963 1805 2204 natorum
1745 2236 1806 2493 sanguine
1744 2528 1800 2711 mater,

1690 1456 1739 1693 Concitus
1689 1732 1719 1763 a
1687 1799 1735 1938 laeso
1670 1960 1731 2099 fecit
1683 2138 1714 2308 amore
1678 2344 1729 2506 dolor.

1611 1356 1661 1421 Si
1611 1451 1642 1552 non
1591 1587 1657 1806 Aerop
1607 1826 1638 1899 en
1591 1920 1650 2098 frater
1602 2132 1649 2415 sceleratus
1586 2452 1640 2689 amasset,

1530 1453 1577 1676 Aversos
1528 1713 1578 1849 Solis
1525 1885 1557 1985 non
1508 2022 1570 2308 legeremus
1504 2345 1553 2513 equos.

1433 1353 1499 1524 Impia
1450 1559 1482 1659 non
1431 1694 1494 1920 tragicos
1428 1954 1489 2209 tetigisset
1426 2248 1491 2480 Scylla
1423 2516 1488 2802 cothurnos,

1372 1452 1420 1529 Ni
1354 1558 1415 1791 patrium
1365 1828 1412 2018 crinem
1363 2055 1412 2363 desecuisset
1359 2401 1392 2554 amor.

1277 1352 1341 1453 Qui
1274 1487 1337 1617 legis
1285 1651 1337 2001 Electram
1284 2040 1325 2090 et
1266 2127 1323 2361 egentem
1280 2396 1326 2580 mentis
1266 2613 1328 2858 Orestem,

1194 1444 1258 1688 Aegisthi
1207 1725 1254 1915 crimen
1184 1957 1253 2374 Tyndaridosque
1185 2409 1248 2555 legi-9.

1132 1354 1181 1493 Nam
1113 1518 1179 1642 quid
1128 1671 1177 1736 de
1124 1770 1172 1953 tetrico
1108 1977 1169 2202 reseram
1121 2238 1170 2564 domitore
1118 2604 1170 2889 Chimae-

1030 2072 1073 2202 rae,

960 1450 1023 1611 Quem
969 1647 1017 1750 leto
954 1772 1014 1954 sallas·
945 1988 1011 2191 hospita
944 2219 994 2391 paene
962 2427 1011 2615 dedit?

880 1348 943 1484 Quid
874 1519 940 1699 loquar
882 1734 937 2185 Hermionen?
864 2220 930 2342 quid
869 2358 924 2427 te,
879 2463 931 2754 Schoeneia
879 2778 927 2887 vir-

787 2062 848 2165 go?

716 1455 783 1641 Teque,
713 1682 780 1966 Mycenaeo
720 2000 771 2227 Phoebas
720 2263 764 2440 amata
721 2474 772 2596 duci
722 2609 767 2635 ‚2
