5010 3336
2063 3256 2093 3329 41:51

2221 3262 2253 3328 gwy

4053 3150 4060 3153 ,
4080 3150 4104 3157 Ὗ..
4108 3148 4239 3154 ὴ-,Ἷγῐ

1099 2119 1154 2239 409

1258 2753 1324 2999 giosisque
1254 2651 1302 2726 vel
1252 2452 1317 2614 potius
1242 2068 1311 2421 superstitiosis
1238 1759 1288 2031 bominibus
1234 1488 1283 1737 offensioni
1231 1352 1282 1465 fuit.

1339 2773 1387 2999 Nondum
1335 2609 1382 2736 enim
1331 2469 1378 2566 illis
1325 2141 1390 2435 temporibus
1320 1920 1381 2088 vulgus
1319 1629 1365 1883 liberatum
1318 1487 1361 1593 erat
1313 1350 1375 1455 opi-

1420 2858 1467 2999 nione
1414 2666 1463 2826 verbis
1412 2510 1474 2630 ipsis
1405 2144 1471 2475 precationum
1401 2023 1446 2116 vim
1398 1751 1460 1987 quandam
1399 1586 1456 1730 atque
1407 1348 1439 1567 momen-

1502 2894 1545 2996 tum
1495 2681 1550 2860 inesse,
1505 2488 1552 2646 neque
1501 2361 1548 2453 qua
1486 2145 1538 2326 mente,
1478 2020 1525 2107 sed
1477 1820 1538 1994 quibus
1473 1640 1521 1799 verbis
1474 1346 1520 1613 iuramenta

1574 2594 1636 2995 conciperentur,
1567 2344 1614 2548 referre.
1557 1938 1620 2266 Quamobrem
1568 1798 1600 1893 non
1556 1674 1598 1751 est
1550 1345 1606 1633 mirandum,

1652 2866 1717 2993 quod
1649 2567 1712 2830 Euripides
1646 2389 1693 2532 etiam
1643 2309 1688 2356 in
1636 2043 1684 2276 iudicium
1636 1809 1680 2010 vocatus
1635 1696 1676 1773 est
1646 1637 1676 1663 a
1627 1343 1676 1603 calumnia-

1739 2884 1780 2995 tore
1728 2615 1792 2850 quodam3
1724 2493 1771 2581 sed
1723 2366 1769 2460 hoc
1717 2034 1772 2333 mirandum,
1711 1869 1775 1998 quod
1709 1690 1757 1834 etiam
1724 1460 1763 1654 eorum,
1705 1339 1768 1422 qui

1810 2789 1857 2992 meliora
1806 2503 1852 2742 debebant
1798 2299 1847 2457 edocti
1811 2142 1843 2253 esse
1791 1924 1839 2106 Christi
1787 1575 1852 1880 praeceptis,
1786 1339 1848 1531 quidam

1894 2857 1936 2993 tanta
1883 2583 1933 2813 vecordia
1876 2214 1939 2550 Aristophanis
1871 1832 1921 2168 auctoritatem
1866 1627 1914 1783 secuti
1870 1436 1921 1578 sunt,
1868 1335 1911 1393 ut

1968 2880 2031 2989 plus
1965 2700 2012 2843 huius
1957 2340 2024 2666 depravationi
1954 2144 2012 2293 dicti,
1966 1949 2013 2089 quam
1947 1618 1995 1901 verissimae
1943 1335 1991 1583 Ciceronis

2042 2674 2109 2988 disputationi
2039 2248 2101 2642 reliquorumque
2038 1965 2081 2215 auctorum
2026 1551 2088 1947 gravissimorum
2022 1333 2070 1526 iudiciis

2125 2704 2173 2989 tribuerent.
2117 2450 2165 2635 Eadem
2114 2189 2164 2415 vecordia
2110 1991 2158 2158 fabula
2107 1896 2154 1957 de
2105 1606 2153 1861 mulierum
2102 1460 2149 1570 odio
2101 1331 2149 1434 Eu·-

2203 2814 2267 2987 ripidis
2200 2636 2263 2781 vulgo
2198 2299 2244 2600 decantatur.
2191 2077 2252 2226 Quasi
2188 1904 2235 2045 huius
2185 1768 2232 1868 odii
2182 1601 2246 1734 argui
2181 1421 2244 1575 possit
2180 1331 2239 1390 is,

2283 2903 2346 2986 qui
2295 2674 2328 2877 uxorum
2276 2428 2325 2638 omnium
2271 1999 2335 2382 pudicissimam,
2263 1621 2329 1963 probissimam
2260 1328 2323 1587 sapientis-

2363 2716 2421 2985 simamque
2358 2622 2405 2673 in
2356 2479 2402 2570 hac
2351 2183 2415 2431 tragoedia
2350 2028 2411 2135 ipsa
2343 1792 2392 1981 effinxit
2347 1693 2388 1745 et
2354 1326 2403 1643 quaecunque

2442 2808 2505 2985 probra
2437 2701 2484 2759 ab
2434 2354 2482 2664 adolescente
2430 2084 2477 2319 insolente
2426 1994 2472 2044 in
2424 1705 2471 1961 mulierum
2434 1519 2482 1670 genus
2417 1327 2482 1484 ingeri

2519 2836 2578 2983 fecit,
2518 2585 2581 2801 ipsarum
2511 2270 2566 2551 mulierum,
2523 2106 2570 2228 quae
2508 1875 2567 2073 praesto
2505 1713 2559 1838 sunt,
2499 1533 2547 1676 dictis
2497 1324 2545 1498 factis-

2614 2887 2661 2981 que
2595 2590 2656 2852 redarguit.
2592 2447 2638 2522 An
2595 2237 2652 2401 potest
2598 1887 2648 2203 quemquam,
2580 1755 2642 1837 qui
2583 1521 2626 1709 attento
2577 1324 2624 1485 animo

2676 2689 2738 2980 colloquium
2669 2387 2733 2642 Hippolyti
2668 2126 2728 2351 senisque
2662 1922 2711 2092 famuli
2661 1746 2722 1888 legat,
2659 1540 2721 1712 fugere
2656 1323 2719 1507 impro-

2756 2876 2806 2981 bari
2755 2774 2801 2831 ab
2750 2485 2812 2722 Euripide
2747 2162 2794 2437 affectatam
2743 1980 2791 2106 illius
2740 1672 2804 1935 puritatem
2734 1318 2797 1625 Venerisque

2831 2697 2882 2980 fastidium‘?
2825 2262 2891 2627 Comparandus
2828 2152 2871 2225 est
2821 1807 2884 2124 Hippolytus,
2816 1565 2866 1771 Veneris
2820 1321 2861 1538 contem-

2919 2872 2969 2980 tor,
2926 2718 2958 2824 cum
2907 2430 2964 2683 Pentheo,
2904 2205 2951 2384 Bacchi
2903 1859 2949 2170 contemtore.
2896 1579 2953 1790 Neuter,
2894 1318 2956 1533 quamvis

2992 2880 3039 2978 sint
2988 2531 3048 2846 abstinentia,
2984 2201 3041 2495 sobrietate,
2980 1897 3044 2163 probitate,
2976 1584 3037 1861 integritate
2973 1317 3035 1551 insignes,

3070 2668 3133 2978 improbante
3071 2476 3130 2625 poeta
3063 2179 3111 2432 mulcatur.
3058 1943 3107 2100 Nimis
3056 1765 3103 1892 enim
3052 1554 3116 1719 putido
3050 1315 3098 1506 virtutis

3150 2814 3198 2974 studio
3149 2457 3209 2778 aspernantur
3144 2298 3189 2422 dona
3142 2063 3187 2264 deorum
3133 1613 3200 2044 praestantissima,
3129 1439 3192 1576 quasi
3145 1314 3191 1405 per

3245 2918 3277 2973 se
3225 2610 3290 2884 perniciosa
3224 2456 3281 2575 sint,
3227 2370 3268 2420 et
3235 2213 3274 2338 non,
3220 2034 3280 2177 prout
3216 1929 3261 1986 iis
3214 1703 3271 1879 utaris,
3211 1535 3258 1661 bona
3208 1313 3256 1501 malave

3308 2752 3356 2971 existant.
3301 2394 3349 2684 Insolentiae
3304 2268 3345 2343 est
3297 1967 3359 2225 quidquam
3292 1719 3339 1911 humani
3306 1658 3336 1684 a
3305 1568 3336 1622 se
3288 1314 3333 1521 alienum

3402 2856 3435 2968 esse
3389 2623 3448 2822 putare,
3396 2419 3441 2576 neque
3393 2163 3439 2372 uuquam
3390 2021 3422 2116 non
3388 1867 3419 1975 cum
3368 1602 3433 1833 superbia
3366 1311 3413 1567 coniuncta

3470 2894 3514 2968 est
3469 2604 3512 2859 contumax
3459 2488 3506 2572 illa
3455 2151 3504 2439 abstinentia
3458 1958 3514 2103 atque
3451 1744 3497 1912 vitatio
3447 1434 3494 1697 affectuum
3458 1310 3491 1398 eo-

3562 2845 3605 2969 rum,
3557 2691 3606 2809 quos
3538 2374 3587 2655 firmissima
3551 2229 3583 2338 esse
3532 2009 3581 2197 vincula
3534 1805 3578 1976 natura
3527 1612 3575 1767 voluit
3522 1311 3573 1577 communi-

3625 2856 3673 2967 tatis
3620 2629 3687 2820 geueris
3618 2381 3667 2595 humani.

3700 2525 3750 2839 Inveniuntur
3697 2243 3743 2488 fastidiosa
3693 2029 3755 2216 ingenia
3691 1861 3738 2003 etiam
3688 1692 3735 1839 hodie
3685 1469 3750 1665 passim,
3698 1308 3744 1431 quae

3785 2848 3831 2966 citra
3779 2508 3828 2811 concubitum
3778 2282 3824 2459 liberos
3772 1988 3836 2233 procreari
3785 1792 3833 1941 posse
3767 1524 3828 1743 cupiant:
3762 1307 3823 1474 quidni

3864 2821 3924 2966 igitur
3857 2543 3921 2790 Euripidis
3854 2224 3917 2521 temporibus
3852 2008 3898 2198 inventa
3864 1871 3895 1981 esse
3846 1547 3894 1836 credamus‘!
3842 1305 3903 1479 Neque

3941 2717 3992 2963 defuisse,
3938 2589 3999 2668 qui
3937 2361 3983 2540 malum
3932 2097 3979 2325 mulieres
3944 1939 3975 2049 esse
3928 1650 3978 1893 dicerent,
3929 1547 3970 1598 et
3922 1305 3983 1501 quidem

4019 2708 4081 2963 eiusmodi,
4016 2539 4078 2669 quod
4015 2476 4061 2510 ii
4015 2320 4076 2442 ipsi,
4011 2207 4074 2287 qui
4008 1847 4073 2171 possiderent,
4005 1591 4053 1811 studiose
4004 1303 4049 1555 comerent

4104 2613 4157 2961 ornarentque,
4110 2503 4141 2563 ex
4090 2129 4154 2469 Aristophanis
4087 1784 4151 2081 lepidissima
4081 1402 4130 1740 dissertatione
4079 1302 4126 1351 in

4176 2756 4225 2958 Thesm.
4190 2676 4222 2719 v.
4175 2352 4221 2640 785ffl800.
4173 2083 4232 2297 apparet.
4166 1797 4228 2015 Denique
4162 1520 4227 1753 plurimos
4158 1302 4215 1473 fuisse,

4256 2876 4317 2956 qui
4254 2644 4315 2843 fatuam,
4252 2338 4315 2608 simplicem
4264 2146 4310 2302 neque
4246 1987 4296 2110 ultra
4261 1812 4307 1953 quam
4242 1534 4291 1785 mulierem
4237 1299 4285 1500 deceret
