5010 3336
2076 3217 2121 3293 mm

1049 2135 1105 2250 127

1203 2810 1249 3019 revocat.
1197 2607 1245 2728 Cum
1195 2257 1259 2556 Lycotherse
1194 1964 1255 2213 disputans
1191 1785 1237 1905 haec
1188 1575 1237 1738 dicere
1184 1375 1250 1529 potuit

1278 2818 1341 3015 (fragm.
1277 2668 1324 2781 dub.
1275 2539 1337 2631 7.):

1355 2825 1404 2883 ἰὼ
1354 2556 1418 2791 τυραννί,
1349 2239 1415 2519 βαρβάρων
1346 1995 1411 2204 ἀνδρῶν
1345 1822 1409 1961 φίλη.

1438 2806 1498 3017 itemque
1436 2603 1498 2770 fragm.
1435 2475 1479 2566 ine.
1434 2350 1477 2440 20:

1514 2699 1577 2888 πότερα
1511 2502 1567 2666 θέλεις
1520 2385 1557 2466 σοι
1503 2106 1571 2351 μαλθακὰ
1502 1905 1568 2072 ψευδῆ
1500 1716 1565 1864 λέγω,

1593 2854 1657 2886 ἢ
1593 2644 1657 2816 σκλήρ’
1591 2407 1654 2608 ἀληθὴς
1588 2186 1650 2372 φράζε·
1582 2086 1648 2148 σὴ
1583 1953 1647 2052 γὰρ
1582 1888 1647 1921 ἦ
1581 1674 1645 1855 κρίσις.

1674 2816 1720 2886 De
1672 2421 1734 2763 compositione
1669 2160 1714 2386 dramatis
1666 1801 1712 2122 coniecturam
1674 1494 1723 1764 proponere
1675 1368 1706 1461 non

1754 2849 1801 3017 audeo.
1755 2731 1799 2781 ln
1750 2415 1812 2683 lllyriorum
1752 2234 1793 2361 terra
1762 2110 1793 2187 res
1759 1895 1790 2060 omnes
1740 1594 1788 1846 commode
1739 1486 1801 1559 agi
1754 1366 1801 1451 po-

1834 2864 1879 3017 tuisse
1832 2674 1878 2830 video,
1828 2416 1876 2606 Proelio
1826 2172 1873 2362 demum
1824 1996 1870 2125 sacto
1824 1728 1882 1947 victoque
1818 1365 1879 1680 Lycotherse,

1913 2806 1959 3014 Cadmus
1911 2725 1956 2770 in
1924 2498 1955 2689 scenam
1906 2269 1970 2463 prodire
1904 2080 1965 2235 potuit
1908 1993 1950 2044 et
1902 1898 1947 1958 de
1901 1788 1959 1862 iis7
1915 1630 1961 1751 quae
1898 1364 1962 1597 profugus

2008 2988 2037 3015 e
1992 2804 2054 2961 patria
1988 2704 2035 2778 vel
1993 2501 2049 2667 egerat
1985 2396 2031 2468 vei
1998 2112 2047 2371 perpessus
1986 1971 2037 2090 erat,
1995 1688 2043 1942 exponere.
1978 1363 2024 1621 Parentum

2070 2792 2131 3016 filiaeque
2072 2595 2115 2758 mutua
2064 2381 2128 2560 agnitio
2079 2268 2109 2347 res
2062 2094 2125 2229 plena
2060 1847 2107 2060 laetitiae
2063 1679 2117 1810 erat,
2057 1547 2104 1633 sed
2058 1360 2105 1513 malo-

2166 2909 2196 3016 rum
2147 2550 2210 2859 pristinorum
2142 2166 2190 2502 recordatione
2144 1803 2201 2115 temperatae.
2137 1527 2184 1733 Formae
2152 1360 2183 1490 com-

2228 2702 2274 3015 mutationem
2240 2574 2271 2667 non
2238 2382 2269 2539 coram
2220 1991 2284 2345 spectatoribus
2218 1758 2277 1963 saetam7
2218 1635 2264 1721 sed
2233 1514 2279 1600 per
2232 1359 2263 1480 nun-

2308 2896 2354 3015 tium
2305 2594 2368 2860 expositam
2318 2420 2356 2557 esse,
2301 2145 2347 2373 Horatius
2302 1876 2344 2099 testatur.
2296 1579 2356 1797 Lugente
2294 1358 2342 1534 deinde

2386 2853 2447 3015 Agave
2387 2577 2446 2819 parentes,
2379 2482 2426 2541 ad
2378 2110 2426 2445 consolandam
2392 1971 2423 2075 eam
2376 1779 2437 1935 deque
2376 1570 2422 1747 suturis
2375 1358 2422 1536 docen-

2465 2899 2510 3010 dam
2463 2645 2509 2862 Bacchns
2460 2311 2507 2610 descendere
2457 2096 2519 2268 potuit.

2542 2774 2588 2881 Etsi
2538 2516 2587 2723 Stobaeo
2538 2303 2583 2480 nulium
2536 2126 2582 2267 liuius
2534 1863 2581 2088 dramatis
2532 1582 2594 1827 exemplar
2536 1357 2595 1549 praesto

2622 2858 2669 3012 fuisse
2620 2599 2672 2811 videtur,
2624 2373 2663 2531 tamen
2616 2212 2662 2329 iilud
2614 1967 2660 2164 minime
2612 1667 2658 1923 obscurum
2611 1459 2658 1612 fuisse
2626 1356 2658 1416 ex

2700 2805 2755 3013 Horatii,
2698 2608 2744 2769 Ovidii
2696 2260 2757 2575 afiorumque„
2708 2104 2755 2222 quos
2691 1700 2749 2062 nominavimus,
2690 1477 2736 1663 indiciis
2707 1356 2753 1441 ap-

2783 2858 2842 3015 paret.
2776 2594 2824 2790 Ovidius
2775 2432 2822 2557 enim
2775 2349 2820 2398 in
2772 2114 2822 2313 Metam.
2769 1972 2828 2066 lV7
2773 1843 2817 1938 565
2784 1676 2831 1808 seqq.
2769 1356 2831 1639 Euripidem

2858 2798 2905 3012 imitatus
2860 2661 2915 2762 est,
2855 2567 2902 2615 id
2853 2405 2915 2531 quod
2869 2311 2899 2369 ex
2852 2090 2898 2276 duobus
2849 1801 2906 2044 versibus,
2848 1667 2909 1748 qui
2853 1356 2907 1619 servantur,

2953 2900 2985 3009 cum
2936 2790 2984 2867 his
2934 2506 2981 2754 Ovidianis
2931 2067 2992 2469 conspirantibus,
2934 1801 2991 2030 apparet:

3013 2623 3076 2881 „Aeo-ede,
3030 2559 3060 2586 o
3014 2324 3071 2523 coniux,
3008 2086 3068 2286 accede,
3008 1753 3065 2050 miserrima,
3005 1567 3064 1715 dixit,

3095 2646 3159 2879 Dumque
3090 2402 3157 2597 aliquid
3094 2127 3155 2359 superest
3087 2018 3134 2081 de
3104 1867 3146 1972 me,
3103 1740 3134 1820 me
3092 1509 3149 1690 tange,
3102 1357 3134 1462 ma-

3183 1998 3231 2216 numque

3251 2657 3315 2879 Accipe,
3249 2500 3296 2618 dum
3264 2279 3295 2458 manus
3254 2132 3304 2231 est.¹
3246 1965 3294 2083 dum
3262 1817 3294 1917 non
3250 1610 3293 1772 totum
3250 1352 3309 1563 occupat

3325 1967 3389 2195 anguis.'’

3411 2825 3473 3009 Quibus
3408 2665 3456 2789 adde
3408 2454 3455 2631 Lucan.
3405 2340 3463 2417 111,
3407 2181 3451 2302 189:

3488 2555 3550 2876 „Encheliae
3484 2387 3534 2520 versi
3489 2106 3531 2352 testantes
3483 1886 3545 2085 semera
3480 1620 3529 1845 Cadmi.''

3572 2930 3619 3006 Ad
3585 2741 3616 2879 suum
3568 2585 3632 2692 ipse
3566 2274 3629 2538 Euripides
3578 2102 3626 2224 opus
3560 1840 3625 2055 respexit
3561 1750 3608 1799 in
3560 1511 3608 1715 Bacchis
3562 1350 3607 1473 13:31

3664 2838 3712 3005 seqq.:

3724 2738 3791 2876 ,,ἓγώ
3726 2652 3775 2704 θ’
3723 2586 3775 2614 ὁ
3722 2344 3788 2551 τλήμων
3718 2006 3785 2308 βαρβάρους
3716 1723 3781 1971 ἀφίξομαι

3806 2707 3872 2877 γέρων
3802 2410 3869 2673 μέτοικος·
3800 2300 3850 2371 ἔτι
3797 2212 3850 2266 δέ
3818 2090 3863 2178 μοι
3797 2000 3848 2057 τὸ
3797 1695 3862 1964 θέσφατον

3885 2822 3945 2873 ἐς
3880 2599 3935 2795 Ἑλλάδ’
3884 2347 3949 2561 ἀγαγεῖν
3880 2123 3946 2313 μιγάδα
3880 1819 3945 2088 βάρβαρον
3878 1549 3942 1784 στρατόν,

3964 2784 4016 2872 καὶ
3964 2656 4031 2751 τὴν
3959 2441 4028 2625 ’Ἄρεος
3962 2267 4012 2409 παῖδ’
3953 1928 4025 2227 Ἁρμονίαν,
3959 1676 4023 1891 δάμαρτ’
3954 1497 4023 1641 ἐμήν,

4046 2647 4109 2873 δράκων,
4042 2328 4109 2611 δρακαίνης
4042 2131 4105 2292 φύσιν
4038 1875 4107 2097 ἔχουσαν
4040 1636 4105 1841 ἀγρίαν,

4127 2771 4188 2876 ἄξω
4125 2663 4177 2736 ’πὶ
4118 2417 4191 2630 βωμοὺς
4120 2298 4173 2386 καὶ
4121 2064 4185 2267 τάφους
4116 1678 4188 2025 “Ελληνικούς,,

4206 2584 4270 2873 ἡγούμενος
4202 2236 4270 2551 λόγχαισιν.”
