5010 3336
1655 634 1658 636 .
1669 635 1675 637 >
1697 625 1871 639 JJ‘Z‘—-—-..-
1877 635 1916 639 ,--
1924 635 1944 638 ἡ.

724 682 795 689 nnn*
807 681 917 690 s-«x--s-
934 684 955 691 η
972 679 989 690 3„
1007 684 1050 689 me,

2454 687 2462 694 u

2421 686 2431 694 x,

2402 686 2413 695 *r

2364 686 2374 687 l

2229 685 2237 693 ιι

2155 685 2182 693 ¹?

2099 689 2144 694 ἰ

2003 687 2026 692 ἰ

1974 688 1986 691 l

1957 686 1971 690 4

1940 686 1948 690 ι

1911 686 1934 690 Ξ

3811 2045 3866 2166 436

3668 1284 3717 1422 sime.
3661 1491 3721 1710 Vellem,
3658 1763 3721 1932 aliquis
3672 1970 3719 2087 satis
3672 2133 3716 2276 acuto
3659 2326 3717 2470 atque
3659 2522 3722 2733 eleganti
3672 2780 3722 2961 iudicio

3573 1285 3638 1539 praeditus
3592 1573 3639 1623 iu
3592 1657 3635 1881 naturam
3581 1918 3639 2213 carminum,
3578 2261 3641 2432 quibus
3579 2478 3641 2553 agi
3579 2598 3642 2847 finguntur
3593 2879 3626 2961 res

3495 1285 3558 1560 quibusque
3496 1595 3555 1762 gestae
3502 1798 3554 2084 narrantur,
3498 2120 3561 2387 inquireret
3505 2423 3562 2524 sic,
3515 2575 3558 2629 ut
3498 2663 3545 2752 pro
3514 2790 3545 2962 exem-

3415 1287 3479 1504 plaribus
3418 1543 3481 1805 propositis
3418 1844 3482 2072 Cyclopis
3420 2108 3481 2359 Rhesique
3435 2409 3482 2587 sabulis
3434 2625 3476 2673 et
3434 2708 3465 2817 cum
3435 2855 3483 2961 110-

3352 1285 3399 1408 meri
3353 1443 3401 1715 narratione
3338 1752 3399 2068 comparatis,
3339 2119 3401 2234 quid
3339 2284 3401 2477 utrique
3339 2526 3401 2694 generi
3342 2743 3400 2963 deceret,

3272 1287 3320 1586 ostenderet.
3275 1669 3322 1824 Huius
3274 1890 3320 2016 enim
3275 2069 3321 2258 decoris
3258 2318 3321 2619 ignoratione
3259 2680 3322 2965 gravissime

3176 1286 3233 1497 peccant
3193 1531 3241 1682 nostri
3179 1732 3236 1933 poetae,
3180 1981 3226 2183 quorum
3196 2236 3242 2276 si
3180 2328 3240 2432 quis
3179 2472 3242 2700 Cyclopis
3195 2750 3243 2965 fabulam

3109 1287 3160 1628 illustrandam
3103 1650 3161 1923 sumsisset,
3115 1962 3145 2055 non
3104 2084 3162 2270 dubito,
3101 2308 3161 2420 quin
3098 2458 3161 2770 gravissimas
3100 2800 3158 2964 partes

3032 1288 3080 1430 arieti
3033 1464 3081 1719 tribuisset
3021 1756 3080 1964 agendas
3036 2002 3075 2049 et
3020 2076 3075 2334 apparatus
3036 2361 3081 2536 scenici
3035 2574 3081 2788 novitate
3021 2823 3068 2965 quam

2937 1287 2999 1445 ipsius
2954 1482 3001 1710 carminis
2956 1747 3002 1927 virtute
2956 1964 3001 2209 theatrum
2939 2256 3001 2361 capi
2940 2394 3001 2647 tenerique
2948 2682 3003 2966 maluisset3

2862 1287 2920 1448 idem,
2860 1502 2907 1596 quo
2864 1643 2923 1797 magis
2877 1849 2923 2032 scilicet
2878 2082 2923 2154 sui
2862 2200 2922 2377 ingenii
2876 2422 2922 2490 vis
2860 2526 2922 2670 plane
2862 2707 2925 2967 singularis

2777 1289 2839 1580 appareret,
2796 1630 2843 1891 abiecisset
2782 1927 2844 2159 quidquid
2797 2198 2843 2307 boni
2797 2342 2844 2587 Homerus
2781 2625 2844 2967 suppeditaret

2713 1291 2756 1343 et
2715 1378 2763 1713 substituisset
2700 1749 2764 1944 frigida,
2706 1982 2763 2120 levia,
2707 2159 2764 2338 mollia,
2702 2375 2764 2553 inepta.
2717 2621 2765 2813 Horum
2719 2851 2750 2967 con-

2634 1291 2681 1493 trarium
2636 1531 2682 1588 ab
2621 1622 2683 1861 Euripide
2637 1890 2683 2073 sactum
2637 2100 2668 2211 esse
2623 2246 2685 2491 intelligis.
2638 2559 2685 2632 De
2639 2668 2670 2755 suo
2639 2781 2686 2969 addidit

2539 1293 2597 1486 Satyros
2541 1523 2598 1670 atque
2546 1707 2587 1781 ee,
2541 1820 2587 1913 quo
2558 1952 2603 1996 in
2557 2020 2604 2165 rebus
2558 2194 2604 2492 inveniendis
2559 2517 2605 2740 acumine
2543 2774 2591 2970 semper

2467 1294 2523 1509 excellit,
2477 1546 2519 1595 et
2461 1632 2523 1819 priores
2478 1851 2508 2017 eorum
2477 2045 2508 2186 casus
2477 2216 2519 2265 et
2462 2287 2520 2570 praesentes
2479 2607 2526 2823 actiones
2480 2859 2511 2971 cum

2394 1293 2442 1441 rebus
2397 1477 2443 1535 ab
2397 1563 2444 1780 Homero
2398 1816 2443 2007 traditis
2396 2043 2443 2306 contexuit.
2398 2378 2446 2576 Gratam
2386 2615 2445 2972 iucundamque

2300 1293 2363 1484 graecis
2317 1532 2363 1808 hominibus
2301 1861 2349 2119 personam
2301 2165 2359 2440 satyrorum
2318 2492 2364 2540 in
2318 2587 2367 2762 sabulis
2320 2813 2368 2972 suisse

2226 1295 2283 1452 adeo,
2235 1489 2278 1543 ut
2219 1578 2267 1730 genus
2237 1769 2285 2041 dramatum
2222 2079 2283 2330 peculiare
2228 2364 2281 2678 nasceretur,
2224 2729 2286 2859 quod
2241 2895 2272 2972 sa-

2139 1295 2202 1505 tyricum
2141 1524 2204 1871 appellaretur,
2143 1908 2205 2049 vulgo
2158 2075 2198 2245 notum
2158 2272 2199 2362 est.
2146 2435 2205 2764 Quamobrem
2144 2792 2192 2973 operae

2060 1295 2123 1511 pretium
2078 1549 2116 1624 est
2064 1650 2110 1904 quaerere,
2064 1930 2125 2157 quidnam
2063 2178 2126 2491 potissimum
2065 2512 2122 2775 sequentes
2080 2795 2130 2974 Graeci

1982 1299 2039 1577 satyrorum
2000 1613 2031 1776 mores
1985 1804 2041 1947 atque
1984 1974 2047 2166 ingenia
2000 2187 2043 2301 ante
2000 2325 2046 2492 oculos
1987 2527 2047 2829 frequentius
1988 2857 2050 2974 poni

1918 1298 1966 1556 voluerint.
1921 1627 1968 1853 Ostendit
1922 1900 1968 2091 illorum
1904 2138 1952 2381 persona,
1907 2432 1965 2610 quanta
1922 2659 1968 2722 sit
1923 2767 1965 2972 naturae

1828 1298 1886 1553 humanae,
1842 1590 1888 1632 si
1842 1666 1889 1797 nullo
1842 1826 1889 2096 honestatis
1831 2133 1888 2313 studio,
1842 2350 1889 2481 nulla
1842 2515 1890 2811 continentia
1843 2835 1891 2971 cohi-

1751 1299 1805 1490 beatur,
1746 1528 1810 1794 turpitudo.
1762 1866 1810 1990 Nam
1746 2025 1809 2261 quidquid
1744 2288 1805 2451 agunt,
1746 2489 1808 2721 cogitant,
1762 2759 1811 2973 sentiunt

1681 1300 1728 1361 ad
1680 1383 1730 1606 libidines
1682 1642 1724 1829 temere
1666 1863 1730 2126 explendas
1666 2162 1724 2363 spectat.
1682 2435 1729 2561 Esse
1667 2597 1729 2680 qui
1683 2725 1731 2803 vel
1682 2839 1715 2973 com-

1600 1302 1649 1461 munis
1601 1498 1650 1723 utilitatis
1601 1761 1649 1971 tuendae
1602 2008 1649 2085 vel
1586 2120 1649 2319 pietatis
1602 2353 1649 2428 vel
1602 2460 1649 2614 laudis
1602 2651 1651 2812 studio
1587 2848 1650 2974 peri-

1521 1304 1569 1414 cula
1508 1448 1570 1607 adeat,
1508 1645 1569 1726 qui
1523 1762 1569 1838 vel
1522 1873 1553 2013 suum
1521 2050 1570 2356 commodum
1522 2386 1569 2544 alieno
1523 2568 1570 2644 vel
1506 2662 1565 2975 praesentem

1426 1302 1489 1599 voluptatem
1442 1635 1490 1832 suturae
1442 1868 1490 2012 saluti
1426 2047 1484 2326 postponat,
1442 2368 1489 2446 vix
1443 2481 1490 2672 videtur
1443 2705 1491 2767 iis
1444 2801 1492 2974 verisi-

1361 1303 1409 1437 mile.
1363 1504 1410 1655 Iidem
1363 1690 1406 1853 tamen
1364 1889 1409 1948 ab
1347 1984 1409 2328 improbitate,
1364 2364 1394 2391 a
1351 2426 1410 2655 saevitia,
1364 2708 1395 2735 a
1350 2771 1413 2974 ferocia,

1282 1305 1314 1333 a
1272 1369 1331 1673 crudelitate,
1284 1710 1314 1737 a
1283 1770 1331 1970 nefariis
1284 2006 1314 2061 ac
1283 2088 1330 2312 scelestis
1284 2338 1331 2638 facinoribus
1285 2674 1333 2818 alieni
1274 2841 1327 2973 sunt,

1188 1306 1251 1527 satisque
1204 1560 1246 1779 amantes
1191 1816 1251 2066 iustitiae,
1203 2113 1235 2222 cum
1189 2271 1234 2363 qua
1205 2411 1236 2546 suam
1205 2581 1253 2843 utilitatem
1206 2880 1238 2974 una

1125 1305 1172 1507 interire
1108 1542 1172 1829 intelligant.
1124 1899 1172 2110 Miseret
1124 2145 1156 2229 eos
1115 2264 1172 2503 Menelai,
1110 2557 1174 2838 probissimi
1128 2881 1174 2973 ho-

1037 1306 1094 1598 muncioniS‚
1046 1633 1078 1786 uxore
1029 1822 1076 1912 per
1044 1947 1091 2043 vim
1031 2070 1091 2392 fraudemque
1031 2425 1095 2616 privati,
1048 2654 1090 2702 et
1032 2723 1096 2973 indignam

965 1307 998 1413 rem
967 1450 998 1559 esse
966 1594 1013 1727 aiunt
966 1763 1013 2002 adulteria
954 2036 1012 2324 mulierum,
953 2360 999 2478 quas
953 2517 1016 2728 quidem,
969 2765 1016 2857 nisi
968 2892 1000 2972 re-

885 1307 933 1398 bus
888 1434 934 1654 venereis
874 1691 932 1957 servirent,
886 2008 931 2207 interire
887 2255 920 2420 omnes
873 2468 933 2722 cuperent.
876 2793 936 2973 Quales

807 1310 850 1423 sunt
792 1457 855 1626 satyri,
808 1663 854 1786 tales
789 1822 853 1967 vulgo
789 2001 853 2226 plerique
807 2265 848 2428 essent
797 2462 856 2714 homines,
810 2768 857 2810 si
809 2843 857 2974 nulla

712 1308 776 1567 disciplina
726 1612 774 1918 erudirentur
710 1962 757 2121 neque
726 2166 773 2229 ad
728 2272 776 2525 meliorem
729 2572 777 2975 consuetudinem

646 1311 696 1530 docendo
631 1564 695 1933 exercendoque
644 1967 693 2350 traducerentur.
646 2422 695 2519 Aut
634 2570 696 2789 ignorant
636 2824 698 2973 satyri
