5010 3336
1631 811 1634 813 —
1671 804 1718 819 ἑτέ
1732 801 1865 822 {tter->542⁵-
1875 804 1994 824 ÷>2⁵J>q⁸⁵

859 800 974 825 μιᾳ-ἣ
993 800 1217 825 ἐξῇρε-’.τιν
1341 815 1350 819 -ν
1476 815 1483 818 ’-
1520 811 1540 817 ⁷⁴

3952 2156 4007 2273 136

3817 1376 3880 1553 αὐτόν,
3825 1589 3875 1677 καὶ
3805 1711 3871 2029 συλληφθεὶς
3815 2064 3867 2166 ὑπὸ
3809 2205 3865 2444 Θυέστου
3807 2478 3857 2564 καὶ
3785 2605 3859 2835 Ἀτρέως,
3781 2870 3847 3047 ἐλέους

3732 1372 3802 1517 ἔτυχε
3730 1549 3796 1695 παρὰ
3729 1729 3793 1973 Πέλοπος
3735 2008 3787 2095 διὰ
3733 2127 3786 2221 τὸν
3717 2240 3787 2424 ἔρωτα.
3706 2496 3785 2832 Ἱπποδάμεια
3716 2860 3767 2907 δ’
3712 2931 3764 3045 α’νέ-

3666 1369 3715 1554 πειθεν
3650 1592 3723 1771 Ἀτρέα
3660 1803 3712 1892 καὶ
3639 1927 3708 2166 Θυέστην
3634 2199 3703 2435 οέναιρεῖν
3629 2485 3696 2676 αὐτόν,
3635 2720 3690 2892 εἰδυῖα
3631 2939 3685 3042 ἔσε-

3588 1370 3636 1500 σθαι
3568 1525 3637 1753 ἔφεδρον
3566 1778 3630 2054 βασιλείας,
3571 2132 3622 2252 Τῶν
3569 2285 3620 2342 δὲ
3547 2377 3619 2769 ἀρνησαμένων,
3537 2806 3606 2937 αὐτὴ
3535 2970 3596 3043 τῷ

3494 1365 3558 1520 μύσει
3494 1552 3556 1643 τὰς
3485 1674 3548 1845 χεῖρας
3481 1880 3550 2068 ἔχρισε·
3479 2104 3544 2294 νυκτὸς
3471 2314 3539 2415 γὰρ
3468 2438 3535 2673 βαθείας,
3459 2707 3525 3041 κοιμωμένου

3413 1365 3478 1556 Λαΐου,
3423 1591 3474 1650 τὸ
3406 1684 3472 1836 ξίφος
3412 1868 3470 2129 ἑλκύσασα
3410 2161 3461 2250 καὶ
3393 2294 3457 2538 τρώσασα
3399 2583 3450 2677 τὸν
3381 2725 3445 3042 Χρύσιππον

3326 1364 3402 1788 ἐγκαταπήγνυσι
3337 1820 3389 1880 τὸ
3320 1915 3386 2077 ξίφος.
3309 2149 3388 2490 Ὑπονοηθεὶς
3321 2523 3373 2577 δὲ
3318 2612 3369 2643 ὁ
3304 2679 3366 2839 Λοὶϊος
3311 2872 3364 2958 διὰ
3309 2979 3359 3039 τὸ

3251 1362 3318 1531 ξίφος,
3248 1567 3313 1747 ῥύεται
3256 1780 3309 1884 ὑπὸ
3236 1918 3305 2209 ἡμιθνῆτος
3246 2241 3293 2339 τοῦ
3224 2374 3291 2720 Χρυσίππου,
3217 2772 3285 2868 τὴν
3213 2912 3282 3036 α’λή-

3184 1359 3234 1520 θειαν
3161 1570 3233 2010 ὁμολογήσαντος.
3170 2090 3228 2153 ‘O
3167 2202 3219 2258 δὲ
3151 2301 3215 2478 θάψας
3142 2526 3210 2624 τὴν
3136 2663 3213 3036 Ἱπποδάμειαν

3089 1360 3160 1617 ἐξώρισεν,
3089 1655 3150 1726 ὦς
3082 1758 3144 2022 Δοσίθεος
3090 2057 3143 2115 ἐν
3071 2149 3136 2485 Πελοπίδαις.
3059 2551 3126 2789 Εὀηῐειη,
3070 2838 3113 2894 ut
3068 2928 3103 3036 sae-

3010 1357 3074 1488 pius,
3002 1522 3070 1873 dissimulavit3
3011 1909 3060 2037 idem
3008 2076 3057 2197 fecit
3006 2231 3038 2288 eo
2991 2334 3051 2471 loco,
2983 2522 3030 2614 quo
2993 2662 3043 2799 Aeoli
2973 2833 3040 3035 Euripi-

2947 1359 2995 1435 dis
2926 1483 2981 1823 argumentum
2917 1872 2977 2087 exponit.
2923 2158 2975 2388 Ceterum
2905 2424 2967 2765 supplementa
2896 2798 2958 3036 quaedam

2865 1357 2917 1504 huius
2857 1541 2906 1831 narrationis
2836 1880 2898 2257 suppeditantur
2846 2290 2892 2349 ab
2838 2386 2892 2639 Athenaeo
2832 2674 2884 2799 XIll.
2814 2836 2861 2883 p.
2829 2918 2876 3032 602.

2774 1355 2839 1434 Ε,
2781 1472 2834 1711 Pausania
2765 1736 2826 1817 Vl,
2762 1841 2821 1921 20,
2760 1946 2819 2014 4.,
2767 2066 2818 2267 Aeliano
2763 2303 2812 2427 Hist.
2757 2455 2807 2599 anim.
2743 2628 2806 2711 Vl,
2740 2750 2799 2845 14„
2735 2880 2799 3034 Apol-

2705 1353 2758 1526 lodoro
2690 1560 2752 1644 ΙΙΙ,
2687 1680 2747 1726 5,
2697 1763 2742 1808 5.
2691 1876 2743 2102 Latinum
2686 2146 2730 2307 autem
2679 2358 2730 2574 reddidit
2676 2609 2725 2705 hoc
2672 2740 2723 2907 drama
2670 2941 2719 3031 At-

2612 1353 2677 1468 tius,
2610 1505 2672 1589 qui
2603 1625 2672 1912 Euripidem
2597 1946 2659 2238 tragicorum
2602 2276 2651 2485 omnium
2597 2521 2645 2717 maximi
2591 2751 2642 2933 fecisse
2589 2961 2636 3030 vi-

2546 1352 2597 1495 detur
2544 1530 2587 1578 et
2525 1611 2592 2010 frequentissime
2527 2043 2580 2260 imitatus
2521 2297 2567 2389 est.

2446 1480 2515 1742 Prologum
2457 1779 2504 1838 ab
2438 1874 2504 2200 Hippodamia
2444 2235 2488 2396 actum
2440 2436 2475 2549 esse
2421 2572 2484 2808 suspicor.
2415 2852 2482 3029 Finge-

2387 1352 2435 1494 batur
2363 1528 2433 1834 Chrysippus
2375 1871 2406 1897 a
2373 1932 2422 2052 Laio
2354 2087 2416 2320 abreptus
2361 2357 2414 2555 Thebas
2352 2592 2402 2912 cummaxime
2350 2945 2383 3030 au-

2295 1350 2357 1489 ferri,
2301 1523 2354 1704 fratres
2296 1740 2340 1900 autem
2293 1935 2342 2064 illius
2292 2093 2322 2118 a
2271 2148 2339 2333 Pelope
2286 2357 2332 2417 ad
2264 2442 2325 2833 persequendum
2257 2861 2314 3028 rapto-

2228 1349 2261 1456 rem
2200 1489 2267 1974 recuperandamque
2209 2008 2261 2209 fratrem
2205 2255 2252 2421 emissi
2199 2466 2233 2591 esse.
2179 2661 2246 2857 ltaque,
2189 2909 2239 3028 dum
2186 3071 2189 3075 ,

2146 1348 2196 1538 reditus
2138 1572 2191 1784 filiorum
2117 1820 2176 2157 exspectatur,
2124 2205 2160 2414 noverca
2101 2469 2170 2734 Chrysippi
2103 2769 2146 2854 ea,
2096 2903 2145 3028 quae

2068 1349 2116 1463 sciri
2061 1484 2099 1688 necesse
2045 1714 2099 1834 erat,
2054 1872 2103 1934 de
2048 1969 2099 2273 matrimonio
2032 2309 2077 2416 suo,
2042 2452 2090 2514 de
2024 2549 2085 2700 spurii
2035 2732 2083 2821 filii
2031 2855 2080 3027 natali·

1976 1347 2037 1455 bus,
1984 1490 2033 1552 de
1966 1587 2027 1737 patris
1977 1771 2025 1820 in
1973 1853 2023 1982 hunc
1957 2017 2002 2200 amore,
1949 2237 2015 2444 denique
1961 2478 2009 2540 de
1959 2574 2008 2679 Laii
1940 2699 2001 2907 perfidia
1947 2935 1980 3024 ex-

1894 1347 1955 1575 posuisse
1896 1609 1948 1818 videtur.
1876 1887 1943 2111 Namque
1876 2144 1936 2240 hic,
1872 2277 1917 2426 quum
1864 2462 1931 2677 hospitio
1856 2714 1926 2908 Pelopis
1853 2935 1901 3027 per

1810 1347 1876 1560 quinque
1820 1595 1870 1698 dies
1814 1734 1860 1955 uteretur
1799 1981 1862 2049 *),
1808 2087 1841 2251 amore
1792 2288 1848 2458 captus
1781 2494 1849 2774 Chrysippi,
1790 2809 1843 2932 dixit
1786 2967 1821 3024 se

1748 1344 1797 1470 velle
1728 1504 1791 1750 aurigandi
1736 1783 1781 1889 arte
1733 1922 1783 2052 hunc
1727 2087 1778 2342 instituere
1724 2378 1756 2436 eo
1705 2471 1767 2702 consilio,
1715 2738 1758 2794 ut
1713 2827 1761 2875 in
1709 2912 1742 3022 cur-

1669 1345 1703 1450 rum
1660 1498 1712 1741 sublatum
1654 1787 1709 1983 Thebas
1647 2019 1700 2287 abduceret
1630 2315 1698 2414 *⁴‘).
1637 2486 1691 2773 Gratulatur
1632 2807 1682 2899 sibi
1628 2933 1662 3021 no-

1587 1343 1623 1485 verca
1581 1521 1625 1712 remoto
1559 1745 1626 1982 privigno,
1556 2018 1618 2166 patris
1552 2197 1617 2404 deliciis,
1547 2442 1610 2522 qui
1559 2557 1593 2617 ne
1542 2642 1590 2849 unquam
1549 2872 1583 3021 recu-

1493 1341 1551 1576 peretur,
1494 1625 1550 1946 vehementer
1476 1981 1539 2128 cupit.
1485 2197 1538 2371 Prodit
1483 2404 1532 2464 ad
1480 2498 1529 2633 illam
1459 2668 1526 2877 Pelops,
1455 2912 1518 3020 ple-

1429 1340 1461 1430 nus
1421 1466 1473 1701 desiderii
1397 1733 1450 2005 parumque
1395 2042 1459 2219 celanS,
1387 2281 1447 2582 quantopere
1383 2614 1444 2828 spurium
1387 2863 1441 3017 filium

1205 1411 1257 1452 *)
1212 1480 1258 1707 Plutarch.
1208 1738 1252 1881 Amat.
1195 1911 1235 1956 p.
1204 1985 1248 2082 750.
1202 2114 1243 2173 Βε
1185 2226 1242 2288 τῷ
1183 2327 1241 2454 Λαΐῳ
1193 2492 1240 2625 πέντε
1182 2661 1236 2804 μόνον
1170 2836 1232 3018 ἡμεροῦν

1133 1476 1189 1693 α’πέχοντι
1128 1720 1182 1802 τῆς
1123 1830 1180 2021 πάτρας.

1065 1379 1120 1445 **)
1062 1472 1117 1674 Apollod.
1072 1705 1112 1735 l.
1070 1767 1110 1823 l.:
1055 1856 1110 2142 ἐπιξενοῦται
1048 2173 1103 2359 Πέλοπι,
1056 2389 1101 2465 καὶ
1052 2495 1098 2660 τούτου
1048 2691 1090 2836 παῖδα
1033 2864 1093 3015 ἁρμα-

989 1475 1045 1718 τοδραμεῖν
985 1746 1041 1999 διδάσκων,
976 2042 1037 2255 ἐρασθεὶς
973 2284 1033 2549 ἀναρπάζει.
979 2616 1022 2866 Athenaeus
978 2895 1018 2925 1.
974 2956 1016 3010 1.:

933 1475 979 1619 Λάϊον
920 1649 973 1905 ξενωθέντα
908 1936 965 2062 παρὰ
918 2093 964 2265 Πέλοπι
916 2294 960 2371 καὶ
900 2399 959 2651 ἐρασθέντα
908 2679 951 2764 τοῦ
906 2796 951 2905 υἱοῦ
905 2934 950 3015 av’-

862 1474 904 1557 τοῦ
842 1584 901 1867 Χρυσίππου,
853 1901 901 1955 ὃν
851 1984 895 2059 καὶ
834 2090 894 2361 ἁρπάσαντα
843 2391 888 2468 καὶ
826 2498 887 2785 οἷναθέμενον
828 2807 879 2870 εἰς
820 2890 883 3013 ἅρμα

786 1479 835 1541 εἰς
775 1572 836 1725 Θήβας
773 1755 824 1933 φυγεῖν.
