5010 3336
3991 2152 4046 2230 42

3835 1354 3896 1637 ναικῶν,
3835 1672 3896 1887 itemque
3836 1922 3901 2277 Aristophanes
3853 2315 3902 2436 Rau.
3854 2475 3901 2632 1043:
3852 2687 3904 2753 οὐ
3837 2790 3905 3027 Φαίδρας

3759 1353 3813 1572 ἐποίουν
3753 1605 3817 1805 πόρνας
3768 1841 3822 1964 οὐδὲ
3755 1997 3822 2337 Σθενεβοίας.

3680 1485 3732 1660 Statim
3686 1696 3734 1746 in
3671 1779 3736 1986 prologo
3688 2021 3732 2131 aeta
3689 2166 3722 2276 esse
3692 2309 3739 2392 illa
3681 2441 3741 2671 conficio,
3679 2722 3726 2846 quae
3693 2882 3739 3026 scho—

3600 1352 3647 1524 liastes
3603 1558 3654 1815 Theocriti
3592 1851 3655 1942 (11,
3594 1979 3658 2081 10.)
3598 2102 3621 2116 ,
3609 2181 3657 2455 Phaedram
3612 2492 3644 2603 cum
3595 2636 3660 3029 pharmaceutria

3519 1351 3568 1497 huius
3506 1531 3565 1710 poetae
3509 1745 3559 2061 comparans,
3528 2096 3577 2282 refert:
3519 2330 3577 2445 ταῖς
3516 2478 3583 2630 ἔρωτι
3515 2663 3583 3032 κατεχομέναις

3422 1351 3490 1448 τὴν
3424 1485 3491 1711 σελήνην
3427 1746 3494 2148 μετακαλεῖσθαι
3431 2184 3497 2440 σύνηθες,
3438 2495 3500 2564 ὡς
3448 2598 3500 2685 καὶ
3432 2735 3499 3032 Εὐριπίδης

3355 1351 3404 1495 ποιεῖ
3345 1530 3410 1774 Φαίδραν
3348 1808 3414 2146 πράττουσαν
3365 2180 3419 2235 ἐν
3350 2270 3409 2340 τῷ
3350 2375 3420 2888 κατακαλυπτομένῳ
3367 2929 3423 3029 Ἱπ-

3260 1349 3325 1561 πολύτῳ
3261 1589 3329 1657 *).
3278 1724 3325 1853 Ante
3283 1898 3331 2059 lucem
3269 2110 3332 2257 igitur
3285 2303 3333 2556 mulierem
3286 2590 3333 2769 amoris
3285 2806 3335 3031 cruciati-

3190 1349 3238 1441 bus
3195 1477 3242 1660 misere
3199 1694 3243 1918 vexatam
3186 1964 3250 2193 prodisse
3205 2240 3237 2447 necesse
3206 2495 3248 2573 est
3205 2606 3247 2656 et
3204 2690 3252 2920 effecisse
3205 2954 3255 3034 illa

3098 1351 3146 1477 quae
3116 1512 3162 1560 in
3100 1595 3166 1875 posteriore
3105 1910 3170 2184 Hippolyto
3124 2220 3172 2385 nutrix
3124 2419 3173 2594 suadet
3123 2626 3157 2670 v.
3124 2708 3170 2834 478:

3034 1482 3087 1613 εἰσὶν
3036 1648 3087 1691 δ’
3019 1718 3091 1915 ἐπῳδαὶ
3038 1950 3092 2038 καὶ
3025 2071 3091 2219 λόγοι
3027 2251 3094 2572 θελκτήριοι,

2936 1480 3004 1775 φανήσεταί
2954 1804 2987 1855 τι
2937 1887 3007 2039 τῆςδε
2942 2066 3009 2351 φάρμακον
2959 2383 3011 2569 νόσου.

2855 1350 2916 1628 iterumque
2873 1662 2905 1708 v.
2872 1746 2919 1867 513:

2787 1482 2839 1565 δεῖ
2789 1597 2841 1642 δ’
2778 1679 2844 1730 ἐξ
2790 1765 2843 1973 ἐκείνου
2777 2009 2845 2075 δή
2794 2110 2826 2159 τι
2795 2192 2843 2291 τοῦ
2784 2330 2851 2677 ποθουμένου

2693 1479 2755 1698 σημεῖον
2694 1730 2760 1763 ἢ
2709 1799 2760 2000 πλόκον
2712 2033 2761 2132 τιν’
2697 2166 2764 2200 ἢ
2713 2236 2766 2449 πέπλων
2716 2486 2764 2589 ἄπο

2610 1480 2675 1680 λαβεῖν,
2616 1718 2679 1949 ξυνάψαι
2629 1984 2687 2022 τ’
2630 2059 2683 2115 ἐκ
2630 2153 2681 2308 δυοῖν
2620 2344 2684 2471 μίαν
2620 2504 2686 2671 χάριν.

2544 1350 2594 1586 Testatur
2546 1620 2592 1716 hoc
2547 1752 2594 1899 etiam
2534 1936 2598 2227 Propertius
2540 2265 2600 2321 11,
2543 2360 2598 2405 1,
2555 2442 2599 2531 53:

2451 1482 2513 1627 „Sea
2466 1663 2514 1789 mihi
2468 1824 2515 1927 sint
2453 1965 2518 2236 tangenda
2457 2271 2525 2730 novercaepocala
2470 2752 2529 3038 Phaedrae,

2384 1621 2432 1814 Pocula
2370 1845 2434 2086 prii-igno
2390 2121 2421 2221 non
2392 2258 2438 2497 nocitura
2395 2531 2445 2671 saofi

2287 1351 2350 1563 Prologo
2304 1597 2353 1918 asserendum
2308 1956 2350 2032 est
2309 2066 2356 2212 etiam
2301 2260 2359 2409 illud,
2298 2461 2363 2591 quod
2316 2637 2365 2931 Plutarchus
2319 2979 2367 3043 de

2221 1350 2269 1464 aud.
2205 1502 2266 1635 poet.
2207 1672 2254 1720 p.
2222 1758 2271 1837 25.
2227 1877 2273 1932 A.
2222 1959 2273 2328 commemorat,
2233 2366 2281 2642 Phaedram
2236 2675 2284 3041 excusationem

2140 1351 2188 1545 libidini
2142 1583 2175 1699 suae
2144 1736 2177 1797 ex
2146 1832 2194 2020 Thesei
2148 2053 2196 2251 licentia
2136 2286 2198 2519 vagisque
2136 2564 2204 3044 peregrinationibus

2042 1352 2107 1568 petisse:
2060 1604 2113 1691 καὶ
2061 1720 2113 1749 ὁ
2048 1786 2113 2048 σύσκηνος
2067 2084 2117 2252 αὑτοῦ
2053 2290 2122 2684 (Σοφοκλέους)
2073 2719 2125 2879 πάλιν
2059 2915 2126 3044 ὁρᾷς

1977 1353 2029 1434 ὅτι
1962 1469 2028 1565 τήν
1962 1598 2012 1656 γε
1966 1708 2030 1950 Φαίδραν
1981 1985 2036 2074 καὶ
1970 2118 2035 2589 προςεγκαλοῦσαν
1975 2635 2035 2707 τῷ
1978 2756 2040 2920 Θησεῖ
1993 2960 2027 3044 πε-

1881 1352 1946 1590 ποίηκεν,
1887 1628 1948 1697 ὡς
1898 1734 1950 1820 διὰ
1891 1853 1951 1946 τὰς
1901 1981 1955 2187 ἐκείνου
1890 2222 1957 2557 παρανομίας
1893 2594 1961 2914 ἐρασθεῖσαν
1911 2947 1960 3045 τοῦ

1813 1365 1864 1675 [ππολύτου.
1816 1748 1864 1969 Imitatus
1821 2004 1867 2129 haec
1822 2165 1865 2243 est
1824 2278 1871 2467 Seneca
1827 2501 1859 2544 v,
1829 2571 1873 2662 91:

1747 1487 1754 1551 —«
1746 1586 1754 1649 -
1722 1686 1785 2074 ‚‚Pr0fugus,
1728 2116 1773 2219 6η,
1742 2258 1790 2504 ο()ηι”ῑι.ι1
1736 2543 1794 2760 abest,

1640 1490 1700 1950 Prae-statque
1642 1984 1702 2265 nuptae,
1644 2306 1695 2490 quam
1656 2523 1713 2716 solet,
1668 2760 1717 3047 Theseus

1563 2256 1629 2488 sidem.

1490 1491 1539 1663 Fortis
1475 1689 1526 1788 per
1495 1826 1544 1961 altas
1498 1997 1546 2124 invii
1499 2158 1541 2297 retro
1500 2332 1547 2477 lacus

1408 1497 1459 1654 Vadit
1406 1689 1462 1946 tenebras,
1414 1983 1464 2128 miles
1418 2167 1468 2382 audacis
1403 2411 1470 2562 proci
1414 2571 1453 2591 ,-

1328 1491 1377 1636 Solio
1330 1671 1373 1729 ut
1332 1767 1380 2027 revulsam
1319 2061 1384 2202 regis
1322 2237 1387 2437 inferni
1333 2472 1393 2757 abstrahat,

1120 1419 1173 1456 *J
1134 1488 1176 1557 Cf.
1136 1588 1178 1814 Weleker.
1126 1840 1165 1883 p.
1139 1908 1183 2006 737.
1129 2029 1186 2246 Respexit
1146 2270 1186 2359 huc
1148 2389 1191 2528 etiam
1151 2556 1194 2697 schol.
1140 2715 1196 2901 Hippol.
1156 2921 1197 2978 Il.
1156 3002 1183 3044 v.

1063 1500 1108 1609 514:
1050 1640 1109 1798 ἀρίστη
1064 1831 1110 1880 δέ
1058 1905 1114 2153 ε’νταῦθαὴ
1061 2186 1115 2428 διοίκησις·
1066 2459 1123 2524 τὴ
1079 2540 1105 2565 ν
1067 2597 1105 2628 μ
1080 2642 1124 2659 ὲ
1080 2674 1107 2699 ν
1079 2730 1128 2758 ὅ
1082 2772 1121 2795 λ
1069 2808 1107 2835 η
1082 2849 1109 2874 ν
1071 2906 1110 2940 φ
1072 2955 1131 3047 (ἑρ-

977 1500 1016 1531 μ
982 1548 1034 1610 αξ
992 1624 1018 1639 ι
991 1652 1019 1677 ν
993 1719 1042 1781 οὗ
994 1796 1021 1822 κ
996 1862 1041 1959 ἐπὶ
997 1999 1026 2024 σ
997 2037 1024 2063 κ
986 2076 1024 2103 η
988 2119 1042 2241 νῆς,
1002 2287 1051 2380 ἀλλ’
1005 2423 1050 2555 ἔνδον
996 2585 1051 2779 ποιῆσαι
998 2808 1056 3049 μέλλουσα,

915 1502 963 1719 πιθανῶς
910 1748 967 1838 ἤδη
924 1858 970 1910 τὸ
914 1931 971 2186 κεφάλαιον
929 2205 976 2407 ὑπέθετο
923 2429 976 2510 τῆς
922 2532 982 2818 φαρμάξεως.
941 2840 985 2939 ’Έδ
942 2953 969 2976 o
932 2990 985 3013 ξ
943 3028 970 3047 ε

834 1501 895 1604 γὰρ
850 1657 897 1722 ἂν
841 1763 896 2030 ἐνοχλεῖν
844 2072 904 2433 διηγουμένη
852 2473 889 2507 φ
851 2524 908 2755 ανερῶς.
869 2824 913 3046 Nimirum

777 1502 821 1763 emendasse
769 1786 825 2050 Euripidem
772 2082 814 2194 quae
788 2220 831 2365 minus
778 2390 832 2685 probarentur
784 2716 839 2934 opinatur.
