5010 3336
3875 2117 3930 2240 410

3727 1348 3790 1614 sapientem
3741 1672 3774 1875 uxorem
3738 1936 3787 2069 alere
3719 2128 3768 2333 eamque
3735 2380 3766 2406 a
3730 2457 3777 2708 consortio
3723 2770 3774 3017 hominum

3649 1346 3696 1488 quam
3647 1526 3711 1899 diligentissime
3657 1934 3690 2105 arcere
3641 2141 3702 2381 optimum
3652 2426 3684 2538 esse
3635 2568 3698 2820 ducerent,
3643 2856 3677 3019 mores

3568 1344 3630 1438 ipsi
3582 1474 3631 1776 Graecorum
3577 1827 3622 2084 testantur.
3575 2165 3623 2284 lnde
3573 2335 3605 2429 non
3555 2481 3613 2658 poetae
3550 2711 3611 3019 sententiam,

3504 1344 3551 1431 sed
3488 1468 3550 1765 opinionem,
3485 1803 3530 1927 quae
3482 1962 3543 2090 apud
3481 2125 3542 2321 vulgum
3475 2354 3540 2711 increbuisset,
3486 2758 3534 2852 hac
3467 2888 3532 3020 Hip-

3406 1338 3471 1496 polyti
3421 1531 3468 1746 oratione
3418 1781 3467 2021 redditam
3415 2077 3446 2187 esse
3395 2236 3461 2539 intelligitur.
3407 2610 3457 2820 Omnino
3403 2855 3446 3019 autem

3342 1338 3390 1604 tenendum
3341 1657 3381 1734 est
3340 1781 3386 1830 id
3333 1881 3383 2239 studiosissime
3331 2285 3371 2509 secutum
3328 2564 3361 2674 esse
3309 2711 3375 3018 Euripidem,

3262 1337 3306 1394 ut
3245 1426 3310 1558 vulgi
3245 1593 3309 1849 opiniones
3254 1899 3296 2189 recenseret
3252 2235 3295 2285 et
3233 2317 3299 2663 philosophiae
3229 2710 3279 3018 poeseosque

3181 1334 3231 1519 lumine
3178 1550 3229 1837 illustrando
3159 1875 3222 2163 corrigeret.

3100 1465 3148 1543 Ad
3098 1569 3149 1846 Phaedram
3092 1881 3144 2154 redeamus.
3090 2222 3141 2411 Fructu
3087 2438 3137 2663 laborum
3085 2695 3118 2750 se
3069 2774 3131 3015 privatam

3021 1335 3071 1468 videt
3005 1502 3069 1781 importuno
3016 1815 3064 2018 nutricis
3000 2054 3062 2239 officio,
3011 2278 3054 2329 et
3009 2364 3042 2475 cum
3004 2500 3054 2804 moriendum
2987 2840 3050 3014 utique

2942 1334 2989 1401 sit
2925 1436 2989 1833 infelicissimae„
2937 1887 2984 1982 iam
2934 2018 2967 2081 ne
2931 2114 2981 2321 honeste
2915 2356 2976 2555 quidem
2926 2591 2966 2640 et
2923 2675 2971 2781 sine
2921 2814 2971 3014 infamia

2862 1331 2909 1458 mori
2859 1493 2907 1625 licet.
2857 1693 2907 1826 Huic
2839 1862 2904 2012 igitur
2853 2046 2901 2175 malo
2848 2211 2900 2330 forti
2850 2365 2881 2421 ac
2833 2448 2891 2693 praesenti
2843 2721 2890 2881 animo
2842 2908 2874 3011 me-

2782 1330 2830 1537 dicinam
2765 1575 2821 1729 parat.
2776 1798 2823 1864 Et
2760 1896 2823 2108 primum
2758 2144 2819 2341 quidem
2756 2377 2815 2631 nutricem,
2749 2666 2809 2885 quamvis
2746 2903 2809 3011 pol-

2700 1327 2750 1535 liceatur
2700 1578 2731 1632 se
2696 1667 2745 1844 iisdem
2681 1880 2741 2101 artibus,
2676 2159 2739 2334 quibus
2674 2371 2736 2646 depravarit
2671 2680 2716 2810 rem,
2682 2861 2729 3009 etiam

2605 1328 2661 1634 sanaturum,
2614 1669 2665 1923 facessere
2613 1959 2661 2112 iubet.
2609 2180 2659 2370 Deinde
2591 2404 2640 2649 occupare
2587 2682 2652 3009 Hippolytum

2539 1328 2586 1581 constituit
2538 1627 2580 1678 et
2521 1724 2580 1861 quasi
2533 1905 2581 1967 de
2516 2014 2573 2185 stupro
2514 2236 2577 2344 ipsa
2529 2395 2575 2454 ab
2526 2502 2557 2561 eo
2509 2598 2571 2891 compellata
2510 2927 2569 3008 sit,

2444 1324 2507 1461 prins
2456 1486 2490 1736 accusare.
2437 1785 2502 2008 Denique
2451 2041 2493 2250 mortem
2449 2283 2496 2388 sine
2447 2410 2479 2547 mora
2446 2574 2493 2666 sibi
2441 2697 2489 3006 consciscen-

2379 1324 2427 1438 dam
2377 1476 2410 1588 esse
2357 1622 2423 1868 intelligit.
2370 1936 2420 2219 Videndum
2356 2257 2416 2379 iam,
2352 2418 2412 2664 quomodo
2349 2700 2410 2897 probari
2360 2932 2407 3008 vel

2299 1325 2341 1459 certe
2294 1495 2341 1719 excusari
2278 1755 2338 1927 possit,
2276 1964 2335 2094 quod
2286 2130 2336 2534 innocentissimo
2282 2556 2332 2858 adolescenti
2280 2882 2329 3008 falsa

2215 1322 2266 1658 criminatione
2210 1693 2259 1949 interitum
2196 1984 2250 2140 parat.
2207 2208 2255 2401 Amoris
2191 2436 2253 2638 iraeque
2202 2673 2251 2869 furores
2200 2887 2248 3004 vici-

2138 1320 2170 1410 nos
2135 1448 2168 1559 esse
2133 1594 2180 1712 satis
2131 1748 2172 1918 notum
2130 1956 2171 2032 est
2116 2066 2179 2146 ²⁸),
2114 2198 2160 2356 neque
2126 2393 2170 2557 tamen
2124 2592 2171 2715 haec
2120 2750 2167 3004 excusatio

2056 1322 2105 1525 suflicit.
2050 1612 2102 1933 Mulcaudum
2035 1980 2097 2386 superbissimum
2044 2434 2094 2800 adolescentem
2042 2848 2080 2897 et
2041 2941 2087 3001 ad

1974 1318 2025 1612 modestiam
1972 1640 2018 1967 revocandum
1970 1994 2001 2105 esse
1952 2128 2017 2454 (σωφρονεῖν
1948 2470 2014 2778 μαθήσεται,
1961 2804 1992 2845 v.
1946 2866 2007 3001 726.)

1897 1318 1930 1414 non
1896 1465 1942 1570 sine
1878 1616 1941 1857 probabili
1890 1908 1922 2080 caussa
1886 2123 1936 2350 Phaedra
1885 2399 1932 2490 sibi
1868 2544 1928 2841 persuadet:
1879 2895 1927 3002 iure

1817 1319 1864 1446 euim
1815 1480 1863 1597 huic
1812 1632 1859 1858 accidere
1810 1907 1857 2100 videtur
1791 2147 1854 2384 quidquid
1801 2433 1851 2683 acciderit.
1801 2753 1849 2853 Sed
1785 2890 1847 3000 quis

1727 1316 1769 1441 non,
1732 1494 1783 1761 ulciscendi
1716 1798 1778 2034 cupidus,
1727 2090 1774 2206 talia
1726 2241 1772 2335 sibi
1708 2372 1770 2642 persuadet
1722 2659 1769 2684 ‘3
1719 2753 1769 2998 Bonorum

1654 1320 1688 1567 summum
1652 1601 1700 1782 iudicio
1647 1820 1699 2077 Phaedrae
1646 2113 1687 2190 est
1644 2223 1691 2486 honestum
1654 2552 1662 2612 -

1559 1448 1623 1621 μόνον
1571 1656 1624 1710 δὲ
1568 1744 1618 1904 τοῦτό
1552 1940 1615 2066 ψαῦ’
1550 2103 1616 2421 ἁμιλλᾶσθαι
1546 2458 1612 2573 βίῳ,

1474 1443 1541 1663 γνώμην
1485 1701 1539 1913 δικαίαν
1467 1947 1535 2210 κάγαθήν,
1465 2250 1533 2351 ὅτῳ
1464 2386 1524 2531 παρῇ
1493 2563 1501 2624 -

1396 1313 1465 1380 (v.
1398 1415 1459 1575 426),
1408 1614 1455 1750 cuius
1391 1772 1454 1966 quidem
1402 1989 1450 2204 studium
1385 2232 1447 2448 separari
1400 2475 1432 2571 non
1385 2596 1444 2764 potest
1401 2784 1431 2810 a
1398 2835 1447 2996 studio

1331 1312 1380 1473 laudis
1317 1511 1377 1577 (v.
1313 1613 1376 1772 489.).
1324 1842 1374 2002 Huius
1321 2051 1368 2221 tuendi
1320 2271 1352 2442 caussa
1321 2474 1352 2571 non
1320 2608 1367 2765 solum
1318 2798 1367 2994 labores

1250 1313 1285 1532 summos
1236 1569 1295 1826 sustinuit,
1246 1877 1292 1966 sed
1242 2012 1289 2156 etiam
1241 2205 1288 2348 vitam
1225 2383 1289 2688 profundere
1239 2723 1286 2989 constituit.

1171 1313 1221 1502 Privari
1168 1549 1211 1709 autem
1167 1761 1214 1854 sibi
1161 1901 1211 2093 videtur
1161 2139 1208 2233 hoc
1149 2268 1207 2486 laborum
1144 2524 1206 2791 mortisque
1159 2825 1208 2992 fructu

1088 1311 1137 1595 temeritate
1084 1630 1135 1959 adolescentis
1079 1995 1128 2335 crudelissimi.
1082 2402 1129 2536 Fieri
1066 2570 1127 2716 igitur
1080 2750 1111 2843 non
1063 2878 1121 2990 pot-

999 1315 1052 1408 est,
1009 1446 1051 1502 ut
1007 1536 1055 1724 alienae
1004 1759 1052 1885 vitae
987 1919 1044 2105 parcat,
984 2144 1031 2267 quae
1000 2297 1032 2413 suae
1001 2432 1033 2528 non
984 2563 1046 2802 pepercit,
983 2842 1045 2989 siqui-

850 1305 854 1309 ·
821 1369 874 1418 ἧς)
831 1448 874 1685 Heliodori
828 1714 869 1853 verba.
814 1884 867 2020 (VIII.
812 2052 852 2095 p.
813 2126 868 2249 374.)
824 2288 866 2606 Valckenarius
825 2624 867 2666 in
821 2688 864 2988 testimonium

760 1451 801 1652 vocavit:
746 1685 806 1985 α’πελπισθεὶς
754 2015 799 2040 ὁ
739 2072 798 2181 ἔρως
741 2211 801 2430 οὐδεμίαν
740 2460 798 2549 ἔχει
740 2580 796 2725 φειδώ
749 2759 791 2841 τοῦ
736 2873 794 2986 ἐρω-

679 1451 734 1606 μένου.
