5010 3336
3857 3238 3893 3294 unt

1143 2140 1201 2257 335

1297 2746 1348 3018 mortalium
1293 2561 1340 2712 fatum
1292 2338 1354 2523 culpam
1288 1986 1336 2303 transferant:
1284 1811 1334 1937 unde
1285 1679 1343 1766 fit,
1289 1581 1333 1633 ut
1299 1382 1331 1550 omnes

1379 2854 1426 3018 miseri
1374 2400 1438 2819 philosophentur.
1369 2238 1415 2331 Hic
1372 2126 1414 2201 est
1366 1952 1428 2089 quasi
1364 1746 1411 1918 tertius
1364 1518 1425 1711 quidam
1379 1378 1426 1485 gra-

1459 2908 1511 3017 dus,
1456 2824 1501 2871 in
1468 2647 1515 2787 quem
1449 2313 1497 2611 vehementia
1446 2068 1501 2277 doloris,
1459 1924 1489 2031 cnm
1443 1708 1489 1889 saevire
1443 1501 1500 1671 desiit,
1442 1379 1489 1463 de-

1534 2780 1583 3016 scendere
1531 2606 1578 2745 solet.
1530 2371 1589 2537 ltaque
1524 2145 1581 2336 Medea,
1523 2030 1568 2108 ubi
1521 1710 1577 1994 mulierum,
1537 1557 1582 1673 quas
1523 1378 1568 1523 bene—

1615 2896 1661 3018 ficiis
1611 2694 1658 2861 affecit
1614 2610 1656 2659 et
1625 2551 1655 2577 a
1607 2348 1667 2517 quibus
1604 2217 1666 2319 ipsa
1602 1956 1663 2186 diligitur,
1600 1655 1645 1921 invitationi
1600 1376 1662 1628 obtempe-

1692 2882 1749 3018 ravit,
1689 2418 1753 2845 planeimmutata
1683 2147 1745 2382 planeque
1681 1948 1743 2113 dispar
1686 1836 1726 1913 est
1679 1732 1734 1802 ei,
1693 1556 1738 1697 quam
1679 1375 1724 1519 modo

1771 2737 1817 3017 clamantem
1766 2215 1823 2679 tumultuantemque
1760 1864 1806 2161 audivimus:
1772 1714 1803 1806 non
1754 1374 1816 1647 furibunda,

1850 2931 1897 3018 sed
1848 2567 1902 2893 considerata,
1842 2328 1899 2520 callida,
1840 2027 1887 2276 insidiosa.
1837 1837 1883 1945 Hoc
1836 1630 1882 1787 statim
1836 1372 1882 1585 oratione

1928 2804 1976 3018 ostendit
1923 2471 1973 2776 callidissima
1929 2387 1968 2435 et
1920 2296 1966 2354 ad
1916 1914 1966 2261 conciliandum
1915 1635 1961 1886 mulierum
1914 1374 1973 1607 favorem,

2023 2816 2070 3017 quarum
2019 2542 2051 2780 consensu
2017 2436 2059 2506 ea,
2016 2276 2062 2397 quae
2004 2095 2062 2247 parat,
2001 1773 2042 2057 exsecutura
1999 1653 2048 1744 est,
1994 1372 2055 1617 aptissime

2084 2739 2148 3018 composita.
2082 2456 2128 2670 Primum
2080 2294 2126 2419 enim
2093 2072 2124 2258 comem
2091 1964 2131 2035 se,
2074 1739 2120 1931 facilem
2072 1371 2133 1708 affabilemque

2180 2908 2213 3019 esse
2163 2636 2220 2875 ostendit,
2160 2400 2207 2599 alienam
2160 2306 2206 2364 ab
2156 1984 2203 2270 austeritate
2162 1901 2200 1951 et
2153 1590 2199 1868 morositate
2167 1371 2210 1556 eorum,

2243 2906 2307 3017 qui,
2258 2725 2304 2871 quum
2242 2566 2288 2690 inter
2239 2252 2302 2534 peregrinos
2240 1939 2291 2217 versentur,
2232 1493 2279 1901 conversationem
2246 1370 2293 1458 po-

2323 2781 2386 3019 pularium
2325 2685 2368 2734 et
2319 2236 2367 2635 consuetudinem
2316 2037 2362 2189 vitent
2310 1937 2373 2005 *).
2311 1658 2357 1846 Deinde
2310 1372 2369 1609 iniuriam,

2418 2926 2464 3018 qua
2401 2715 2448 2891 affecta
2402 2590 2455 2681 est,
2398 2484 2444 2554 sic
2397 2127 2458 2447 conqueritur,
2399 2037 2439 2091 ut
2406 1704 2438 2003 communem
2389 1370 2436 1662 feminarum

2485 2834 2528 3016 sortem
2477 2453 2541 2797 deplorandam
2492 2296 2523 2405 esse
2474 2010 2521 2249 ostendat.
2471 1814 2517 1941 Tum
2470 1603 2515 1780 iniuste
2468 1370 2516 1569 tractari

2566 2934 2607 3017 aut
2558 2735 2622 2898 sperni
2574 2664 2604 2690 a
2556 2444 2603 2617 marito
2571 2286 2601 2393 cum
2553 2018 2600 2237 omnibus
2551 1919 2596 1982 ait
2550 1657 2595 1887 miserum
2552 1368 2609 1625 morteque

2640 2880 2702 3017 peius
2653 2718 2694 2843 esse,
2641 2583 2683 2682 tum
2635 2439 2692 2545 sibi,
2635 2235 2697 2403 patria,
2632 2022 2688 2198 domo,
2629 1708 2692 1984 parentibus
2628 1368 2688 1681 cognatisque

2718 2775 2781 3018 privatae,
2716 2670 2762 2730 ad
2730 2516 2776 2635 quos
2715 2344 2775 2479 quasi
2713 2264 2759 2311 in
2717 2038 2773 2228 portum
2707 1730 2771 2002 perfugiat,
2708 1370 2769 1695 desperatum.

2798 2857 2859 3017 Rogat
2796 2678 2858 2826 igitur
2795 2402 2851 2630 chorum,
2798 2277 2849 2356 ut,
2790 2190 2837 2231 si
2788 2065 2850 2145 qui
2787 1875 2833 2013 dolus
2786 1735 2831 1826 sibi
2786 1482 2831 1701 inventus
2785 1369 2844 1447 sit,

2891 2922 2940 3016 quo
2882 2839 2922 2886 et
2874 2582 2920 2806 maritum
2880 2498 2919 2545 et
2872 2227 2919 2463 aemulam
2873 2144 2915 2192 et
2874 1924 2929 2109 patrem
2866 1786 2911 1888 eius
2865 1476 2923 1751 ulciscatur,
2869 1369 2911 1441 ta-

2955 2862 3003 3016 cendo
2968 2662 2999 2828 secum
2951 2368 3013 2625 conspiret.
2949 2178 2996 2299 Nam
2933 1930 2994 2141 crudelia
2960 1841 2991 1893 se
2943 1650 2991 1807 moliri
2958 1521 2989 1615 non
2958 1367 2990 1479 esse

3032 2724 3083 3018 mirandum:
3031 2511 3078 2686 etenim
3029 2219 3086 2476 mulieres,
3043 2062 3074 2171 cum
3025 1932 3071 2027 sint
3024 1689 3086 1899 alioquin
3022 1458 3070 1655 timidae
3038 1367 3069 1423 ac

3111 2649 3167 3018 formidolosae,
3114 2412 3172 2603 spretas
3124 2339 3153 2366 a
3106 2019 3169 2303 coniugibus
3119 1931 3150 1984 ac
3104 1603 3165 1897 postpositas
3101 1365 3149 1567 aemulis

3192 2955 3239 3015 ad
3190 2582 3239 2919 crudelitatem
3187 2147 3250 2548 propensissimas
3199 1987 3231 2110 esse.
3183 1711 3238 1917 Chorus,
3197 1551 3245 1673 quae
3188 1450 3229 1525 est
3181 1367 3228 1424 il-

3272 2923 3319 3014 lius
3268 2706 3317 2887 saeculi
3267 2372 3330 2673 ingenuitas,
3280 2169 3326 2326 neque
3264 2042 3310 2137 hoc
3278 1834 3310 1998 verum
3276 1678 3307 1787 esse
3266 1463 3325 1631 negat,
3264 1366 3308 1416 et

3469 2911 3522 2959 ἦε)
3466 2720 3507 2881 Ennius
3463 2624 3504 2701 etsi
3474 2374 3515 2603 perperam
3458 2131 3511 2351 Euripidis
3458 1969 3498 2106 verba
3456 1715 3507 1941 intellexit,
3459 1546 3496 1691 tamen
3456 1367 3495 1522 docere

3549 2798 3576 2876 nos
3538 2613 3587 2767 potest,
3545 2501 3571 2581 non
3530 2386 3580 2469 sie,
3536 2308 3569 2353 ut
3543 2170 3567 2278 nnnc
3528 1872 3574 2139 scrilmntur,
3525 1609 3579 1839 antiquitus
3525 1502 3566 1579 illa
3525 1367 3566 1473 scri-

3610 2806 3660 2881 pta
3604 2631 3645 2778 fuisse.
3603 2476 3641 2573 Hoc
3600 2313 3654 2447 igitur
3600 2175 3638 2281 duce
3600 2035 3637 2145 haec
3598 1759 3649 2006 reponenda
3610 1635 3635 1728 csse
3610 1424 3637 1605 censeo:

3694 2388 3699 2439 -
3666 2224 3709 2328 οἷὸα
3665 2114 3723 2196 γὰρ
3666 1892 3714 2083 πολλοὺς
3667 1689 3721 1863 βροτῶν

3739 2578 3796 2766 σεμνοὺς
3740 2355 3794 2549 γεγῶτας
3737 2219 3786 2324 τούς
3754 2145 3780 2190 τε
3734 1896 3790 2113 δωμάτων
3734 1775 3778 1864 ἄπο

3812 2668 3860 2772 τούς
3807 2603 3852 2638 τ’
3810 2526 3852 2572 ἐν
3810 2261 3864 2495 θυραίοις·
3808 2187 3849 2228 οὶ
3804 2117 3849 2156 δ’
3804 2008 3859 2087 (ἐφ’
3802 1812 3860 1976 ἡσύχου
3803 1637 3855 1779 ποδὸς

3881 2533 3930 2765 (Signiam
3878 2263 3933 2503 ἐκτήσαντο
3877 2159 3918 2232 καὶ
3877 1884 3933 2128 ῥᾳθυμίαν.

3949 2922 3951 2924 ’
3953 2720 3993 2875 Verte:
3952 2590 3991 2679 scio
3952 2393 3991 2551 multos
3948 2160 3988 2358 homines
3948 1901 4000 2131 superbiae
3946 1601 3987 1871 insimulatos
3957 1478 3985 1569 esse
3942 1371 3997 1450 (cf.

4021 2739 4074 2872 Hipp.
4019 2602 4072 2708 93),
4020 2502 4073 2572 qui
4021 2320 4073 2471 procul
4032 2265 4058 2291 a
4019 2109 4057 2235 domo
4022 2037 4058 2077 et
4017 1900 4057 2008 inter
4016 1622 4071 1875 peregrinos
4027 1368 4055 1596 versaren-

4095 2780 4144 2871 tur,
4094 2605 4143 2732 atque
4091 2478 4129 2561 hos
4105 2396 4130 2447 ex
4088 2216 4129 2367 inertia
4088 2046 4140 2181 (quod
4087 1898 4127 2015 domi
4102 1822 4127 1869 se
4091 1603 4126 1794 tenentes
4099 1479 4124 1573 cum
4096 1371 4136 1450 po-

4161 2646 4212 2871 pularibus
4160 2352 4201 2600 conversari
4158 2133 4211 2315 nollent)
4156 1875 4199 2103 infamiam
4156 1766 4198 1847 sibi
4160 1694 4197 1736 et
4152 1370 4209 1665 negligentiae

4230 2709 4271 2871 crimen
4230 2445 4284 2680 peperisse.
