5010 3336
3739 1323 3774 1434 esse
3738 1470 3787 1693 morbum
3737 1728 3786 2006 censuisse:
3735 2060 3783 2240 nullam
3734 2285 3783 2413 enim
3732 2462 3782 2611 fidem
3730 2649 3763 2760 esse
3712 2793 3777 3000 linguae,

3644 1322 3692 1448 quae
3659 1482 3708 1638 aliena
3643 1676 3707 1875 quidem
3657 1911 3704 2026 vitia
3640 2061 3702 2247 optime
3638 2282 3686 2505 arguere,
3636 2541 3699 2754 propriis
3649 2775 3681 2869 non
3645 2896 3679 3000 me-

3568 1319 3629 1510 delam,
3579 1546 3626 1634 sed
3576 1682 3625 2015 accessionem
3558 2051 3606 2228 parare
3574 2273 3623 2447 soleat.
3571 2529 3621 2808 Curandum
3553 2855 3615 3003 igitur

3489 1319 3533 1448 esse,
3500 1485 3543 1539 ut
3484 1573 3542 1772 pateant
3484 1805 3545 2036 honesta,
3494 2074 3542 2293 celentur
3479 2328 3540 2504 turpia.
3491 2575 3541 2761 Deinde
3489 2798 3521 2851 se
3472 2887 3519 2999 per-

3420 1316 3469 1647 turbationem
3418 1684 3466 1828 animi
3414 1863 3463 2180 meditatione
3414 2216 3456 2265 et
3399 2300 3459 2627 temperantia
3409 2663 3458 2859 vincere
3406 2896 3449 3000 stu-

3337 1315 3389 1501 duisse.
3323 1572 3388 1806 Denique,
3321 1842 3379 2097 postquam
3334 2136 3382 2210 his
3335 2248 3381 2365 nihil
3318 2401 3380 2687 profecerit,
3330 2723 3376 2849 mori
3327 2884 3359 3000 con—

3257 1314 3309 1553 stituisse.
3258 1624 3306 1766 Stare
3255 1814 3303 2137 sententiam:
3238 2195 3297 2392 turpem
3252 2454 3299 2581 enim
3235 2630 3282 2719 per
3250 2768 3282 2823 se
3247 2871 3297 3000 hunc

3180 1313 3228 1539 morbum
3178 1587 3211 1698 esse
3178 1745 3219 1794 et
3177 1849 3223 2082 uxoribus
3174 2129 3221 2308 merito
3173 2351 3220 2561 maxime
3157 2609 3219 2870 infamem,
3169 2919 3216 3000 di-

3085 1312 3133 1555 gnamque
3085 1581 3147 1753 fuisse,
3082 1793 3128 1914 quae
3095 1944 3143 2218 miserrime
3079 2237 3141 2439 periret,
3075 2479 3123 2798 quaecunque
3087 2817 3137 2998 femina

3020 1310 3068 1488 nobilis
3003 1536 3066 1696 prima
3003 1741 3064 1932 polluto
3018 1982 3060 2089 toro
2998 2137 3062 2394 coniugiali
3012 2453 3062 2654 foedum
2994 2716 3056 2994 exemplum

2924 1311 2987 1628 proposuerit
2934 1662 2986 2027 humilioribus.
2934 2098 2982 2249 Malle
2934 2302 2965 2354 se
2919 2389 2980 2581 perire,
2917 2634 2964 2776 quam
2912 2824 2975 2997 flagitii

2862 1311 2909 1404 sibi
2860 1440 2908 1685 consciam
2843 1721 2900 1959 perpetuo
2855 1996 2888 2058 ne
2840 2094 2897 2322 arguatur
2854 2357 2901 2533 timere
2853 2570 2894 2621 et
2849 2672 2897 2899 maritum
2848 2936 2895 2996 li-

2766 1310 2830 1554 berosque
2778 1603 2826 1933 dedecorare:
2775 1992 2822 2237 debilitari
2775 2286 2821 2411 enim
2774 2466 2820 2676 animum
2768 2727 2819 2993 liberorum

2684 1307 2750 1625 imminuique
2681 1692 2745 2042 ingenuitatem
2694 2110 2742 2407 conscientia
2693 2471 2739 2677 materni
2677 2740 2735 2994 paternive

2606 1307 2671 1497 flagitii.
2660 1617 2663 1621 ”

2540 1439 2588 1578 Haec
2525 1625 2586 1928 rectissime,
2524 1981 2582 2267 verissime,
2519 2327 2582 2693 sapientissime
2514 2752 2580 2993 planeque

2445 1306 2510 1714 philosophorum
2440 1764 2503 2041 praeceptis
2455 2100 2501 2445 convenienter
2439 2505 2502 2755 disputata
2435 2817 2496 2993 probat

2379 1307 2429 1596 scholiastes
2379 1632 2426 1708 his
2377 1735 2424 1925 verbis:
2365 1964 2423 2207 πιθανῶς
2374 2235 2425 2291 δὲ
2374 2318 2424 2406 καὶ
2373 2430 2427 2488 τὸ
2358 2512 2424 2681 ἠρέμα
2356 2706 2418 2990 νοσηλευο-

2284 1303 2352 1471 μένην
2282 1502 2349 1668 αύτὴν
2282 1688 2349 2040 ἐνθυμεῖσθαι
2292 2059 2338 2278 τοιαῦτα
2315 2295 2325 2305 ·
2293 2342 2342 2455 τότε
2277 2479 2342 2578 γὰρ
2275 2601 2339 2991 γνωμικώτεροι

2203 1302 2268 1581 γινόμεθα,
2199 1606 2263 1699 τῆς
2202 1725 2265 1934 φύσεως
2197 1954 2263 2087 ἡμᾶς
2212 2104 2262 2191 διὰ
2211 2210 2257 2306 τοῦ
2201 2326 2261 2539 πάθους
2192 2559 2264 2988 ἐκπαιδευούσης.

2123 1304 2187 1479 Neque
2122 1515 2183 1761 quomodo
2119 1798 2181 2094 reprehendi
2118 2129 2178 2319 possint
2123 2349 2179 2520 video,
2131 2574 2177 2663 nisi
2114 2713 2176 2819 quis
2128 2855 2175 2988 forte

2058 1301 2107 1590 incredibile
2057 1626 2088 1738 esse
2056 1774 2102 1920 ducat
2055 1964 2096 2171 mortem
2038 2218 2100 2506 turpitudini
2053 2560 2099 2617 ab
2050 2668 2097 2765 ulla
2049 2802 2096 2987 femina

1980 1303 2022 1494 amante
1963 1528 2037 1776 anteponi.
1975 1849 2024 1998 Certe
1960 2035 2015 2241 possunt
1962 2278 2020 2477 eadem,
1958 2526 2004 2651 quae
1970 2702 2017 2793 viri
1969 2839 2015 2986 otiosi

1883 1302 1947 1660 excogitarunt,
1898 1698 1929 1723 a
1885 1758 1945 1959 femina,
1880 1999 1927 2142 quam
1894 2167 1941 2306 dolor
1874 2334 1933 2516 pungat
1874 2543 1922 2702 neque
1876 2729 1936 2984 quiescere

1809 1300 1868 1452 sinat,
1818 1489 1867 1723 inveniri:
1817 1773 1864 2094 calliditatem
1814 2146 1861 2273 enim
1811 2311 1858 2456 affert
1801 2491 1858 2808 sollicitudo,
1810 2859 1856 2983 mul-

1725 1299 1782 1445 taque
1739 1481 1786 1644 animo
1738 1679 1785 1928 volventes
1736 1963 1779 2154 tentare
1732 2191 1779 2353 omnia
1714 2390 1777 2524 prius
1730 2562 1777 2721 solent
1716 2743 1777 2982 homines,

1645 1300 1692 1443 quam
1658 1481 1701 1703 extrema
1656 1739 1703 1902 subire
1654 1938 1703 2249 constituant.

1580 1429 1628 1538 Non
1576 1575 1625 1807 debuisse
1577 1844 1625 2120 Phaedram
1574 2158 1620 2333 nutrici
1556 2379 1619 2675 supplicanti
1554 2718 1617 2981 gratificari

1500 1297 1548 1462 statim
1482 1497 1547 1800 intelligitur.
1496 1869 1544 2007 Haec
1495 2043 1542 2169 enim
1481 2208 1540 2405 mulier,
1491 2463 1522 2573 cum
1491 2623 1538 2787 vivere
1491 2823 1536 2979 domi-

1419 1294 1452 1406 nam
1420 1442 1452 1579 more
1418 1612 1464 1855 nutricum
1401 1892 1462 2103 primum
1414 2140 1447 2253 esse
1413 2290 1461 2436 ducat
1396 2470 1443 2631 neque
1411 2683 1458 2793 fieri
1396 2831 1442 2979 posse

1332 1296 1388 1496 credat,
1328 1530 1382 1615 ut,
1337 1652 1385 1894 moriente
1323 1927 1383 2037 illa,
1320 2072 1381 2179 ipsa
1318 2215 1376 2463 superstes
1320 2501 1379 2588 sit,
1331 2637 1363 2833 servare
1331 2868 1363 2977 eam

1261 1295 1307 1428 omni
1247 1455 1307 1660 ratione,
1258 1688 1304 1832 etiam
1243 1861 1304 2077 invitam,
1253 2116 1301 2379 constituit.
1252 2449 1302 2646 Tribnit
1252 2670 1294 2829 autem
1252 2860 1300 2976 huic

1165 1293 1213 1487 quoque
1164 1535 1220 1686 poeta
1160 1731 1225 2114 disputationem
1173 2164 1220 2282 satis
1173 2339 1221 2570 subtilem
1157 2619 1214 2763 atque
1158 2811 1220 2972 philo-

1086 1294 1149 1578 sophicam,
1099 1629 1145 1765 cuius
1096 1818 1128 2005 summa
1094 2050 1141 2174 haec
1082 2212 1134 2314 est,
1094 2364 1125 2459 non
1092 2509 1140 2691 debere
1078 2725 1139 2972 mortaleS,

1007 1293 1067 1519 quoniam
1004 1555 1052 1713 neque
1002 1749 1064 2023 perfectam
997 2075 1060 2359 sapientiam
997 2407 1059 2601 assequi
997 2650 1044 2809 neque
1011 2844 1059 2970 vitiis

940 1292 989 1517 omnibus
940 1552 987 1691 liberi
937 1727 969 1839 esse
922 1877 982 2093 possint,
934 2127 980 2323 nimiam
933 2359 965 2547 morum
932 2585 979 2858 castitatem
932 2894 979 2969 af-

848 1292 909 1510 fectare,
859 1562 907 1649 sed
856 1698 903 1941 sustinere
855 1987 886 2041 se
854 2077 902 2308 obnoxios
854 2346 885 2457 esse
852 2493 898 2669 mentis
836 2706 899 2967 perturba-

779 1292 829 1507 tionibus
767 1542 826 1630 iis,
762 1680 809 1804 quae
776 1840 823 1934 nisi
775 1970 806 2081 cum
774 2126 821 2223 vita
756 2273 821 2451 deponi
756 2495 814 2762 nequeant3
756 2808 803 2968 neque

683 1295 749 1579 cuiusquam
697 1614 741 1714 tam
680 1751 727 1923 puram
677 1958 741 2363 innocentemque
690 2409 724 2521 esse
676 2555 738 2730 vitam,
689 2780 733 2836 ut
690 2870 723 2966 non
