5010 3336
1734 3162 1766 3166 ΛΠ
1787 3162 1868 3169 ..ug-,v

991 2040 1048 2158 245

1149 2535 1214 2928 άνατραφῆναι·
1141 2357 1194 2485 ἔνιοι
1136 2151 1191 2323 δὲκαὶ
1144 1954 1199 2117 φασιν
1128 1748 1181 1908 αὐτὸν
1124 1567 1179 1701 εἶναι
1126 1280 1192 1521 παῖδα*).

1232 2855 1280 2925 De
1231 2643 1295 2821 pedum
1233 2415 1275 2607 tumore
1222 2224 1270 2380 idem:
1215 2132 1266 2185 οῖ
1213 2045 1264 2101 δὲ
1213 1909 1263 2010 άπὸ
1212 1770 1261 1876 τῶν
1210 1420 1274 1736 σπαργάνων
1224 1277 1271 1385 φα-

1310 2840 1360 2925 σὶν
1308 2628 1359 2789 αὐτὸν
1300 2278 1370 2584 έξῳδηκέναι
1294 2168 1346 2232 ἐκ
1292 1686 1355 2122 ταύτομάτου
1287 1568 1339 1638 τὼ
1288 1395 1338 1535 πόδε.
1287 1275 1334 1327 ln

1391 2725 1452 2926 reliquis
1388 2483 1450 2705 Hyginus
1385 2398 1431 2456 ab
1378 2138 1440 2373 Euripide
1375 1848 1422 2115 recessisse
1372 1434 1435 1823 Sophoclemque
1383 1274 1415 1412 secu·

1475 2846 1517 2925 tus
1485 2700 1515 2810 esse
1466 2461 1513 2667 videtur.
1460 2260 1507 2394 lilius
1460 2061 1503 2224 autem
1453 1822 1516 2025 vestigia
1452 1740 1497 1787 in
1450 1586 1496 1723 hisce
1448 1272 1496 1558 scholiasta-

1564 2817 1594 2923 rum
1547 2654 1594 2783 notis
1539 2251 1605 2619 deprehendere
1534 2102 1581 2218 mibi
1533 1865 1579 2057 videor:
1530 1755 1576 1816 ad
1544 1677 1574 1719 v.
1532 1542 1575 1631 33:
1522 1366 1575 1496 ἔνιοι
1522 1269 1573 1323 δέ

1636 2758 1690 2924 φασιν
1622 2655 1680 2725 εἰς
1619 2376 1670 2619 Πυθῶνα
1610 2030 1679 2341 ἐληλυθέναι
1610 1907 1660 1999 τὸν
1605 1587 1665 1863 Οἰδίποδα,
1603 1440 1654 1550 ἵνα
1621 1270 1666 1406 τρο-

1707 2765 1769 2923 φεῖα
1698 2501 1766 2724 άποδῷ
1701 2371 1760 2453 τῷ
1689 1956 1745 2336 Ἀπόλλωνι.
1688 1617 1750 1875 Nunquam
1687 1447 1733 1570 enim
1688 1266 1731 1409 autea

1786 2675 1833 2924 dubitasse
1780 2369 1842 2640 Oedipum,
1775 2202 1839 2319 quin
1791 2106 1822 2168 ex
1772 1890 1833 2073 Polybo
1784 1798 1815 1854 ac
1766 1525 1814 1762 Periboea
1780 1268 1827 1493 procrea—

1870 2844 1912 2922 tus
1867 2658 1917 2807 esset,
1847 2282 1935 2623 neqw'mlam
1855 2201 1902 2247 ei
1853 1831 1917 2157 suspicionem
1846 1560 1894 1795 sodalium
1843 1268 1905 1523 exprobra-

1943 2785 1990 2922 tione
1941 2523 1987 2752 iniectam
1935 2332 1984 2489 fuisse
1949 2073 1981 2278 necesse
1935 1927 1978 2020 est.
1928 1610 1975 1843 Caussam
1923 1414 1970 1575 caedis
1935 1266 1967 1379 eanu

2022 2808 2069 2922 dem
2018 2511 2082 2774 Euripides
2017 2417 2063 2465 in
2014 2189 2078 2381 Oedipo
2016 2007 2074 2151 atque
2009 1922 2056 1973 in
2005 1603 2055 1888 Phoenissis
2003 1371 2048 1570 finxisse
1999 1262 2046 1337 vi-

2099 2748 2148 2923 detur:
2098 2652 2145 2712 ad
2112 2472 2160 2616 quem
2095 2278 2142 2438 locum
2094 2121 2140 2245 haec
2093 1924 2138 2088 notata
2088 1842 2135 1892 in
2084 1712 2133 1819 cod.
2082 1583 2129 1676 Gu.
2080 1262 2128 1555 invenimus:

2175 2697 2239 2921 λαβὼν
2168 2495 2233 2654 τοὺς
2170 2191 2230 2447 ἵππους
2168 1900 2234 2135 ἀπῆλθεν
2163 1781 2223 1849 εἷς
2160 1450 2225 1725 Κόρινθον
2155 1260 2221 1400 παρὰ

2257 2670 2322 2917 Πολύβῳ,
2253 2474 2305 2634 εἰπὼν
2250 2276 2303 2439 οὕτω·

2330 2174 2395 2474 Πόλνβε,
2325 1761 2393 2140 θρεπτήρια
2326 1522 2372 1727 ταῦτα

2415 2542 2474 2787 ἵππους
2431 2408 2463 2509 τοι
2412 2163 2471 2372 δώσω,
2404 1832 2470 2124 δυςμενέων
2401 1586 2459 1787 ἐλάσας,

2496 2846 2556 2916 ὥς
2506 2635 2561 2798 φησιν
2489 2262 2556 2580 Ἀντίμαχος.
2485 1871 2550 2182 Καθαρθεὶς
2482 1770 2534 1825 δὲ
2482 1556 2533 1715 ἐκεῖσε
2470 1352 2534 1507 αὖθις
2475 1260 2524 1318 ά-

2579 2748 2644 2916 πῆλθε
2574 2573 2639 2714 παρὰ
2574 2447 2623 2540 τὸν
2572 2163 2629 2409 Πύθιον,
2566 2019 2619 2107 καὶ
2565 1808 2629 1986 λαβὼν
2558 1516 2628 1776 χρησμὸν,
2555 1386 2606 1466 ὅτι
2553 1257 2605 1337 ἐπὶ

2660 2730 2722 2915 φθορᾷ
2654 2582 2706 2670 καὶ
2650 2233 2703 2529 συνελεύσει
2648 1983 2713 2176 μητρὸς
2644 1745 2709 1927 έτέχθη
2681 1712 2705 1727 ,
2640 1510 2704 1643 ἔγνω
2636 1256 2700 1447 φυγεῖν

2731 2789 2796 2917 τοὺς
2735 2572 2802 2738 δῆθεν
2733 2232 2789 2523 δοκοῦντας
2729 2036 2792 2175 αὐτῷ
2724 1767 2788 1991 πατέρας
2720 1632 2772 1719 καὶ
2714 1258 2780 1588 καταλαμβά-

2834 2837 2868 2915 νει
2816 2599 2882 2777 Θήβας
2815 2452 2864 2556 κτλ.
2813 2208 2860 2372 Paene
2811 1991 2857 2161 eadem
2810 1888 2856 1945 ab
2805 1730 2852 1824 alio
2800 1467 2864 1672 quodam
2811 1255 2860 1416 gram—

2899 2734 2947 2915 matico
2899 2629 2944 2677 in
2896 2409 2944 2583 eodem
2892 2192 2939 2359 codice
2890 1952 2952 2133 scripta
2890 1769 2933 1905 sunt:
2879 1588 2930 1702 τότε
2869 1443 2927 1542 οὖν
2870 1253 2923 1394 Οἰδί-

2993 2749 3038 2914 πους,
2968 2569 3034 2719 τοὺς
2975 2411 3023 2528 τοῦ
2969 2161 3020 2376 Λαΐου
2966 1887 3023 2130 ἵππους
2961 1633 3027 1856 λαβὼν
2956 1488 3010 1595 καὶ
2955 1253 3006 1463 πάντα

3057 2836 3107 2912 τὰ
3056 2551 3115 2801 αὐτοῦ,
3049 2132 3113 2515 καταλαμβάνει
3046 2003 3112 2098 τὴν
3044 1665 3109 1966 Κόρινθον,
3036 1533 3090 1618 καὶ
3027 1250 3093 1486 διδοὺς

3140 2706 3187 2911 ταῦτα
3136 2443 3184 2661 πάντα
3129 2120 3193 2405 Πολύβῳ
3124 1799 3190 2086 τροφάς,
3119 1560 3173 1762 ἐκεῖθεν
3115 1251 3181 1525 ἀναχωρεῖ,

3218 2816 3267 2910 τὸν
3214 2667 3280 2784 περὶ
3217 2544 3279 2633 τῆς
3209 2126 3273 2509 πατροκτονίας
3205 1887 3270 2088 καὶτῆς
3210 1798 3269 1861 τῇ
3198 1620 3266 1773 μητρὶ
3194 1250 3251 1596 συνελεύσεως

3296 2676 3363 2909 χρησμὸν
3292 2416 3350 2625 δεδιώς·
3291 2193 3354 2353 ᾤετο
3285 2021 3351 2142 γὰρ
3281 1664 3345 1959 πατέρας
3279 1394 3329 1601 αὐτοῦ
3277 1250 3337 1333 τῷ

3380 2758 3429 2907 ὄντι
3374 2405 3437 2722 Πόλυβον
3367 2260 3421 2371 καὶ
3366 2110 3431 2227 τὴν
3364 1804 3416 2074 ἐκείνου
3361 1471 3427 1771 γυναῖκα
3348 1248 3404 1424 εἶναι

3462 2803 3509 2908 κτλ.
3470 2768 3473 2769 ’
3458 2549 3518 2734 Quibus
3455 2388 3501 2512 adde
3456 2192 3499 2353 notam
3448 2096 3495 2157 ad
3463 2018 3497 2062 v.
3446 1901 3495 1980 44.
3445 1607 3508 1863 scriptam:
3435 1447 3502 1571 μετὰ
3437 1248 3484 1413 ταῦτα

3539 2801 3589 2907 τῶν
3535 2548 3586 2765 ἵππων
3531 2231 3594 2512 άφανῶν
3522 1792 3592 2198 γενομένων,
3519 1503 3586 1759 λῃστῶν
3514 1247 3565 1467 ἐδόκει

3636 2874 3669 2904 τ
3611 2786 3667 2859 οὗ
3635 2741 3681 2769 ρ
3635 2693 3681 2725 γ
3633 2652 3665 2679 ο
3633 2603 3664 2635 ν
3632 2538 3678 2570 y
3631 2502 3662 2523 ε
3631 2457 3676 2488 γ
3630 2414 3661 2441 ο
3629 2364 3661 2395 ν
3610 2328 3659 2349 έ
3628 2282 3659 2313 ν
3628 2235 3657 2266 α
3627 2187 3656 2219 ι.
3608 2069 3654 2133 Et
3606 1877 3669 2040 paullo
3609 1710 3668 1847 post:
3593 1344 3660 1673 ὑποστρέψας
3592 1246 3651 1317 εἰς

3700 2626 3763 2902 Κόρινθον
3693 2478 3759 2603 μετὰ
3693 2344 3741 2451 τῶν
3689 2144 3739 2317 ἵππων
3685 1932 3744 2117 Λαΐου,
3681 1811 3733 1898 καὶ
3677 1501 3743 1788 καθαρθεὶς
3676 1372 3725 1465 τὸν
3672 1247 3738 1344 φό-

3798 2790 3841 2904 νον,
3777 2599 3827 2756 πάλιν
3814 2562 3827 2574 .
3812 2507 3824 2542 ..
3772 2263 3836 2485 ἐπανῆκε
3768 2109 3831 2239 πρὸς
3766 1993 3815 2084 τὸν
3763 1817 3813 1972 θεόν·
3760 1602 3825 1780 λαβὼν
3756 1521 3809 1576 δὲ
3751 1248 3821 1495 χρησμὸν,

3859 2822 3909 2902 ὅτι
3856 2705 3909 2788 ἐπὶ
3857 2486 3921 2669 φθορᾷ
3857 2356 3902 2453 τοῦ
3846 2126 3913 2320 πατρὸς
3844 1911 3910 2091 ἐτέχθη
3843 1789 3895 1876 καὶ
3838 1498 3906 1756 συνουσίᾳ
3840 1373 3902 1466 τῆς
3852 1246 3898 1341 μη·

3939 2780 4003 2900 τρός
3977 2752 3999 2766 ,
3935 2513 4002 2699 διέγνω
3933 2199 3997 2475 Κόρινθον
3930 1964 3993 2152 φυγεῖν
3965 1937 3990 1951 ,
3943 1858 3975 1885 τ
3924 1814 3991 1845 ὴ
3942 1768 3974 1800 ν
3942 1686 3974 1717 ν
3940 1641 3973 1670 ο
3941 1588 3987 1624 μ
3940 1557 3969 1574 ι
3920 1471 3980 1540 ζο
3913 1338 3981 1456 μέν
3933 1292 3978 1323 η
3932 1244 3963 1276 ν

4104 2788 4158 2837 ὦ)
4103 2692 4143 2757 Ad
4118 2620 4144 2661 v.
4101 2511 4143 2592 28:
4099 2353 4149 2470 τινὶ-ς
4100 2244 4148 2307 έίς
4096 2001 4152 2202 λάρνακα
4089 1732 4149 1958 βληθέντα
4088 1618 4131 1695 καὶ
4087 1516 4135 1579 εἰς
4082 1243 4127 1480 θάλασσαν

4170 2567 4228 2756 ῥιφέντα
4168 2459 4215 2540 τὸν
4171 2284 4214 2429 παῖδα
4164 1856 4226 2255 προςπελασθῆναι
4162 1762 4218 1828 τῇ
4157 1465 4215 1732 Κορίνθῳ
4152 1310 4208 1436 φασί.
