5010 3336
1104 2102 1160 2222 313

1257 3259 1326 3312 ’χἯ
1262 2834 1309 2990 iorum
1257 2568 1322 2786 ipsorum
1253 2295 1318 2520 sepulcra
1254 2202 1298 2252 et
1247 1856 1297 2156 sanctissima
1244 1609 1293 1810 delubra
1242 1340 1302 1577 habebat;

1343 2738 1389 2989 vastarunt
1353 2563 1401 2705 agros
1334 2360 1398 2527 populi
1331 2192 1388 2325 eius,
1328 2064 1390 2145 qui
1327 1835 1390 2020 primus
1331 1538 1372 1783 auctorem
1323 1334 1385 1489 gentis

1422 2772 1484 2988 ipsorum
1417 2562 1464 2735 divinis
1412 2264 1461 2527 bonoribus
1407 1991 1454 2228 affecerat
1411 1895 1452 1947 et
1404 1715 1451 1846 solus
1401 1394 1450 1669 Heraclidis
1417 1331 1448 1359 a

1539 3158 1557 3160 i
1506 2813 1547 2985 cuncta
1497 2577 1543 2779 Graecia
1490 2291 1553 2542 exagitatis
1486 1959 1549 2256 praesidium
1484 1598 1545 1923 auxiliumque
1481 1329 1544 1568 praebue-

1581 3254 1612 3315 ²³⁴1
1583 2879 1637 2985 rat3
1576 2646 1623 2824 bellum
1573 2332 1620 2600 intulerunt
1567 2138 1625 2286 deae,
1564 1965 1611 2101 cuius
1578 1783 1625 1930 opera
1578 1687 1609 1747 ex
1562 1432 1609 1653 omnibus
1560 1328 1606 1396 la·

1657 2788 1705 2985 boribus
1653 2424 1717 2755 periculisque
1647 2140 1695 2380 Hercules
1648 1876 1691 2094 servatus
1645 1708 1690 1828 erat.
1641 1484 1689 1623 Pium
1654 1324 1703 1441 pro-

1789 3158 1792 3159 *
1736 2770 1796 2984 bumque
1749 2633 1780 2743 esse
1731 2440 1779 2618 bellum
1728 2341 1775 2422 tali
1728 2263 1774 2324 de
1740 2066 1773 2240 caussa
1727 1740 1785 2039 susceptum,
1736 1554 1782 1711 neque
1718 1324 1765 1525 deorum

1824 3256 1853 3314 *¹1
1814 2808 1861 2983 auxilio
1814 2536 1859 2771 carituros
1807 2180 1856 2500 Athenienses
1804 2096 1850 2144 in
1802 1978 1849 2060 tali
1800 1647 1858 1928 certamine,
1799 1468 1846 1611 docet
1796 1322 1843 1424 Eu-

1901 3255 1945 3322 ἢν*
1884 3157 1958 3165 Ἀ
1893 2780 1956 2982 ripides,
1892 2540 1953 2742 eiusque
1888 2446 1935 2519 rei
1885 2172 1933 2422 docendae
1881 1976 1931 2138 studio
1880 1765 1928 1940 ductus
1894 1656 1938 1729 ea,
1878 1447 1941 1619 quibus
1875 1321 1922 1413 oti-

1969 3256 1977 3265 *
1972 2908 2019 2981 osi
1971 2652 2019 2874 homines
1974 2564 2016 2616 et
1968 2484 2014 2533 in
1966 2345 2013 2449 sola
1980 2156 2013 2319 rerum
1960 1842 2026 2117 cognitione
1958 1585 2021 1809 occupati
1955 1320 2002 1535 delecta-

2057 2797 2110 2981 rentur,
2048 2537 2111 2763 neglexit.
2044 2178 2109 2466 Composuit
2041 1932 2089 2145 fabulam
2054 1770 2095 1894 eam,
2053 1609 2100 1733 quae
2036 1497 2084 1576 vel
2034 1318 2082 1468 maxi-

2146 2900 2178 2980 me
2129 2709 2177 2866 dulois
2127 2442 2188 2674 utilisque
2129 2273 2173 2407 esset
2122 2058 2170 2240 civibus
2120 1885 2177 2013 suis,
2123 1785 2165 1835 et
2133 1648 2180 1742 qua
2113 1317 2180 1600 spectanda,

2214 2754 2273 2982 tanquam
2209 2590 2255 2717 bono
2207 2391 2253 2554 omine
2207 2139 2267 2358 acceptO,
2215 1915 2249 2102 summa
2197 1767 2247 1879 belli
2195 1525 2261 1725 gerendi
2194 1315 2241 1489 alacri-

2294 2877 2336 2981 tate
2288 2484 2343 2842 imbuerentur3
2285 2339 2332 2448 fore
2288 2083 2344 2305 tempuS,
2295 1953 2343 2046 quo
2277 1859 2325 1918 ab
2275 1489 2340 1823 Hyperboreis
2272 1315 2335 1455 frigi-

2384 3258 2425 3318 με,
2377 3156 2415 3165 ks
2367 2763 2415 2977 dissimis
2366 2516 2414 2725 carmina
2381 2392 2411 2478 sua
2363 2047 2425 2357 legerentur,
2374 1916 2421 2011 quo
2374 1854 2405 1880 a
2355 1534 2413 1818 Germanis,
2353 1312 2416 1497 scripta

2447 2823 2509 2975 pluris
2462 2630 2508 2771 quam
2461 2514 2492 2594 res
2449 2314 2505 2477 gestas
2440 1954 2498 2278 facientibus,
2436 1842 2484 1901 ad
2436 1678 2483 1795 artis
2434 1452 2497 1645 regulas
2447 1313 2481 1417 mo-

2543 3267 2560 3322 ²
2522 3156 2597 3166 ξ
2541 2862 2573 2974 rose
2526 2420 2581 2825 examinarentur,
2538 2291 2568 2383 non
2520 2097 2583 2255 potuit
2518 1831 2565 2063 divinare.

2627 3332 2632 3333 ¹
2627 3260 2654 3281 ’τ
2604 3162 2683 3166 ζ
2604 2733 2652 2842 Non
2603 2496 2661 2698 invenit,
2602 2333 2664 2461 quod
2601 2251 2647 2297 iu
2601 2124 2647 2217 boc
2598 1884 2645 2102 dramate
2592 1457 2658 1859 reprehenderet,
2591 1309 2639 1420 Ari-

2701 3258 2733 3331 ma
2689 3155 2747 3167 ἴ
2683 2676 2747 2971 stophanes3
2681 2487 2730 2648 >semel
2681 2392 2728 2451 ad
2680 2236 2727 2355 illud
2678 1984 2742 2201 respexit
2676 1825 2723 1950 Plut.
2677 1678 2721 1786 382.
2672 1534 2732 1625 (cf.
2670 1307 2719 1497 Welck.

2719 3154 2835 3167 ³¹
2781 2925 2827 2972 p.
2767 2792 2811 2888 709
2764 2609 2825 2757 seq),
2767 2524 2808 2572 et
2761 2280 2807 2490 fortasse
2758 2111 2805 2244 Eccl.
2758 1960 2805 2073 412.
2754 1832 2816 1923 (cf.
2754 1624 2801 1795 Elmsl.
2753 1527 2799 1587 ad
2749 1309 2798 1504 Heracl.

2834 3154 2855 3166 ¹¹
2859 2930 2893 2972 v.
2843 2775 2903 2894 11.).
2841 2358 2903 2679 Reliquorum
2839 2004 2901 2296 scriptorum
2834 1805 2883 1947 multi
2832 1696 2880 1756 ad
2833 1598 2880 1648 id
2845 1305 2893 1545 respexe-

2945 3286 2970 3326 -uw
2914 3154 3027 3168 t}
2926 2841 2984 2971 runt,
2935 2685 2985 2807 quos
2934 2264 2970 2649 commemorare
2930 1810 2980 2226 supervacaneum
2917 1698 2962 1775 est
2910 1604 2976 1667 ²¹²).

3135 3160 3195 3166 l

3196 3160 3231 3276 ’l

3273 3262 3292 3323 ¹
3235 3153 3364 3166 ξ
3263 1678 3336 2577 D.Eurystheus.

3398 2562 3448 2831 Herculem
3398 2468 3445 2526 ad
3397 2246 3446 2429 inferos
3398 1832 3445 2210 descendentem
3402 1758 3443 1808 et
3397 1432 3458 1735 protractum
3392 1295 3439 1408 inde

3502 3152 3540 3154 l
3480 2690 3529 2957 Cerberum
3478 2539 3525 2634 hoc
3478 2264 3525 2480 dramate
3478 2005 3539 2216 satyrico
3476 1686 3522 1953 exhibitum
3488 1527 3521 1638 esse
3473 1292 3519 1473 docent

3550 3152 3615 3165 il
3561 2675 3622 2961 fragmenta.
3558 2365 3605 2607 Perfectis
3558 2097 3603 2319 omuibus
3556 1848 3617 2049 reliquis
3554 1554 3601 1799 laboribus
3557 1467 3599 1517 et
3565 1295 3613 1434 pera-

3614 3152 3687 3165 l¹
3647 2822 3707 2959 grato
3640 2666 3686 2786 orbe
3638 2538 3685 2632 hoc
3637 2431 3684 2502 illi
3643 2150 3684 2396 certamen
3635 1847 3683 2116 iniunctum
3650 1701 3681 1811 esse
3635 1610 3681 1668 ab
3631 1292 3693 1573 Eurystheo

3720 2800 3769 2959 refert
3718 2522 3766 2766 Diodorus
3716 2402 3776 2486 IV,
3718 2288 3765 2363 25.
3717 2165 3763 2217 In
3715 2003 3776 2129 agris
3721 1856 3762 1966 ante
3713 1586 3776 1822 Mycenas
3711 1418 3758 1540 haec
3708 1289 3771 1366 agi

3812 3266 3853 3320 a⁰1³
3804 3152 3850 3165 ,Ἳ
3800 2624 3862 2959 fingebantur:
3803 2348 3845 2571 vetuerat
3796 2185 3843 2313 enim
3795 1846 3857 2155 Eurystheus
3795 1646 3842 1814 urbem
3792 1442 3839 1620 intrare
3789 1289 3835 1417 Iler-

3927 3263 3934 3268 ,
3880 2774 3938 2955 culem‚
3879 2548 3925 2725 timens
3878 2405 3923 2496 viri
3878 2224 3924 2371 robur
3882 2042 3937 2189 atque
3874 1716 3921 2006 violentiam.
3873 1476 3933 1646 Itaque
3870 1288 3917 1442 vitans

3984 3263 4014 3293 21÷
3981 3163 3992 3165 l
3962 2640 4022 2955 conspectum
3958 2500 4005 2603 eius
3973 2376 4020 2465 per
3956 2110 4019 2356 Copreum
3970 1782 4017 2075 praeconem
3957 1698 4000 1745 et
3952 1439 4000 1663 mandata
3948 1286 3994 1403 ede·

4037 2872 4085 2954 bat
4044 2787 4085 2838 et
4037 2693 4085 2755 de
4038 2511 4085 2659 rebus
4037 2323 4098 2475 gestis
4035 2006 4093 2287 docebatur,
4038 1840 4081 1970 teste
4032 1507 4094 1804 Apollodoro
4030 1423 4087 1481 II,
4032 1352 4086 1397 5,
4029 1287 4075 1331 1.

4116 2560 4181 2824 Fingamus
4116 2364 4181 2513 igitur
4114 2055 4164 2321 Herculem
4113 1955 4161 2014 ab
4112 1727 4160 1907 ultimis
4111 1545 4161 1678 orbis
4108 1285 4159 1510 terminis

4281 2843 4337 2891 >t)
4281 2744 4324 2811 cf.
4283 2543 4327 2714 Welck.
4298 2469 4337 2511 p.
4281 2341 4323 2439 τος).
4281 2080 4336 2282 Apollod.
4281 1991 4336 2049 11,
4280 1916 4332 1957 8,
4280 1846 4320 1886 1.
