5010 3336
3808 2091 3863 2213 292

3661 1315 3711 1407 His
3664 1444 3713 1572 enim
3649 1607 3699 1696 pro
3667 1733 3715 1885 choro
3668 1921 3716 1992 uti
3653 2025 3717 2313 Euripidem
3669 2349 3703 2555 necesse
3670 2583 3719 2692 fuit.
3667 2760 3719 2989 Carmine

3583 1313 3629 1448 finito
3585 1487 3616 1514 e
3570 1550 3633 1783 spelunca
3587 1817 3636 2025 redeunt
3573 2060 3637 2417 Neoptolemus
3575 2454 3631 2599 atque
3578 2625 3638 2820 Peleus,
3589 2857 3630 2906 et
3588 2927 3620 2989 ex

3489 1313 3550 1459 signis
3489 1497 3554 1817 quibusdam,
3509 1867 3554 1965 sive
3494 2012 3556 2140 quod
3510 2187 3556 2319 intus
3509 2370 3556 2428 ab
3510 2477 3557 2560 illo
3511 2596 3554 2760 vestes
3494 2797 3557 2988 telaque

3424 1311 3471 1446 Pelei
3424 1483 3467 1596 nota
3410 1633 3471 1899 conspecta
3427 1935 3470 2047 sunt
3430 2084 3475 2185 sive
3415 2222 3477 2351 quod
3430 2385 3477 2569 mentio
3414 2604 3477 2763 aliqua
3429 2800 3470 2878 est
3429 2907 3461 2986 re-

3343 1310 3375 1418 rum
3328 1456 3393 1757 propriarum
3336 1794 3394 2002 iniecta,
3349 2051 3380 2105 se
3350 2139 3396 2343 invicem
3334 2380 3391 2663 agnoscunt.
3350 2730 3398 2867 Pelei
3336 2901 3381 2987 ge-

3264 1310 3309 1539 stientem
3266 1591 3313 1826 laetitiam
3252 1874 3315 2154 exprimunt
3258 2199 3317 2374 verba,
3254 2431 3300 2555 quae
3254 2612 3317 2989 Aristophanes,

3184 1308 3227 1439 teste
3178 1473 3233 1766 scholiasta,
3187 1822 3235 1867 in
3188 1905 3235 2122 Nubibus
3179 2161 3234 2228 (v.
3189 2268 3234 2393 1153
3174 2430 3234 2594 seqq.)
3189 2632 3236 2845 imitatus
3188 2882 3232 2986 est:

3105 1442 3155 1502 ἰὼ
3090 1538 3154 1749 βοαῖσιν
3092 1782 3158 1944 ἤπυσ’
3098 1983 3159 2216 ἐντόνως
3102 2244 3158 2312 *).

3023 1307 3071 1454 Plura
3009 1490 3066 1685 praeter
3026 1720 3072 1850 hunc
3028 1886 3060 2081 versum
3029 2119 3060 2177 ex
3014 2215 3078 2448 Euripide
3029 2483 3069 2642 sumta
3029 2703 3062 2816 esse
3029 2850 3070 2986 recte

2942 1307 2991 1586 iudicarunt
2946 1621 2994 1918 Matthiaeus
2934 1955 2990 2099 atque
2941 2135 2997 2356 Bothius,
2948 2394 2996 2529 velut
2949 2563 2995 2773 haecce:

2856 1438 2921 1551 οἷος
2853 1586 2917 1700 ἐμοὶ
2853 1737 2919 2012 στρέφεται
2859 2045 2915 2184 παῖς,
2853 2221 2918 2482 πρόβολος
2853 2517 2921 2654 ἐμός,

2769 1438 2835 1612 σωτὴρ
2772 1649 2835 1848 δόμοις,
2772 1886 2840 2096 ἐχθροῖς
2772 2131 2837 2318 βλάβη.

2702 1305 2750 1495 Deinde
2705 1531 2747 1698 secuta
2706 1733 2747 1847 sunt
2695 1882 2738 1966 ea,
2692 2011 2739 2134 quae
2708 2169 2754 2244 his
2709 2280 2756 2443 verbis
2693 2479 2757 2651 Dictys
2708 2687 2741 2984 commemo-

2622 1304 2665 1409 rat:
2613 1460 2673 1618 „Dein
2626 1667 2673 1750 ubi
2626 1785 2668 1957 cuncta
2627 1993 2673 2167 domus
2613 2202 2676 2613 fortunarumque
2628 2649 2676 2853 edoctus
2619 2891 2671 2987 est,

2541 1305 2590 1562 consilium
2530 1608 2594 1926 aggrediendi
2547 1977 2594 2147 hostes
2548 2193 2595 2319 inire
2533 2355 2596 2571 coepit.''
2548 2639 2596 2798 Huius
2548 2835 2596 2986 collo-

2446 1304 2509 1407 quii
2449 1458 2511 1730 fragmenta
2450 1776 2514 2017 quaedam
2467 2064 2507 2321 servantur
2468 2376 2516 2495 satis
2465 2543 2517 2803 luculenta.
2468 2885 2517 2985 Mi-

2381 1302 2429 1429 ranti
2384 1463 2430 1591 enim
2370 1641 2433 1998 Neoptolemo,
2372 2046 2434 2174 quod
2387 2222 2420 2367 nemo
2388 2412 2435 2586 civium
2387 2638 2435 2869 auxilium
2387 2908 2430 2986 tu-

2294 1302 2349 1434 lerit,
2303 1470 2350 1594 haec
2289 1630 2354 1898 respondet
2307 1933 2354 2143 Peleus:

2206 1432 2273 1614 τύμβῳ
2209 1649 2275 1750 γὰρ
2216 1787 2276 1959 οὐδεὶς
2216 1993 2277 2174 πιστὸς
2212 2208 2277 2513 ἀνθρώπων
2212 2547 2276 2814 φίλος**).

2141 1300 2190 1493 Deinde
2144 1513 2191 1571 ad
2144 1594 2192 1965 describendam
2130 1996 2193 2141 fugae
2147 2162 2193 2410 miseriam
2146 2439 2192 2610 transit
2146 2631 2192 2767 hisce
2146 2796 2195 2982 verbis:

2063 1436 2075 1449 .
2064 1488 2077 1500 .
2064 1536 2114 1599 τὰ
2064 1636 2114 1682 δ’
2064 1720 2115 1877 ἔνθεν
2064 1912 2118 2081 οὐκέτ’
2067 2118 2117 2184 ἂν
2050 2219 2114 2418 φράσαι
2048 2452 2115 2591 λόγῳ

1969 1434 2034 1686 δακρύων
1969 1722 2034 1988 δυναίμην
1970 2021 2036 2179 χωρίς
1982 2214 1996 2227 .
1982 2265 1995 2278 .
1985 2317 1997 2330 .

1808 1431 1874 1649 πλάνης,
1813 1683 1870 1879 ἄοικος,
1811 1915 1874 2169 πατρίδος
1809 2211 1877 2565 ἐστερημένος,

1728 1432 1792 1654 πτωχός,
1726 1693 1792 1968 δυςείμων,
1727 2008 1792 2127 βίον
1728 2161 1796 2294 ἔχων
1727 2330 1795 2598 ἐφήμερον
1727 2628 1794 2750 )

1662 1299 1710 1389 His
1663 1408 1710 1584 auditis
1644 1609 1709 1963 Neoptolemus
1662 1980 1710 2159 Parcas
1663 2184 1710 2467 iniuriarum
1662 2499 1710 2700 ultrices
1647 2723 1712 2979 implorat:

1570 1424 1632 1611 κλύετ’,
1581 1651 1638 1691 ὦ
1567 1728 1628 1952 Μοῖραι,
1572 1990 1633 2124 Διὸς
1582 2162 1633 2269 αἵτε
1567 2304 1633 2448 παρὰ

1486 1433 1550 1639 θρόνον
1483 1672 1550 1953 ἅγχόταται
1500 1986 1548 2130 θεῶν
1485 2165 1553 2415 ἑζόμεναι.

1421 1297 1469 1373 Ex
1420 1409 1467 1583 eodem
1404 1621 1466 1862 colloquio
1403 1901 1466 2105 petitum
1421 2144 1451 2254 esse
1422 2290 1468 2482 videtur
1407 2515 1470 2691 fragm.
1423 2728 1469 2786 4:

1339 1426 1391 1521 τὸν
1324 1558 1387 1720 ὄλβον
1337 1757 1389 1914 οὐδὲν
1325 1951 1388 2196 οὐδαμοῦ
1326 2231 1390 2395 κρίνω
1327 2432 1390 2660 βροτοῖς,

1287 1564 1306 1575 2
1292 1621 1309 1664 ⁷<-
1290 2077 1308 2103 ox

1259 1428 1309 1493 ὅν
1242 1526 1290 1559 γ
1241 1613 1307 1867 εςαλείφει
1239 1903 1308 2039 ῥᾷον
1242 2073 1288 2105 η
1243 2141 1308 2333 γράφει
1252 2365 1310 2506 θεός.

1038 1338 1095 1399 ἵ)
1054 1430 1097 1584 Schol.
1055 1618 1095 1674 ad
1043 1703 1097 2013 Aristophanis
1055 2042 1095 2181 verba
1041 2225 1100 2332 βοά
1044 2351 1085 2526 σομαι
1044 2555 1103 2672 τᾶρα
1058 2699 1104 2784 τάν
1044 2813 1102 2979 ὑπέρ-

985 1432 1012 1611 τονον
985 1652 1024 1820 haecce
972 1862 1026 2060 scripsit:
971 2108 1026 2235 παρὰ
986 2275 1029 2331 τὰ
986 2373 1030 2420 ἐκ
975 2464 1030 2649 Πηλέως
973 2691 1033 2976 Εὐριπίδου·

901 1430 959 1637 ἐπιφέρει
900 1664 957 1775 γάρ·
914 1807 957 1873 ἰώ
913 1907 957 2197 πύλαισιν
902 2226 959 2357 ἥτις
916 2387 959 2443 ἐν
904 2473 961 2701 δόμοις,
905 2733 946 2845 quae
919 2877 946 2976 cor—

832 1431 879 1563 rupta
845 1604 872 1700 esse
845 1742 872 1812 res
832 1849 886 1948 ipsa
844 1989 881 2031 et
844 2069 885 2311 verborum
844 2351 883 2578 contextus
845 2607 887 2749 docet.
846 2807 890 2975 Aristo-

762 1430 816 1591 phanis
761 1619 815 1822 vestigiis
773 1852 815 2056 insistens
773 2086 815 2335 emendavi.

695 1318 747 1397 W)
690 1428 745 1606 Fragm.
705 1641 746 1726 inc,
705 1758 731 1798 n.
704 1832 746 1900 84.

625 1291 677 1402 ΑΜᾞ)
620 1432 675 1616 Fragm.
634 1650 675 1753 dub.
631 1781 677 1850 38.
621 1882 660 1926 p.
633 1955 677 2054 448.
633 2085 674 2249 Matth.
