5010 3336
3855 2106 3911 2230 464

3712 1332 3762 1540 unquam
3727 1587 3777 1751 vilium
3723 1800 3758 1967 rerum
3720 2014 3768 2089 vel
3697 2137 3762 2499 obsoletarum‚
3706 2553 3754 2641 sed
3696 2692 3751 3005 nitidissimae

3633 1327 3681 1546 quasque
3648 1592 3691 1642 et
3630 1693 3694 2114 splendidissimas
3617 2160 3683 2539 Aristophanem
3622 2586 3672 2772 rosisse
3620 2818 3667 2897 vel
3617 2945 3649 3005 ex

3568 1323 3617 1421 hoc
3552 1456 3614 1682 exemplo
3546 1716 3613 1974 intelligas.
3554 2059 3607 2294 Horatius
3549 2332 3584 2495 mores
3544 2531 3595 2693 Inonis
3541 2728 3590 2804 his
3538 2840 3586 3003 verbis

3488 1323 3537 1591 declaravit
3486 1624 3534 1682 A.
3485 1719 3534 1773 P.
3482 1813 3529 1933 123:
3467 1970 3528 2106 „Sit
3471 2139 3524 2403 flebilis
3466 2440 3518 2603 Ino.'’
3444 2656 3512 3003 Respexerunt

3392 1320 3450 1519 praeter
3395 1554 3438 1664 eOS‚
3390 1714 3437 1834 quos
3383 1883 3433 2029 supra
3378 2075 3442 2458 nominavimus,
3387 2506 3433 2566 ad
3382 2613 3431 2738 hanc
3377 2783 3428 3000 fabulam

3327 1317 3376 1550 Aelianus
3323 1586 3374 1719 Hist.
3323 1756 3355 1830 an.
3309 1870 3368 1950 ΙΙΙ,
3305 1988 3363 2093 17.,
3310 2134 3363 2426 Plutarchus
3290 2462 3351 2767 saepissime,
3298 2808 3348 2997 Gellius

3235 1316 3298 1443 xm,
3235 1470 3291 1562 18„
3240 1600 3294 1921 Philostratus
3234 1948 3288 2047 Vit.
3219 2068 3283 2227 Apoll.
3218 2247 3280 2431 Vll.4.,
3225 2471 3275 2611 Philo
3222 2650 3265 2698 et
3222 2732 3269 2803 Io.
3205 2824 3267 2995 Lydus

3151 1315 3216 1512 (fragm.
3150 1541 3212 1665 2⁶2),
3145 1702 3209 2036 Athenagoras
3138 2074 3204 2191 Leg.
3138 2219 3184 2264 p.
3148 2296 3199 2479 Christ.
3144 2510 3176 2549 c.
3144 2576 3190 2653 26.
3142 2705 3190 2781 Ex
3126 2817 3187 2994 quibus

3086 1311 3134 1607 testimoniis
3084 1656 3116 1749 non
3080 1795 3124 1983 tantum
3074 2021 3123 2225 eruditis
3070 2260 3120 2355 hoc
3065 2392 3116 2556 drama
3046 2594 3112 2867 familiare,
3058 2904 3106 2993 sed

3005 1310 3054 1459 etiam
3003 1495 3052 1795 multitudini
2984 1832 3032 2029 semper
2981 2063 3041 2395 gratissimum
2984 2430 3034 2587 fuisse
2966 2623 3023 2775 patet.

2927 1443 2975 1496 Si
2926 1544 2973 1673 idem
2908 1724 2961 2063 argumentum
2897 2100 2961 2376 Aeschylus
2907 2414 2947 2463 et
2888 2500 2953 2775 Sophocles
2898 2810 2944 2989 tracta-

2845 1307 2888 1481 verunt
2830 1516 2894 1827 (quamquam
2841 1867 2888 1928 de
2837 1962 2886 2059 hoc
2834 2094 2882 2293 dubito:
2815 2332 2876 2542 spoliato
2824 2569 2870 2697 enim
2804 2726 2870 2985 Euripide,

2765 1303 2813 1451 huius
2748 1487 2812 1797 supellectile
2760 1832 2809 1967 illum
2753 2003 2805 2234 instruxit
2732 2259 2800 2592 Welckerus),
2728 2631 2790 2771 plane
2738 2792 2788 2986 diversa

2685 1301 2734 1398 fuit
2684 1431 2733 1626 illorum
2667 1663 2725 1806 atque
2678 1842 2729 1988 huius
2665 2025 2722 2170 ratio,
2674 2207 2720 2257 id
2656 2289 2716 2420 1111011
2668 2456 2698 2517 ex
2650 2552 2713 2671 ipsis
2659 2705 2709 2982 fabularum

2603 1299 2652 1577 nominibus
2584 1625 2650 1925 intelligitur.
2591 2004 2643 2314 AthamantiS
2587 2363 2635 2491 enim
2583 2540 2617 2718 nomen
2583 2766 2629 2838 illi
2580 2885 2622 2981 tra-

2509 1296 2571 1485 goediis
2505 1528 2570 1918 inscripserunt,
2517 1968 2565 2017 in
2513 2063 2563 2210 huius
2495 2262 2541 2475 persona
2503 2525 2537 2768 summum
2500 2816 2532 2981 rerum

2442 1296 2484 1599 momentum
2426 1647 2486 1760 poni
2422 1813 2486 2167 significantes.
2412 2254 2480 2517 Proprium
2407 2562 2471 2817 Euripidis
2411 2865 2468 2979 suit,

2348 1296 2411 1427 1111011
2362 1462 2410 1548 Ι110
2359 1595 2408 1776 multos
2357 1824 2389 1973 annos
2355 2022 2401 2070 in
2349 2119 2399 2329 obscura
2332 2382 2392 2615 spelunca
2342 2651 2389 2802 instar
2339 2839 2388 2977 serae

2283 1292 2331 1439 vitam
2265 1476 2329 1675 degisse
2263 1710 2327 2014 fingebatur,
2255 2052 2318 2322 proprium,
2251 2357 2311 2487 quod
2262 2524 2310 2730 duarum
2259 2766 2292 2976 uxorum

2201 1290 2250 1619 aemulatione
2198 1655 2246 1828 domus
2187 1867 2241 2198 evertebatur.
2187 2287 2235 2407 Eam
2182 2457 2232 2654 fabulae
2179 2698 2222 2972 commuta-

2122 1289 2171 1474 tionem
2120 1510 2152 1627 cave
2117 1658 2163 1845 temere
2116 1879 2161 1938 ab
2097 1971 2162 2210 Euripide
2105 2247 2154 2476 effectam
2103 2505 2135 2616 esse
2101 2643 2148 2844 credas:
2084 2881 2131 2971 po-

2043 1287 2090 1382 tuit
2041 1440 2088 1568 enim
2041 1622 2088 1747 haec
2023 1794 2069 1989 quoque
2015 2048 2079 2193 vulgo
2028 2251 2074 2429 tradita
2008 2488 2071 2748 accipere,
2006 2810 2053 2970 neque

1947 1285 2011 1551 quidquam
1945 1599 2009 1838 impedit,
1943 1896 1989 1992 quo
1952 2044 2001 2203 minus
1946 2255 1998 2460 Graecis
1945 2511 1993 2641 idem
1943 2692 1991 2753 de
1927 2802 1989 2967 Inone,

1870 1283 1932 1413 quod
1881 1451 1932 1708 Germanis
1879 1745 1926 1807 de
1874 1842 1926 2104 Genoveva
1856 2139 1903 2431 persuasum
1865 2467 1913 2623 fuisse
1860 2658 1910 2931 credamus.

1788 1415 1852 1667 Pestium,
1785 1732 1846 1906 quibus
1791 1964 1844 2259 familiarum
1788 2314 1835 2444 salus
1770 2500 1826 2774 evertatur,
1765 2844 1829 2965 fingi

1722 1279 1771 1413 nulla
1707 1457 1766 1654 potest,
1705 1707 1752 1850 quam
1715 1896 1749 1992 non
1695 2028 1762 2291 Euripides
1691 2328 1753 2596 tragoediis
1686 2631 1752 2962 illustraverit,

1642 1276 1691 1407 unde
1641 1453 1690 1641 factum
1626 1686 1681 1786 est,
1637 1835 1678 1886 ut
1630 1938 1681 2199 mulierum
1628 2246 1660 2362 osor
1626 2408 1669 2456 et
1622 2491 1673 2811 calumniator
1619 2847 1652 2961 esse

1546 1274 1605 1552 putaretur,
1546 1580 1593 1783 quarum
1556 1810 1588 1869 ex
1552 1894 1600 2110 moribus
1549 2149 1597 2278 salus
1545 2314 1595 2612 familiarum
1528 2649 1589 2958 potissimum

1468 1274 1531 1474 pendet.
1481 1533 1529 1666 Idem
1462 1703 1526 1871 igitur,
1459 1909 1519 1991 qui
1470 2026 1518 2075 in
1453 2100 1518 2338 Meleagri
1466 2377 1514 2540 sabula
1462 2576 1511 2835 mulierem
1461 2870 1492 2955 ex-

1402 1271 1452 1436 hibuit
1399 1480 1449 1737 muliebria
1390 1783 1437 2176 contemnentem
1389 2214 1430 2263 et
1385 2305 1434 2521 virorum
1369 2558 1416 2709 opera
1381 2741 1426 2953 tractan-

1324 1271 1368 1373 tem
1322 1424 1368 1483 ob
1305 1535 1352 1740 eamque
1314 1791 1346 1895 rem
1308 1932 1358 2285 connubiorum
1289 2322 1354 2434 iuga
1302 2469 1353 2808 fastidientem
1290 2843 1351 2952 (cu-

1244 1268 1292 1343 ius
1226 1380 1289 1575 generis
1237 1612 1280 1777 nostra
1233 1822 1277 1955 aetas
1216 2003 1278 2240 plurimas
1211 2282 1274 2542 protulit),
1225 2594 1271 2643 in
1222 2678 1270 2839 Inonis
1221 2875 1269 2949 fa-

1163 1267 1212 1381 bula
1161 1428 1210 1586 virum
1156 1633 1190 1784 unum
1151 1830 1202 2036 duarum
1148 2078 1181 2280 uxorum
1131 2318 1194 2597 coniugium
1128 2634 1185 2946 expetentem

1084 1264 1134 1460 induxit
1082 1495 1123 1544 et
1063 1578 1123 1835 utramque
1072 1871 1104 1974 rem
1071 2011 1118 2060 in
1054 2095 1115 2362 perniciem
1065 2412 1116 2705 familiarum
1061 2748 1106 2945 vertere

1004 1265 1052 1496 ostendit.
1000 1581 1048 1664 Sic
983 1700 1036 1871 poeta,
976 1923 1022 2017 11110
989 2064 1021 2207 nemo
987 2245 1034 2462 dramata
984 2499 1034 2801 delectandis
983 2836 1015 2940 mo-

908 1262 972 1532 vendisque
917 1580 966 1752 animis
898 1802 960 1992 aptiora
894 2041 955 2364 temperavit,
907 2414 956 2543 idem
902 2582 955 2817 docendis
902 2851 950 2941 110·-

842 1260 893 1469 minibus
837 1504 885 1713 maxime
832 1749 881 1963 omnium
827 1999 878 2205 idoneus
826 2241 876 2350 suit.
