5010 3336
2237 3234 2267 3326 muli

2310 3313 2345 3324 l
2324 3298 2342 3302 ι
2304 3249 2346 3289 [sil

1068 2120 1122 2225 133

1217 2876 1265 2995 Nam
1214 2614 1263 2840 Socrates
1227 2399 1275 2587 quoque
1210 2151 1256 2364 sublimis
1210 2087 1254 2115 i.
1225 2008 1254 2048 e.
1203 1578 1267 1971 μετεωρολόγος,
1204 1492 1248 1540 in
1216 1360 1247 1457 ma-

1296 2856 1343 2995 china
1293 2607 1358 2822 pendens
1293 2514 1339 2572 ab
1290 2311 1337 2479 eodem
1290 2133 1348 2275 poeta
1284 1837 1341 2101 inducitur„
1283 1533 1344 1789 statimque
1279 1357 1326 1501 rusti-

1390 2910 1421 2993 cus
1374 2764 1431 2875 ille,
1372 2629 1418 2711 ubi
1367 2268 1417 2596 mendicorum
1363 2066 1426 2233 pannis
1361 1838 1408 2031 indutus
1366 1701 1420 1803 est,
1358 1453 1422 1650 argutiis
1372 1355 1404 1407 se

1454 2742 1515 2993 impletum
1464 2599 1497 2708 esse
1446 2385 1494 2565 sentit:

1524 2810 1578 2865 εὖ
1529 2711 1592 2777 γ’,
1517 2561 1574 2675 οἷον
1522 2430 1587 2528 ἤδη
1517 2130 1584 2395 ῥηματίων
1514 1730 1579 2095 ἐμπίμπλαμαι.

1608 2773 1658 2990 Vidimus
1603 2461 1652 2751 Phoenicem
1616 2241 1647 2427 summa
1597 1959 1646 2223 constantia
1594 1694 1651 1932 exsilium,
1591 1352 1654 1669 privationem

1687 2724 1745 2991 oculorum,
1680 2387 1746 2691 ignominiam
1678 2020 1738 2363 infamiamque
1674 1730 1727 1991 ferentem;
1669 1491 1716 1695 vidimus
1686 1357 1716 1467 eune

1764 2881 1812 2992 dem
1759 2563 1810 2832 admirabili
1758 2191 1804 2519 moderatione
1754 2084 1800 2141 ab
1753 1858 1801 2040 ultione
1749 1664 1813 1813 patris
1747 1349 1809 1632 iniquissimi

1843 2663 1890 2993 abstinentem.
1837 2427 1899 2596 Neque
1834 2310 1882 2391 hic
1849 2121 1895 2275 neque
1831 1795 1891 2087 reliquorum
1826 1508 1889 1760 quisquam
1827 1348 1873 1475 ideo.

1921 2865 1982 2991 quod
1918 2566 1980 2821 impatiens
1915 2451 1962 2514 sit
1913 2230 1959 2408 doloris
1916 2039 1972 2184 atque
1907 1746 1962 1996 miseriae,
1908 1490 1951 1693 mortem
1905 1349 1952 1439 sibi

1998 2726 2047 2993 consciscit.

2075 2564 2123 2865 Acerrimum
2072 2307 2118 2516 omnium
2068 1980 2130 2264 Euripidem
2080 1821 2114 1931 esse
2064 1715 2111 1765 in
2060 1343 2125 1667 exprimendis

2155 2722 2212 2993 affectibus,
2154 2641 2199 2688 in
2151 2441 2197 2608 furore
2164 2224 2206 2406 eorum,
2146 2109 2209 2189 qui
2150 1899 2203 2075 amant,
2144 1784 2205 1862 qui
2143 1457 2198 1745 irascuntur,
2139 1343 2200 1423 qui

2234 2761 2291 2989 invident,
2231 2647 2293 2725 qui
2229 2401 2292 2612 cupiunt,
2228 2282 2290 2363 qui
2227 2064 2283 2249 timent7
2224 1946 2285 2028 qui
2225 1672 2278 1908 moerent,
2218 1555 2279 1637 qui
2216 1340 2264 1522 laetitia

2313 2706 2369 2989 efferuntur,
2308 2352 2355 2682 vehementius
2301 2011 2359 2325 ostendendo,
2302 1881 2362 1984 quis
2302 1669 2361 1855 ignorat
2297 1574 2343 1649 vel
2296 1454 2357 1560 quis
2309 1342 2343 1430 un-

2407 2845 2453 2988 quam
2388 2580 2436 2811 infitiatus
2386 2433 2432 2543 est‘}
2382 2206 2429 2367 Testis
2386 2096 2427 2170 est
2379 1858 2435 2062 Medea,
2378 1762 2423 1821 ad
2391 1614 2423 1727 suos
2374 1431 2436 1581 ipsius
2372 1351 2419 1398 li⁴

2471 2845 2516 2988 beros
2464 2504 2514 2811 trucidandos
2462 2310 2509 2469 rivalis
2459 2020 2519 2273 maritique
2456 1867 2503 1976 odio
2458 1595 2516 1818 abrepta,
2452 1336 2513 1551 itemque

2547 2705 2603 2987 Themist03
2543 2518 2590 2657 testis
2542 2236 2602 2473 Amyntor
2538 2038 2583 2184 lilium
2550 1698 2590 1990 excoecanS,
2546 1502 2591 1647 quum
2529 1336 2577 1460 falsa

2624 2713 2688 2985 suspicione
2623 2460 2674 2678 ducatur,
2619 2286 2664 2423 testis
2617 1944 2663 2251 Stheneboea
2626 1684 2675 1911 pegasum
2625 1538 2657 1647 cum
2608 1333 2655 1513 amasio

2701 2640 2756 2985 conscendens,
2703 2445 2746 2597 testes
2695 2170 2743 2396 Eteocles
2698 2075 2740 2124 et
2691 1786 2752 2043 Polynices
2689 1575 2736 1752 fratres
2703 1485 2734 1539 se
2686 1334 2733 1454 invi—

2798 2878 2830 2983 cem
2779 2480 2835 2846 intefficientes,
2775 2238 2837 2445 denique
2773 2033 2836 2204 plenae
2773 1890 2817 1998 sunt
2769 1691 2815 1861 horum
2764 1334 2828 1663 exemplorum

2860 2792 2909 2981 fabulae
2872 2577 2905 2758 omnes,
2856 2460 2902 2510 ln
2852 2087 2916 2425 Aristophanis
2848 1623 2912 2052 reprehensionem
2845 1479 2892 1603 haec
2858 1332 2905 1450 quo-

2955 2890 3002 2983 que
2940 2541 2995 2859 incurrerunt,
2935 2425 2996 2506 qui
2932 2274 2980 2389 facit
2929 1947 2991 2242 Aeschylum
2927 1601 2991 1914 gloriantem:

3015 2747 3065 2853 ἀλλ’
3012 2634 3063 2698 οὐ
3010 2518 3077 2589 μὰ
3009 2367 3070 2472 Δί’,
3009 2249 3060 2311 οὐ
3006 1963 3070 2199 Φαίδρας
3002 1716 3055 1931 ἐποίουν
3002 1483 3064 1683 πόρνας
2997 1328 3049 1452 οὐδὲ

3084 1824 3150 2164 Σθενεβοίας,

3173 2738 3224 2850 οὐδ’
3166 2604 3222 2702 οἷδ’
3168 2398 3229 2567 οὐδεὶς
3167 2188 3234 2349 ἥντιν’
3166 1930 3229 2134 ἐρῶσαν
3163 1703 3214 1897 πώποτ’
3158 1452 3223 1668 ἐποίησα
3172 1330 3221 1420 γυ-

3249 1986 3295 2158 ναῖκα.

3335 2885 3383 2976 Cui
3338 2718 3381 2851 recte
3331 2425 3393 2682 Euripides
3328 2093 3390 2389 respondere
3325 1844 3373 2060 videtur:

3409 2778 3476 2847 μὰ
3410 2637 3467 2743 Δί’,
3408 2536 3457 2599 οὐ
3406 2403 3470 2503 γὰρ
3404 2237 3470 2367 ἐπῆν
3406 2112 3467 2201 τῆς
3397 1776 3465 2086 Ἀφροδίτης
3396 1587 3447 1741 οὐδέν
3405 1454 3446 1551 σοι.

3493 2757 3555 2975 Ineptum
3506 2598 3539 2714 vero
3505 2495 3536 2550 ac
3501 2174 3550 2454 perversum
3488 2011 3538 2116 est,
3480 1834 3542 1962 qnod
3478 1444 3538 1789 Aristophanes
3473 1325 3521 1397 af-

3572 2788 3619 2975 firmat:

3678 2785 3686 2844 -..
3677 2654 3683 2714 —-
3646 2481 3695 2587 ἀλλ’
3642 2082 3705 2431 ἀποκρύπτειν
3636 1944 3704 2039 χρὴ
3639 1840 3688 1897 τὸ
3632 1559 3700 1793 πονηρὸν
3633 1423 3682 1515 τόν
3647 1319 3694 1377 γε

3718 1930 3783 2167 ποιητήν.

3824 2815 3871 2971 neque
3808 2640 3855 2768 enim
3805 2391 3854 2589 celando
3803 2151 3851 2344 vulnera
3803 1835 3856 2090 sanantur,
3812 1618 3860 1774 neque
3794 1319 3856 1572 quisquam

3892 2825 3952 2970 poeta
3888 2638 3935 2795 bonus
3882 2337 3932 2603 omittenda
3880 2005 3943 2305 tegendaque
3893 1862 3926 1971 esse
3876 1692 3924 1828 duxit
3891 1563 3935 1650 ea,
3872 1471 3920 1520 in
3871 1318 3933 1425 qui-

3969 2881 4015 2969 bus
3964 2510 4027 2831 exprimendis
3962 2388 4009 2462 vel
3960 2135 4008 2345 maxime
3959 2019 4005 2088 vis
3957 1799 4019 1973 ingenii
3957 1520 4015 1767 virtusque
3954 1315 4014 1487 poetae

4044 2688 4102 2966 excelleret,
4058 2498 4104 2654 neque
4041 2381 4087 2463 ille
4041 2248 4103 2353 ipse
4042 1972 4085 2215 veterator
4037 1828 4084 1939 talia
4034 1606 4084 1793 celavit.
4030 1479 4079 1541 At
4028 1318 4076 1445 cela-

4125 2900 4171 2965 vit
4123 2722 4170 2867 homo
4121 2390 4179 2686 malit10sus„
4120 2298 4166 2355 ab
4117 2091 4165 2260 eodem
4115 1811 4180 2045 Euripide
4118 1727 4162 1776 et
4110 1522 4160 1695 auxilia
4108 1316 4155 1489 sedan-

4204 2798 4250 2964 darum
4200 2330 4264 2741 perturbationum
4196 1996 4246 2269 firmissima
4193 1572 4253 1936 certissimaque
4187 1316 4235 1513 damona

1848 791 1990 806 ἕξω·
2001 791 2016 801 :⁴
