5010 3336
3815 2083 3870 2204 274

3673 1448 3722 1545 Via:
3675 1581 3708 1724 socer
3658 1760 3725 2005 Iphiclus,
3676 2041 3723 2127 via:
3675 2164 3707 2243 me
3659 2276 3723 2604 grandaevus
3659 2639 3720 2878 Acastus,

3595 1578 3643 1675 Vix
3595 1710 3637 1876 mater
3578 1910 3643 2087 gelida
3595 2123 3636 2318 moesta
3578 2354 3640 2536 refecit
3575 2561 3623 2713 aqua.

3497 1435 3562 1673 Officium
3500 1696 3561 1881 secere
3498 1911 3561 2072 pium,
3515 2108 3562 2200 sed
3514 2236 3560 2422 inutile
3512 2456 3560 2632 nobis:

3418 1568 3483 1819 Indignor
3434 1853 3481 2071 miserae
3434 2106 3465 2206 non
3433 2241 3479 2448 licuisse
3432 2482 3477 2628 mori.

3356 1446 3405 1508 Ut
3355 1546 3403 1703 rediit
3344 1742 3402 1957 animus,
3337 1990 3400 2191 pariter
3353 2227 3400 2430 rediere
3351 2466 3400 2698 dolores.-

3275 1577 3323 1787 Pectora
3257 1823 3321 2082 legitimus
3273 2121 3313 2265 casta
3271 2301 3318 2569 momordit
3270 2607 3310 2796 amor.''

3195 1306 3245 1635 Consolationi
3178 1671 3236 1903 paternae
3194 1940 3240 2061 llaec
3193 2096 3240 2301 infuisse
3191 2338 3238 2590 videntur:

3113 1437 3166 1705 πέπονθεν
3113 1741 3169 1826 οἷα
3113 1860 3164 1946 καὶ
3114 1983 3163 2037 σὲ
3113 2070 3163 2160 καὶ
3102 2194 3161 2392 πάντας
3097 2426 3161 2584 μένει.

3048 1436 3055 1495 ι...
3048 1633 3055 1696 .-—-
3047 1834 3053 1891 —.
3046 2027 3052 2089 -—
3045 2224 3051 2289 -—-
3044 2421 3050 2485 —..

2988 1630 2998 1651 ιν

2954 1439 3002 1504 οὐ
2939 1538 3000 1706 &avos
2940 1744 3003 1933 ἔλεξας,
2936 1969 3000 2174 θνητὸν
2950 2209 2998 2337 ὄντα
2934 2378 2999 2653 δυςτυχεῖν

2791 1435 2841 1581 πόλλ’
2783 1618 2844 1817 ἐλπίδες
2784 1851 2841 2145 ψεύδουσιν
2775 2180 2841 2363 ἄλογοι
2774 2404 2839 2646 βροτούς.

2711 1437 2759 1625 Deinde
2712 1661 2758 1785 intro
2711 1822 2758 2031 abducta
2710 2067 2753 2145 est
2696 2196 2756 2483 Laodamia,
2696 2538 2756 2770 locusque
2709 2817 2758 2980 factus

2631 1306 2678 1453 tertio
2632 1491 2679 1630 chori
2632 1666 2678 1886 carmini.

2552 1436 2599 1610 Prodit
2551 1645 2599 1825 deiude
2550 1859 2599 2071 famulus
2535 2107 2597 2369 defertque
2549 2398 2596 2459 ad
2549 2489 2596 2719 Acastum
2539 2751 2582 2823 ea7
2534 2859 2581 2982 quae

2456 1306 2518 1623 speculando,
2470 1663 2518 1983 auscultando
2453 2021 2516 2418 explorandoque
2455 2465 2517 2700 cognovit.
2470 2771 2518 2843 De
2454 2891 2501 2983 qua

2393 1305 2423 1359 re
2392 1395 2438 1516 llaec
2392 1542 2434 1654 sunt
2391 1680 2438 1826 verba
2373 1856 2436 2065 Hygini:
2377 2105 2436 2421 „Laodamia,
2388 2461 2435 2622 Acasti
2382 2648 2437 2764 filia,
2389 2801 2437 2982 amisso

2294 1305 2358 1530 coniuge,
2311 1570 2341 1677 cum
2310 1716 2350 1816 tres
2310 1850 2356 1995 horas
2295 2034 2354 2403 consumsisset,
2294 2441 2339 2558 quas
2310 2581 2340 2608 a
2311 2631 2356 2725 diis
2294 2758 2355 2981 petierat,

2230 1307 2277 1474 fletum
2230 1528 2271 1579 et
2231 1624 2277 1843 dolorem
2214 1892 2276 1993 pati
2227 2041 2259 2135 non
2213 2183 2273 2356 potuit.
2214 2428 2274 2592 ltaque
2230 2627 2276 2747 fecit
2230 2782 2276 2982 simula-

2149 1306 2180 1442 crum
2149 1478 2209 1676 aereum
2136 1722 2198 1907 (scribe
2135 1954 2197 2235 cereum)
2148 2274 2194 2429 simile
2149 2466 2197 2728 Protesilai
2135 2764 2197 2982 coniugis

2069 1291 2111 1355 ‚et
2070 1389 2115 1436 iu
2070 1474 2117 1698 thalamis
2056 1734 2117 1900 posuit
2071 1937 2116 2026 sub
2069 2074 2115 2384 simulatione
2059 2437 2100 2718 sacrorum,
2071 2774 2109 2823 et
2071 2871 2102 2982 eum

1990 1306 2037 1471 colere
1977 1518 2038 1682 coepit
1977 1715 2042 1779 *).
1978 1851 2039 1993 Quod
1991 2045 2021 2153 cum
1989 2210 2037 2425 famulus
1990 2473 2036 2711 matutino
1976 2758 2033 2983 tempore

1896 1306 1943 1453 poma
1911 1486 1957 1529 ei
1912 1566 1959 1811 attulisset
1911 1847 1958 1908 ad
1899 1945 1958 2268 sacrificium,
1894 2316 1941 2404 per
1911 2449 1956 2625 rimam
1895 2672 1958 2865 aspexit
1912 2913 1958 2981 vi-

1817 1306 1877 1474 ditque
1832 1525 1862 1630 eam
1831 1679 1877 1736 ab
1816 1796 1878 2022 amplexu
1831 2068 1878 2327 Protesilai
1831 2375 1877 2685 simulacrum
1831 2735 1875 2982 tenentem

1737 1307 1794 1451 atque
1751 1488 1799 1804 osculantem.
1751 1875 1798 2151 Aestimans
1751 2189 1781 2296 eam
1750 2331 1797 2604 adulterum
1740 2630 1798 2831 habere,
1752 2860 1798 2982 Aea-

1673 1308 1714 1383 sto
1658 1433 1719 1561 patri
1668 1608 1718 1895 mmtiavit.''
1671 1979 1719 2123 Levis
1671 2160 1713 2320 tamen
1670 2356 1717 2564 mutatio
1672 2599 1718 2675 his
1672 2710 1720 2985 adhibenda

1592 1308 1635 1402 est.
1593 1471 1640 1594 Nam
1591 1634 1622 1730 nou
1576 1767 1638 1928 potuit
1591 1963 1638 2008 in
1591 2046 1637 2265 dramate
1590 2301 1621 2427 nunc
1590 2464 1636 2661 demum
1576 2707 1633 2822 post
1592 2859 1639 2982 alte-

1513 1305 1544 1414 rum
1513 1448 1560 1605 mariti
1511 1640 1558 1911 discessum
1495 1948 1557 2108 imago
1511 2145 1541 2171 a
1510 2207 1558 2471 Laodamia
1494 2508 1557 2694 parari,
1512 2743 1558 2830 sed
1512 2882 1554 2982 sta-

1432 1305 1479 1395 tim
1416 1431 1475 1543 post
1416 1579 1478 1792 priorem
1431 1830 1477 1934 eius
1415 1972 1478 2327 profectionem
1429 2375 1476 2505 hunc
1417 2542 1478 2763 imaginis
1432 2799 1479 2982 cultum

1353 1306 1400 1365 ab
1352 1394 1384 1451 ea
1351 1485 1399 1761 institutum
1351 1798 1383 1910 esse
1334 1946 1397 2213 putandum
1351 2251 1393 2344 est.
1351 2415 1399 2757 Confereudus
1353 2791 1399 2853 de
1352 2890 1399 2981 hac

1272 1308 1305 1363 re
1273 1398 1304 1566 rursus
1271 1606 1318 1735 idem
1254 1774 1319 1975 Ovidius
1271 2012 1302 2054 v,
1271 2093 1316 2216 151:

1180 1437 1240 1570 „Du
1192 1586 1222 1635 m
1191 1698 1233 1917 tamen
1190 1971 1222 2159 arma
1174 2216 1222 2419 geres
1191 2479 1239 2680 diverso
1193 2737 1241 2883 miles
1194 2926 1240 2983 in

1100 2146 1159 2277 orbe,

1020 1574 1080 1718 Quae
1016 1753 1077 1949 reserat
1030 1984 1077 2151 vultus
1031 2188 1073 2262 est
1033 2296 1080 2424 mihi
1032 2458 1065 2579 cera
1031 2613 1074 2742 tuos,

955 1442 1003 1529 Ille·
939 1565 1001 1861 blanditias,
951 1897 998 1977 ille·
950 2011 997 2107 tibi
950 2140 999 2314 debita
953 2348 1001 2504 verba

873 1573 921 1807 Dicimus
862 1818 901 1838 ,-
854 1875 917 2143 amplexus
855 2179 920 2370 accipit
873 2405 921 2499 illa
872 2533 905 2687 meos·

706 1379 755 1421 *)
714 1450 757 1621 Bacchi
714 1650 743 1777 sacra
714 1808 741 1835 a
711 1864 754 2108 Laodamia
710 2137 752 2346 simulata
711 2377 739 2471 esse
711 2503 753 2641 innuit
711 2669 753 2876 Philostr.
713 2903 755 2981 Im.

635 1448 686 1505 11,
644 1532 686 1572 9.
632 1596 670 1637 p.
645 1657 687 1754 795.
642 1818 683 1885 Cf.
640 1909 683 2079 Welck.
628 2103 667 2145 p.
642 2172 684 2268 498.

2372 3162 2412 3165 -V
2428 3155 2507 3165 ms<
2521 3156 2582 3165 „x-
2601 3155 2901 3166 ——7-*2-7-44
2925 3162 2958 3164 ,-
2971 3156 3387 3165 -.,---,--.ι...-..-.
3417 3156 3567 3164 .-——-=
