5010 3336
1501 664 1524 667 --
1547 676 1551 678 μ
1590 664 1774 681 *σι-υτ--
1868 666 1971 689 V-————-.⁴
1923 678 1970 691 .“.‘
2008 679 2018 682 -

3795 2073 3851 2195 320

3665 1294 3715 1476 Levem
3665 1522 3709 1574 et
3662 1619 3712 1927 commodam
3657 1975 3707 2099 viam
3656 2135 3703 2202 ait
3639 2236 3705 2487 Euripidis
3651 2521 3701 2676 videri
3630 2710 3697 2966 imperitis,

3586 1292 3627 1345 ut
3586 1380 3617 1435 se
3571 1471 3632 1626 quivis
3583 1663 3630 1790 idem
3566 1828 3613 1974 posse
3561 2010 3617 2209 speret3
3574 2264 3621 2349 sed
3573 2389 3619 2429 si
3557 2465 3619 2569 quis
3569 2606 3602 2710 eam
3550 2748 3614 2968 ingredi-

3496 1292 3548 1436 atur,
3490 1490 3552 1776 difficilem,
3484 1828 3532 2050 asperam
3479 2089 3541 2385 arduamque
3475 2422 3521 2677 apparere.
3474 2746 3535 2888 Quod
3484 2925 3532 2968 si

3412 1290 3473 1399 quis
3425 1436 3471 1582 etiam
3421 1621 3470 1879 audaciora
3402 1916 3464 2151 attingere
3414 2188 3452 2236 et
3411 2272 3461 2481 Medeae
3393 2517 3456 2844 praefractam
3404 2880 3436 2966 na-

3345 1286 3389 1447 turam
3328 1480 3391 1757 exprimere
3325 1785 3379 1998 conetur,
3335 2020 3384 2150 hunc
3334 2172 3365 2263 non
3317 2294 3379 2515 gloriam,
3328 2546 3374 2633 sed
3323 2660 3367 2962 contemtum

3264 1286 3310 1578 meriturum
3259 1602 3294 1728 esse.

3168 1418 3231 1635 Denique
3182 1678 3228 1755 his
3176 1804 3226 2041 addamus
3159 2093 3205 2217 quae
3154 2268 3220 2514 Longinus
3165 2553 3199 2595 c,
3167 2633 3213 2713 40.
3165 2761 3212 2823 de
3164 2858 3213 2961 Eu·

3088 1284 3152 1455 ripidis
3102 1508 3150 1702 dicendi
3086 1749 3131 1929 genere
3092 1983 3142 2241 iudicavit:
3074 2298 3136 2577 „Imprimis
3085 2628 3133 2794 reddit
3083 2842 3130 2959 sub-

3024 1283 3071 1450 limem
3008 1500 3069 1797 orationem,
3016 1858 3064 1982 sicut
2997 2031 3045 2267 corpora,
3007 2319 3054 2650 membrorum
2988 2716 3050 2959 composi-

2932 1280 2991 1378 tio,
2929 1432 2974 1635 quorum
2940 1674 2987 1854 nullum
2921 1910 2974 2187 separatum
2932 2226 2961 2250 a
2914 2281 2977 2483 reliquis
2925 2520 2973 2754 honorem
2910 2792 2971 2959 habet,

2864 1279 2904 1452 cuncta
2863 1497 2903 1657 autem
2860 1712 2907 1838 inter
2858 1886 2889 1939 se
2855 1975 2901 2137 iuncta
2836 2172 2897 2443 perfectam
2830 2480 2891 2699 corporis
2828 2737 2890 2957 speciem

2780 1279 2825 1630 consummant.
2781 1700 2829 1783 Sic
2763 1830 2822 2033 grandia
2755 2081 2820 2314 dissipata
2754 2366 2809 2510 atque
2764 2562 2812 2765 disiecta
2763 2813 2810 2957 simul

2702 1276 2751 1626 sublimitatem
2698 1658 2732 1825 secum
2682 1862 2744 2116 ausernnt3
2689 2154 2737 2326 eadem
2670 2366 2726 2704 coagmentata
2668 2735 2729 2873 quasi
2680 2908 2728 2956 in

2624 1274 2655 1422 unum
2606 1461 2653 1639 corpus
2603 1688 2660 1833 atque
2614 1881 2661 2032 etiam
2609 2082 2655 2425 concinnitatis
2604 2476 2652 2670 vinculo
2602 2722 2650 2953 conclusa

2527 1272 2591 1380 ipso
2542 1418 2588 1598 ambitu
2536 1636 2571 1894 numerosa
2521 1931 2581 2085 fiunt3
2531 2131 2561 2186 ac
2529 2235 2576 2342 sere
2526 2387 2574 2434 in
2524 2471 2570 2731 verborum
2519 2770 2569 2955 ambitu

2446 1272 2510 1495 symbola
2457 1529 2507 1857 multitudinis
2437 1893 2499 2139 granditas
2449 2175 2491 2269 est.
2434 2341 2494 2504 Quid?
2428 2552 2489 2681 quod
2442 2731 2488 2869 multi
2440 2906 2485 2957 et

2382 1270 2422 1521 oratorum
2379 1575 2421 1625 et
2360 1678 2416 1958 poetarum„
2356 2008 2417 2088 qui
2354 2142 2402 2301 neque
2364 2350 2411 2585 sublimes
2362 2635 2404 2748 sunt
2359 2783 2401 2954 natura

2287 1268 2334 1428 neque
2300 1463 2347 1613 iidem
2280 1651 2333 1884 expertes
2276 1920 2336 2233 granditatis,
2283 2279 2329 2618 communibus
2264 2656 2329 2951 plerumque

2222 1267 2265 1319 et
2205 1364 2269 1643 vulgaribus
2200 1686 2260 1877 verbis,
2195 1914 2255 2092 quibus
2207 2143 2253 2260 nihil
2204 2308 2250 2437 inest
2192 2480 2249 2687 insoliti,
2197 2755 2241 2950 utentes

2140 1266 2188 1370 sola
2122 1406 2183 1761 compositione
2133 1797 2174 1847 et
2114 1883 2172 2305 coagmentatione
2123 2341 2170 2516 horum
2119 2559 2162 2720 tamen
2104 2755 2165 2949 pondus

2060 1264 2103 1317 et
2042 1362 2104 1735 amplitudinem
2050 1790 2095 2042 consecuti
2046 2102 2087 2215 sunt
2045 2273 2087 2323 et
2041 2370 2089 2580 vitarunt
2026 2639 2086 2947 tenuitatem,

1978 1261 2026 1396 velut
1961 1432 2025 1694 Philistus,
1954 1749 2020 2107 Aristophanes
1967 2144 2014 2192 in
1950 2239 2012 2557 quibusdam,
1961 2609 2008 2658 in
1942 2693 2006 2948 plerisque

1882 1260 1948 1555 Euripides:
1893 1595 1941 1733 cuius
1875 1770 1938 1964 quidem
1886 2002 1936 2247 Hercules
1869 2283 1926 2393 post
1879 2438 1931 2703 liberorum
1876 2738 1926 2945 interfe-

1817 1257 1866 1467 ctionem
1814 1505 1862 1598 ait:

1720 1388 1788 1529 γέμω
1730 1567 1781 1746 κακῶν
1712 1782 1780 1864 δή,
1725 1900 1778 2103 κούκέτ’
1722 2139 1778 2252 ἔσθ’
1704 2289 1772 2390 ὅπη
1702 2426 1766 2578 τεθῇ.

1656 1256 1707 1407 Plane
1638 1441 1700 1638 vulgare
1649 1674 1691 1752 est
1631 1788 1695 2000 dictum,
1644 2049 1690 2136 sed
1641 2182 1689 2239 fit
1638 2288 1685 2496 sublime
1625 2533 1669 2609 eo,
1622 2661 1686 2791 quod
1634 2828 1668 2944 con-

1576 1255 1624 1397 cinne
1567 1449 1619 1806 conformatum
1564 1864 1606 1953 est.
1549 2050 1611 2193 Quod
1560 2244 1606 2283 si
1558 2331 1606 2473 aliter
1556 2517 1603 2664 verba
1540 2713 1602 2942 colloces,

1492 1251 1542 1566 manifestum
1488 1604 1535 1700 erit
1469 1735 1530 2103 compositionis
1464 2139 1522 2334 poetam
1460 2365 1525 2652 Euripidem
1474 2683 1506 2794 esse
1473 2838 1506 2942 ma-

1400 1250 1463 1325 gis
1398 1360 1446 1504 quam
1405 1542 1453 1830 sententiae.
1402 1901 1451 1973 De
1402 2011 1450 2156 Dirce
1401 2194 1431 2220 a
1398 2255 1440 2394 tauro
1395 2431 1438 2586 tracta
1393 2621 1442 2841 dictum:

1320 2024 1371 2068 εἰ
1319 2103 1370 2159 δέ
1317 2195 1351 2303 που

1234 1381 1300 1546 τύχοι,
1231 1584 1299 1733 πέριξ
1230 1768 1298 1935 ἑλίξας
1222 1970 1296 2089 εἷλχ’
1222 2126 1288 2267 ὁμοῦ
1219 2300 1286 2483 λαβὼν

1155 1378 1212 1628 γυναῖκα,
1146 1664 1214 1876 πέτραν,
1143 1916 1209 2069 δρῦν,
1142 2105 1204 2478 μεταλλάσσων
1140 2513 1205 2609 οέεί,

1093 1245 1136 1325 est
1076 1374 1135 1573 quidem
1080 1624 1129 1771 etiam
1061 1821 1116 2113 argumento
1055 2162 1120 2509 magnificum,
1073 2562 1121 2651 sed
1055 2702 1119 2935 grandius

993 1243 1060 1543 uberiusque
1004 1578 1052 1633 fit
992 1668 1034 1755 eo,
982 1811 1044 1940 quod
993 1978 1028 2213 numerus
992 2251 1024 2348 non
992 2384 1035 2460 est
975 2495 1023 2737 praeceps
974 2775 1023 2935 neque

918 1242 976 1382 quasi
912 1417 959 1506 per
921 1543 973 1728 declive
902 1764 967 2067 devolvitur,
913 2117 960 2206 sed
896 2252 959 2574 impeditione
895 2623 959 2829 quadam
907 2877 940 2936 ac

848 1240 884 1433 remora
844 1469 892 1615 verba
839 1652 889 1782 inter
836 1817 869 1870 se
833 1907 883 2136 distincta
830 2171 878 2488 retardantur
830 2523 873 2575 et
830 2604 878 2653 in
826 2683 875 2934 statariam

755 1241 816 1381 quasi
752 1415 811 1700 gravitatem
752 1738 805 2117 divaricatum-‚⁹³

686 1371 735 1423 ln
663 1471 728 1753 praecipuis
670 1799 722 2114 sublimitatis
669 2160 720 2346 caussis
653 2397 721 2712 fontibusque
665 2749 711 2826 est
665 2859 714 2931 vis

1319 3178 1333 3181 „-
1340 3176 1397 3181 ‚r-⁴
1408 3176 1420 3180 »ἶ
1426 3177 1449 3183 ψ
1458 3174 1926 3185 “m
1932 3176 1964 3183 *⁷*
