5010 3336
3914 2112 3971 2232 152

3781 1463 3832 1789 Moribundus
3780 1841 3827 1890 in
3776 1943 3810 2139 scenam
3773 2195 3823 2411 refertur
3753 2478 3823 2758 Meleager,
3766 2829 3814 2899 sic
3765 2951 3814 3019 la-

3702 1333 3745 1591 mentans:

3604 1464 3674 1592 ὁρᾷς
3620 1629 3677 1696 σὺ
3618 1729 3666 1832 νῦν
3602 1868 3669 1933 δή
3603 1968 3663 2039 μ’,
3605 2076 3666 2146 ὡς
3598 2180 3666 2462 ἐπρεέῦνας,
3594 2497 3661 2640 τύχη.

3541 1332 3593 1554 inutilem
3540 1592 3588 1712 dicit
3538 1747 3570 1856 esse
3522 1890 3569 2118 pompam
3533 2155 3581 2374 funeris:

3450 1462 3517 1589 τοὺς
3447 1625 3507 1818 ζῶντας
3457 1854 3512 1911 εὖ
3442 1948 3506 2109 δρᾶν·
3450 2145 3502 2432 κατθανὼν
3450 2468 3501 2523 δὲ
3439 2556 3495 2656 πᾶς
3430 2690 3498 2825 ἀνὴρ

3363 1462 3428 1529 γῆ
3378 1565 3430 1653 καὶ
3376 1687 3426 1834 σκιά·
3376 1872 3426 1929 τὸ
3360 1967 3425 2133 μηδὲν
3362 2171 3421 2241 εἰς
3369 2279 3421 2436 οὐδὲν
3354 2475 3420 2634 ῥέπει.

3301 1331 3352 1484 chori
3299 1518 3345 1666 verba
3297 1700 3343 1822 haee
3295 1858 3343 2015 fnisse
3275 2053 3337 2299 suspicor:

3205 1460 3265 1581 φεῦ,
3217 1618 3268 1681 τὰ
3216 1714 3265 1821 τῶν
3198 1856 3265 2318 εὐδαιμονούντων
3198 2366 3259 2436 ὡς
3190 2468 3257 2597 τάχα
3189 2631 3257 2839 στρέφει
3194 2873 3253 3014 θεός.

3140 1329 3191 1464 Idem
3137 1502 3186 1723 Oeneum
3133 1761 3181 2065 consolatur:

3046 1462 3107 1669 „Erat
3054 1703 3102 1914 virile
3036 1947 3100 2154 istnc,
3046 2205 3096 2548 adversam
3028 2570 3091 3016 ferresortn-

3011 1984 3038 2014 ⁹
2967 2185 2999 2327 nam
2951 2350 3015 2593 sacvnlss’

2898 1324 2949 1482 Huius
2880 1518 2942 1873 aegritudinem
2892 1910 2939 1979 sic
2874 2017 2936 2245 exprimit
2884 2281 2935 2423 Ovid.
2888 2462 2917 2505 v.
2884 2546 2931 2641 528
2867 2678 2914 2847 seqq.:

2807 1458 2866 1718 „Pulvere
2812 1756 2859 2001 canitiem
2794 2034 2855 2241 genitor
2789 2278 2853 2549 vultusque
2803 2581 2849 2770 seniles

2725 1457 2784 1677 Foedat,
2733 1715 2781 1857 humi
2716 1876 2778 2047 fusus,
2708 2083 2774 2466 spatiosumque
2707 2501 2770 2740 increpat
2721 2778 2753 2975 aevum.

2656 1459 2706 1601 Nam
2655 1638 2703 1704 cle
2653 1738 2694 1905 matre
2651 1941 2681 2122 manns
2648 2159 2696 2261 diri
2646 2292 2693 2389 sibi
2645 2427 2691 2630 conseia
2628 2650 2689 2795 facti

2560 1454 2625 1657 Exegit
2557 1688 2604 1885 poenas
2571 1923 2612 2039 acto
2552 2070 2599 2166 per
2566 2201 2614 2402 viscera
2549 2424 2613 2620 serrof’

2499 1321 2547 1394 De
2494 1430 2544 1670 Althaeae
2492 1705 2535 1863 morte
2488 1897 2538 2163 voluntaria
2485 2201 2535 2439 Diodorus
2473 2477 2530 2743 consentit;
2466 2804 2531 3012 Cleopa-

2417 1321 2460 1427 trae
2415 1462 2457 1636 neuter
2412 1671 2461 1791 sacit
2409 1827 2457 2118 mentionem
2395 2141 2417 2152 ‚
2392 2205 2437 2298 qua
2405 2348 2452 2395 in
2405 2443 2435 2497 re
2387 2534 2451 2822 Euripidem
2401 2858 2448 3014 secuti

2337 1321 2369 1434 esse
2334 1470 2382 1710 videntur.
2330 1783 2380 2013 Ceterum
2328 2066 2375 2191 haec
2327 2238 2373 2367 intus
2309 2404 2371 2480 agi
2322 2516 2355 2722 neeesse
2321 2756 2369 2866 suit.
2321 2938 2368 3013 Ad

2255 1321 2305 1542 Oeneum
2253 1580 2295 1743 autem
2254 1782 2299 1830 in
2250 1868 2282 2012 scena
2247 2050 2287 2322 versantem
2245 2360 2293 2511 Diana
2231 2548 2292 2835 descendit,
2241 2873 2288 3011 euius

2160 1318 2223 1738 praedictionibus
2171 1798 2218 1946 finem
2167 1998 2215 2270 actionibus
2149 2324 2212 2606 impositum
2162 2657 2194 2767 esse
2160 2812 2192 2870 ex
2159 2918 2208 3012 hoc

2081 1318 2144 1596 fragmento
2079 1633 2137 1972 cognoscitur:

2005 1450 2066 1521 εἷς
1995 1555 2064 1932 οἷνόροβρῶτας
1991 1966 2058 2163 ἡδονὰς
1991 2197 2056 2433 (ἐφίξεται

1917 1446 1983 1650 κάρηνα
1918 1694 1985 1897 Τυδεὺς
1913 1934 1979 2117 γένυσι
1922 2152 1973 2507 ΝῙελανίππου
1910 2546 1972 2760 σπάσας.

1853 1318 1903 1464 Unde
1852 1499 1898 1646 etiam
1848 1683 1897 1896 filiarum
1832 1933 1895 2096 Tydei
1846 2122 1892 2170 in
1845 2197 1876 2308 aves
1841 2336 1890 2678 mutandarum
1837 2706 1887 3005 mentionem

1773 1313 1822 1496 factam
1772 1530 1805 1643 esse
1767 1679 1816 1924 coniicias.

1676 1445 1742 1675 Magnam
1689 1727 1738 1881 fuisse
1688 1915 1735 2060 huius
1670 2097 1731 2376 tragoedIae
1666 2412 1729 2541 apud
1680 2578 1722 2770 veteres
1677 2808 1726 3005 laudem

1597 1313 1661 1651 honoremque
1611 1679 1641 1738 ex
1606 1775 1656 2157 clarissimorum
1589 2195 1650 2488 scriptorum
1598 2526 1646 3005 commemorationi-

1534 1312 1581 1403 bus
1517 1430 1575 1650 apparet.
1531 1718 1578 1785 Et
1512 1809 1577 2165 Aristophanes
1510 2195 1571 2392 quidem
1522 2422 1570 2552 illam
1519 2569 1566 2722 semel
1519 2747 1565 2795 in
1517 2823 1566 3005 Avibus

1439 1312 1502 1377 (v.
1438 1412 1502 1565 8290,
1452 1602 1495 1679 ter
1451 1712 1498 1760 in
1449 1796 1499 1945 Ranis
1433 1984 1497 2046 (v.
1445 2081 1491 2191 864.
1445 2229 1490 2370 1240.
1428 2408 1490 2574 1316.)
1424 2613 1486 2845 respexit,
1437 2892 1486 3002 Ari-

1373 1311 1421 1515 stoteles
1371 1563 1419 1638 bis
1355 1677 1422 1843 (Rhet.
1355 1873 1417 2017 111‚9‚
1366 2047 1413 2094 4.
1365 2119 1406 2168 et
1365 2205 1412 2266 de
1349 2302 1407 2433 poet.
1363 2469 1411 2579 aud.
1345 2617 1406 2745 apud
1357 2779 1408 3003 Macrob.

1282 1310 1343 1374 V,
1278 1401 1342 1518 18.).
1291 1557 1340 1647 His
1290 1675 1339 1802 adde
1274 1832 1338 2117 Lucianum‚
1282 2154 1334 2452 Demetrium
1280 2485 1331 2775 Phalereum
1262 2803 1327 2999 (fragm.

1198 1308 1266 1411 2.)‚
1212 1458 1262 1765 Macrobium
1191 1805 1260 2004 (fragm.
1190 2042 1254 2144 3.),
1189 2188 1253 2697 Pseudoplutarchum
1198 2742 1230 2852 cum
1197 2888 1246 3001 Dio·

1123 1309 1182 1451 dor0,
1118 1488 1181 1804 Apollodoro,
1112 1844 1175 2060 Hygino,
1110 2097 1171 2423 grammaticis
1123 2461 1166 2511 et
1118 2547 1168 2839 scholiastis.
1117 2884 1165 3000 Imi-

1054 1307 1102 1397 tati
1054 1433 1096 1543 sunt
1051 1577 1099 1739 Attius
1034 1776 1091 1921 atque
1045 1958 1096 2187 Ovidius:
1044 2239 1076 2329 nec
1045 2375 1077 2470 non
1040 2520 1087 2667 etiam
1038 2712 1086 2880 Scirae
1037 2915 1069 2999 co-

974 1308 1022 1424 mici
956 1458 1022 1710 Meleager
956 1733 1017 1901 (quem
964 1932 1007 2283 commemorat
961 2311 1012 2597 Athenaeus
943 2615 1008 2760 IX.p.
957 2783 1003 2894 402.
939 2917 1006 2996 Β.)

894 1308 941 1359 in
877 1392 941 1649 Euripidei
874 1686 937 1848 operis
872 1885 937 2231 depravatione
883 2264 925 2484 versatus
880 2517 913 2628 esse
876 2653 927 2860 videtur.
876 2897 924 2996 Ae-

811 1309 860 1492 cedunt
810 1524 859 1767 artificum
793 1805 857 1956 signa,
790 1992 838 2201 quorum
788 2234 851 2472 reliquiae
800 2508 842 2698 exstant
782 2739 845 2993 plurimae,

731 1310 781 1401 sed
729 1448 778 1656 maxime
713 1701 777 1907 insignia
724 1940 773 2033 tria
721 2067 773 2255 Romae
704 2286 771 2558 anaglypha
700 2594 769 2859 (Capitol.,
716 2907 764 2991 Al-
