5010 3336
3775 3252 3805 3284 333

1143 2122 1198 2241 337

1289 2930 1338 3005 dis
1290 2642 1350 2895 laesaeque
1287 2491 1335 2608 fidei
1287 2254 1335 2450 crimina
1286 2041 1332 2219 sutura.
1286 1646 1350 1974 Indignissima
1292 1449 1335 1608 autem
1295 1361 1337 1413 et

1371 2740 1417 3008 miserrima
1383 2583 1414 2692 esse
1383 2415 1429 2539 quae
1380 2227 1426 2369 passa
1365 2122 1410 2182 sit
1364 1901 1411 2076 Medea
1383 1822 1412 1849 e
1368 1625 1428 1775 patria
1368 1363 1425 1590 abducta,

1449 2963 1495 3011 in
1448 2674 1511 2925 peregrina
1452 2508 1491 2638 terra
1444 2224 1499 2472 destituta,
1443 1987 1505 2187 insuper
1445 1732 1492 1952 exsulare
1447 1555 1506 1696 iussa,
1463 1362 1508 1518 neque

1528 2826 1575 3010 habens
1542 2699 1587 2789 quo
1542 2608 1572 2661 se
1524 2339 1571 2572 conferat.

1605 2733 1654 2878 Venit
1606 2654 1650 2699 in
1603 2327 1664 2617 colloquium
1599 2041 1657 2281 Medeae,
1599 1937 1645 1995 ad
1601 1692 1647 1891 audacia
1618 1503 1663 1643 quam
1604 1363 1650 1450 do-

1684 2911 1730 3013 losa
1683 2680 1729 2874 consilia
1681 2302 1745 2645 propensioris,
1679 2114 1735 2267 lason,
1678 1848 1725 2077 simulans
1679 1608 1740 1800 quidem
1696 1526 1727 1578 se
1698 1364 1729 1495 com-

1762 2868 1808 3011 modo
1767 2784 1807 2832 et
1762 2622 1809 2749 illius
1768 2534 1808 2583 et
1762 2244 1807 2499 liberorum
1758 1906 1819 2204 prospicere,
1774 1698 1804 1869 revera
1766 1505 1805 1663 autem
1778 1363 1822 1471 par-

1842 2927 1886 3012 tim
1841 2692 1904 2888 virginis
1841 2383 1900 2655 desponsae
1852 2172 1883 2336 amore
1842 1962 1897 2127 captus
1840 1875 1883 1925 et
1837 1612 1883 1842 barbarae
1840 1362 1886 1578 mulieris

1920 2737 1981 3011 coniugium
1920 2418 1972 2701 fastidiens,
1915 2192 1978 2367 partim
1916 1959 1977 2138 proprii
1916 1683 1962 1924 commodi
1917 1491 1963 1647 studio
1918 1363 1964 1454 du-

2003 2886 2045 3011 ctus.
1999 2753 2044 2818 Et
2014 2538 2044 2708 novam
1995 2290 2043 2504 iniuriam
1994 1922 2056 2251 superioribus
1995 1718 2053 1882 addit,
2011 1522 2057 1667 quum
1996 1362 2043 1486 libe-

2093 2850 2124 3013 rorum
2076 2502 2139 2814 possessione
2074 2251 2121 2473 Medeam
2073 2048 2119 2224 cedere
2073 1843 2120 2019 iubeat.
2073 1623 2120 1772 Cuius
2075 1363 2131 1594 caecitas,

2171 2953 2203 3012 ex
2157 2695 2218 2917 cupidine
2158 2526 2212 2661 nata,
2158 2343 2199 2475 tanta
2160 2195 2209 2297 est,
2156 2095 2198 2145 ut
2152 1907 2199 2050 etiam
2152 1667 2200 1873 Medeae
2153 1364 2210 1631 libidinem,

2250 2918 2296 3013 qua
2236 2644 2297 2883 quondam
2232 2360 2280 2606 carissima
2246 2107 2292 2323 quaeque
2230 1890 2278 2071 Iasonis
2232 1691 2277 1841 amori
2233 1362 2293 1655 postposuit,

2328 2782 2377 3013 superare
2313 2496 2360 2731 videatur.
2310 2295 2356 2417 Nam
2310 2158 2356 2249 nisi
2309 1969 2371 2111 plane
2310 1750 2357 1924 mentis
2311 1562 2357 1714 aciem
2312 1480 2357 1525 ei
2328 1364 2358 1448 vo-

2393 2818 2454 3013 luptatis
2391 2466 2451 2782 utilitatisque
2390 2314 2435 2431 ratio
2389 1913 2447 2277 obstrinxisset,
2405 1773 2435 1864 non
2395 1567 2450 1736 posset
2396 1364 2451 1533 postu-

2472 2897 2526 3014 lare,
2476 2807 2518 2861 ut
2470 2600 2517 2774 mulier
2469 2448 2515 2567 tanti
2468 2256 2514 2402 animi
2473 1948 2527 2203 tantaeque
2468 1552 2525 1900 confidentiae,
2469 1364 2516 1502 cuius

2566 2868 2612 3014 opera
2554 2783 2596 2832 et
2548 2534 2596 2748 consiliis
2548 2395 2609 2498 ipse
2547 2188 2603 2359 omnia,
2547 1788 2607 2149 quibuscunque
2547 1486 2607 1753 gloriatur,
2549 1364 2595 1449 ad·

2635 2871 2692 3013 eptus
2634 2751 2683 2841 est,
2627 2474 2689 2713 patienter
2624 2326 2671 2447 serat
2640 2238 2671 2289 se
2640 2116 2671 2209 non
2624 1920 2670 2073 solum
2625 1739 2686 1891 gratia
2625 1363 2673 1709 beneficiorum

2707 2820 2770 3015 privari,
2707 2695 2752 2782 sed
2705 2518 2751 2659 etiam
2704 2254 2765 2480 reliquis,
2719 2098 2765 2218 quae
2704 1879 2764 2061 optimo
2703 1739 2750 1842 iure
2708 1542 2765 1703 tenet,
2706 1364 2765 1491 exui,

2786 2799 2847 3015 satisque
2785 2557 2835 2765 habeat,
2784 2391 2844 2520 quod
2783 2216 2828 2355 liceat
2782 2138 2827 2181 ei
2783 1929 2828 2100 marito
2781 1634 2844 1893 liberisque
2784 1362 2845 1597 spoliatae

2866 2971 2912 3018 in
2866 2791 2912 2935 domo
2862 2524 2909 2743 aemulae
2861 2349 2906 2493 vitam
2861 2118 2906 2311 trahere
2861 1670 2908 2081 contumeliosam.
2862 1367 2909 1599 Ceterum

2959 2922 3006 3017 quo
2941 2645 3003 2886 stupidior
2944 2536 2986 2610 est
2939 2454 2985 2502 in
2939 2036 3000 2417 explenda,‘hoc
2940 1816 2985 2000 acutior
2940 1440 3001 1782 sollertiorque
2942 1364 2990 1413 in

3021 2712 3070 3019 defendenda
3018 2437 3080 2677 cupidine,
3019 2184 3079 2399 satisque
3017 1922 3080 2155 speciosis
3020 1598 3080 1893 argumentis
3036 1364 3067 1567 accusa—

3102 2839 3148 3021 tionem
3098 2581 3155 2804 Medeae,
3112 2358 3143 2543 summa
3114 2214 3144 2322 cum
3097 1853 3158 2178 indignatione
3098 1771 3144 1819 in
3115 1625 3145 1735 cum
3099 1365 3157 1599 invectae,

3180 2832 3227 3018 diluere
3182 2556 3222 2770 conatur.
3176 2350 3222 2469 Nam
3192 2154 3236 2297 quum
3176 2020 3221 2098 illa
3175 1610 3238 1958 impudentiam
3178 1506 3224 1549 ei
3194 1364 3225 1447 ex-

3258 2720 3320 3019 probrasset,
3254 2558 3314 2684 quod
3254 2368 3315 2521 ipsius
3270 2238 3300 2331 non
3254 2002 3300 2203 vitasset
3263 1634 3316 1965 conspectum,
3272 1450 3318 1595 quum
3262 1364 3303 1413 et

3335 2783 3384 3020 beneficia
3333 2364 3396 2725 percensuisset
3338 2254 3377 2300 et
3332 1844 3393 2191 promissorum
3333 1544 3395 1781 dataeque
3336 1364 3382 1483 fidei

3430 2910 3462 3019 eum
3412 2535 3470 2883 admonuisset,
3426 2359 3471 2498 quam
3410 2200 3455 2327 nulla
3411 1869 3456 2160 necessitate
3417 1645 3457 1839 coactus
3412 1365 3471 1614 violasset,

3493 2811 3554 3019 denique
3506 2710 3536 2762 se
3490 2621 3536 2664 in
3490 2278 3551 2583 desperatam
3494 2058 3533 2238 sortem
3488 1892 3534 2022 illius
3490 1651 3547 1855 perfidia
3490 1367 3537 1615 detrusam

3588 2909 3620 3020 esse
3568 2552 3623 2874 ostendisset,
3568 2435 3613 2516 hic
3567 2192 3629 2398 primum
3566 1972 3629 2154 gratiae
3565 1649 3614 1937 referendae
3568 1454 3614 1615 officio
3585 1364 3615 1417 se

3652 2808 3700 3018 solutum
3664 2652 3695 2763 esse
3647 2425 3693 2604 iudicat
3644 2235 3701 2377 ide0,
3646 2056 3706 2183 quod
3645 1956 3691 2021 nil
3661 1827 3690 1919 non
3644 1598 3692 1791 Venere
3647 1364 3695 1562 iubente

3735 2720 3792 3019 cogenteque
3743 2658 3773 2684 a
3725 2446 3772 2623 Medea
3723 2178 3771 2409 effectum
3723 2078 3770 2141 sit
3722 1971 3785 2053 *),
3723 1741 3772 1919 deinde
3725 1539 3771 1695 omnia
3725 1365 3773 1495 illius

3926 2917 3979 2968 ἦ)
3924 2702 3980 2887 Insignis
3927 2416 3979 2678 corruptela,
3938 2282 3978 2393 quae
3926 2154 3965 2261 latet
3921 2087 3962 2129 in
3922 1864 3962 2063 versibus
3920 1566 3973 1840 529-7531„
3920 1364 3975 1536 pridem

4008 2800 4047 2883 ope
3994 2502 4034 2771 scholiorum
3994 2330 4035 2472 sanari
3993 2159 4047 2299 potuit
3992 2069 4031 2130 sic
3992 1786 4032 2039 scribendo:

4061 2756 4106 2781 ὁ
4060 2684 4104 2724 δ’
4060 2562 4104 2653 ἔστι
4061 2454 4116 2534 μέν
4079 2348 4116 2425 μοι
4058 2146 4110 2319 λεπτός,
4056 2021 4102 2112 ἀλλ’
4060 1737 4115 1991 ἐπίφθονος

4130 2635 4186 2777 λόγος,
4133 2391 4183 2603 διελθεῖν,
4133 2300 4181 2359 αἱς
4131 2127 4187 2270 Ἔρως
4132 2057 4172 2093 σ’
4128 1804 4185 2027 ἠνάγκασε

4199 2628 4243 2781 πόνων
4198 2381 4254 2596 ἅφύκτων
4199 2181 4255 2352 τούμὸν
4200 1958 4244 2150 ἐκσῶσαι
4201 1778 4255 1929 δέμας.

4270 2819 4311 2885 De
4271 2586 4314 2790 vocabuli
4270 2398 4323 2557 λεπτός
4273 2326 4315 2370 vi
4273 2238 4313 2294 cf.
4287 2166 4314 2204 v.
4270 2011 4313 2133 1081.

3433 712 3520 735 b»)

3111 764 3133 773 ,4
3199 766 3205 769 ,
3423 767 3425 770 ⁴
3479 766 3485 769 ¹
3519 761 3522 768 ,
3614 756 3617 757 ⁷
3679 762 3692 767 ,
3719 760 3729 763 e

3076 790 3087 793 ⁴
3105 784 3542 796 ..θανῇ-ψη
3554 784 3596 793 -s-
3632 783 3707 793 r⁴zv
3718 777 3766 792 :³2

3116 817 3118 819 .
3322 812 3412 819 ,r-ffl
3435 812 3459 817 m·
3495 802 3498 803 ⁷
3612 801 3617 803 ’

3835 643 3847 656 q
3903 641 3907 643 ·
3928 639 3982 650 *ἡ

3823 754 3915 767 a—;-—‘

3612 810 3753 818 -κ--ψ,
3765 809 3812 817 -ιὲ,
3839 808 3899 816 <v>s
3931 808 3953 815 ,-,
3975 800 3991 813 .-'
4011 809 4013 811 -

3995 638 4012 649 v

3783 776 3945 801 ,ια’-τῇ
3922 789 3928 791 „
3948 773 4127 793 -Ae—fflss
4151 772 4203 789 «ᾑ-

3959 751 4041 765 --“-’“
4070 756 4087 760 ·-
4106 748 4334 763 ›bamma-ux·
