5010 3336
2240 3278 2269 3326 m

1128 2110 1183 2230 439

1303 2749 1351 2990 sonasque
1298 2607 1333 2714 cum
1279 2348 1343 2572 gravibus
1274 2146 1323 2312 eadem
1272 1891 1326 2107 ratione,
1282 1762 1329 1855 qua
1266 1567 1327 1728 graeci
1267 1343 1327 1534 poetae,

1368 2782 1417 2990 miscuit.
1364 2484 1410 2712 Ceterum
1358 2382 1404 2459 his
1354 2223 1401 2346 adde
1366 2076 1413 2195 quae
1351 1990 1396 2050 de
1349 1797 1395 1965 eadem
1362 1725 1392 1779 re
1359 1557 1407 1700 supra
1360 1482 1406 1531 p.
1345 1341 1389 1453 230.

1445 2649 1496 2989 d1sseruimus.

1523 2792 1573 2868 Ad
1519 2547 1584 2771 Cyclopis
1515 2300 1563 2511 fabulam
1508 2102 1555 2267 redeo-
1504 1908 1551 2031 Sunt
1503 1729 1564 1875 satyri
1504 1477 1562 1695 agrestes
1499 1338 1560 1444 qui-

1607 2875 1653 2985 dem
1602 2614 1660 2839 ferique,
1595 2490 1643 2575 sed
1609 2359 1640 2453 non
1587 2185 1636 2327 trivio
1582 1926 1645 2149 concepti
1586 1842 1628 1890 et
1579 1617 1627 1807 educati
1583 1337 1637 1581 stercore;

1687 2874 1731 2987 sunt
1679 2701 1737 2842 nudi,
1676 2577 1724 2663 sed
1690 2446 1722 2541 non
1667 2278 1717 2410 foedi
1664 1880 1723 2231 obscoenique‚
1658 1587 1722 1831 protervi,
1658 1465 1703 1551 sed
1671 1335 1704 1431 non

1759 2747 1822 2987 flagitiosi,
1760 2656 1804 2710 ut
1770 2528 1803 2621 non
1752 2429 1799 2494 sit
1743 2098 1798 2397 mirandum,
1740 1934 1803 2061 quod
1739 1829 1785 1896 dii
1737 1521 1796 1795 heroesque
1736 1336 1782 1487 inter—

1842 2872 1888 2987 dum
1852 2668 1885 2836 eorum
1832 2332 1881 2633 delectentur
1820 1931 1872 2295 consuetudine.
1815 1685 1865 1863 Verbis
1819 1434 1861 1637 utuntur
1814 1332 1860 1402 illi

1919 2790 1981 2983 quidem
1914 2599 1962 2753 minus
1905 2266 1973 2563 splendidis,
1901 2130 1948 2216 sed
1915 1989 1946 2085 non
1898 1814 1960 1956 plane
1894 1555 1942 1779 tenuibus
1867 1333 1939 1522 inorna-

1998 2805 2059 2983 tisque.
1994 2573 2054 2738 Itaque
1986 2406 2051 2539 digni
1984 2147 2039 2372 fuerunt,
1979 1934 2040 2108 quibus
1976 1756 2022 1897 etiam
1973 1512 2020 1719 carmina
1987 1332 2033 1477 quae-

2077 2871 2123 2980 dam
2072 2626 2138 2844 graviora
2065 2386 2115 2600 canenda
2062 2043 2110 2363 deferrentur.
2055 1770 2102 1973 Omnino
2057 1579 2099 1735 autem
2050 1330 2097 1556 incolumi

2154 2750 2217 2982 gravitate
2152 2573 2197 2733 iocum
2143 2335 2193 2539 tentavit
2138 2031 2201 2308 Euripides,
2142 1946 2183 1995 et
2132 1677 2196 1913 imprimis
2146 1472 2191 1643 magna
2145 1330 2175 1437 cum

2232 2772 2281 2980 utilitate
2226 2524 2289 2735 Cyclops
2222 2339 2269 2486 animi
2221 2218 2267 2290 sui
2233 2029 2265 2169 sensa
2216 1803 2261 1994 theatro
2209 1555 2273 1766 exponit.
2207 1328 2267 1485 Quem

2327 2885 2359 2979 non
2307 2652 2373 2835 pudeat
2302 2460 2365 2609 impie
2301 2098 2361 2415 cogitatorum
2298 1682 2357 2050 spretorumque
2288 1408 2345 1637 deorum,
2285 1326 2331 1366 si

2389 2809 2437 2978 eadem
2402 2720 2433 2775 se
2389 2543 2445 2688 atque
2379 2159 2443 2509 Polyphemum
2374 1942 2423 2125 sentire
2368 1639 2432 1911 intelligat?

2530 1947 2540 2365 ψ-ῤ-Ψν-Μᾼμ,
2531 1927 2533 1940 Α.

2806 2700 2873 2835 De
2795 2144 2869 2628 canticis
2786 1456 2878 2069 Euripidis,

3044 2679 3091 2828 Aetas
3039 2560 3086 2645 illa
3033 2204 3084 2530 novandarum
3043 2005 3075 2169 rerum
3022 1532 3081 1969 mutandorumque
3016 1315 3064 1507 institu—

3133 2806 3175 2967 torum
3122 2502 3184 2772 priscorum
3108 2108 3160 2466 studiosissima
3122 2001 3153 2062 ne
3103 1759 3151 1955 musicis
3098 1514 3162 1708 quidem
3094 1310 3143 1468 modis

3202 2652 3259 2963 numerisque
3192 2369 3241 2618 abstinuit.
3186 2101 3233 2299 Exstitit
3185 1943 3231 2067 enim
3181 1780 3242 1918 quasi
3179 1450 3239 1757 Anaxagoras
3172 1310 3235 1415 qui*

3284 2848 3330 2959 dam
3276 2530 3328 2815 melicorum
3268 2194 3324 2500 Timotheus,
3264 2077 3325 2158 qui
3276 1904 3309 2043 suum
3257 1665 3306 1869 novandi
3254 1418 3301 1632 studium
3250 1307 3297 1385 his

3362 2804 3411 2960 verbis
3350 2448 3421 2769 praedicavit:

3430 2600 3482 2697 οὐκ
3424 2410 3475 2565 ἀείδω
3421 2313 3470 2375 τὰ
3418 2056 3469 2279 παλαιά·

3506 2539 3562 2695 καινὰ
3503 2407 3569 2506 γὰρ
3500 2266 3564 2371 ἅμα
3498 1998 3562 2232 κρείσσω.

3588 2578 3646 2698 νέος
3584 2517 3635 2544 ὁ
3575 2346 3639 2477 Ζεὺς
3578 2045 3642 2316 βασιλεύει,

3668 2635 3718 2695 τὸ
3662 2379 3716 2601 παλαιὸν
3658 2298 3708 2343 δ’
3652 2194 3721 2261 (ἧν
3656 1948 3719 2157 Κρόνος
3655 1716 3714 1915 ἅρχων

3747 2529 3797 2692 ἀπίτω
3744 2320 3806 2491 μοῦσα
3736 2094 3787 2287 παλαιά
3736 1995 3796 2059 *).

3834 2684 3885 2948 Audiamus
3830 2586 3876 2648 de
3828 2462 3874 2554 hac
3838 2374 3869 2427 re
3818 2045 3866 2355 Plutarchum
3814 1961 3860 2008 in
3811 1788 3867 1925 libro„
3820 1610 3870 1752 quem
3802 1512 3849 1573 de
3798 1298 3847 1479 musica

3911 2748 3976 2947 scripsit
3909 2378 3971 2715 exponentem.
3898 2275 3945 2327 C.
3900 2181 3943 2239 6:
3892 1902 3954 2144 „Omnino
3888 1655 3937 1865 citharae
3886 1454 3929 1619 cantus
3877 1297 3923 1421 Ter—

4062 2839 4114 2888 ss)
4059 2742 4101 2810 Cf.
4056 2534 4100 2712 Suidas:
4052 2409 4106 2492 τὴν
4045 2178 4101 2369 δεκάτην
4045 2066 4087 2141 καὶ
4042 1786 4093 2024 ἑνδεκάτην
4034 1582 4092 1749 χορδὴν
4028 1293 4089 1544 προςέθηκε

4128 2725 4171 2803 καὶ
4123 2613 4180 2697 τὴν
4121 2389 4179 2581 ἀρχαίαν
4115 2134 4174 2352 μουσικὴν
4114 2025 4157 2095 ἐπὶ
4110 1937 4155 1987 τὸ
4106 1591 4166 1907 μαλακώτερον
4100 1296 4157 1562 μετήγαγεν·

4189 2744 4251 2803 ἦν
4195 2667 4239 2715 δὲ
4194 2564 4236 2637 ἐπὶ
4188 2190 4245 2541 τῶνΕὕριπίδου
4183 1989 4240 2159 χρόνων
4182 1879 4223 1959 τοῦ
4176 1619 4235 1847 τραγικοῦ,
4169 1490 4216 1596 καθ’
4164 1389 4219 1467 οὓς
4164 1291 4210 1367 καὶ

4266 2577 4313 2795 Φίλιππος
4262 2524 4306 2548 ὁ
4258 2266 4305 2492 Μακεδών
4256 2014 4309 2237 ἐβασίλευε
4255 1897 4294 1985 κτλ.
