5010 3336
4027 2111 4096 2209 ‘26

3873 1336 3922 1597 perperam
3875 1631 3937 1868 quaedam
3873 1904 3940 2219 intelligendo
3885 2253 3935 2440 factum
3871 2487 3927 2592 est,
3881 2639 3924 2693 ut
3861 2738 3925 3006 reprehen-

3808 1334 3859 1486 dendi
3809 1506 3859 1756 materiam
3809 1784 3859 1878 sibi
3794 1902 3859 2094 quidam
3804 2122 3856 2368 invenisse
3800 2392 3852 2694 viderentur.
3794 2756 3848 3007 Summam

3730 1332 3773 1495 autem
3730 1529 3773 1665 recte
3727 1698 3779 1979 damnasset
3717 2012 3778 2241 Beckius‚
3726 2276 3773 2317 si
3722 2343 3758 2511 verum
3721 2540 3765 2676 esset
3705 2702 3769 2840 illud,
3701 2876 3762 3008 quod

3651 1331 3697 1380 in
3651 1414 3699 1569 Rhesi
3635 1602 3682 1813 persona
3649 1846 3682 2090 summum
3647 2124 3679 2288 rerum
3642 2324 3685 2623 momentum
3624 2660 3686 2775 poni
3635 2811 3684 3006 statuit:

3570 1330 3618 1390 ad
3556 1422 3619 1554 quod
3570 1588 3618 1899 statuendum
3569 1924 3601 2019 non
3568 2041 3616 2234 videtur
3549 2254 3611 2534 tragoediae
3544 2559 3608 2715 ipsius
3544 2741 3601 3003 structura,

3490 1329 3538 1418 sed
3490 1438 3538 1542 solo
3490 1568 3538 1710 titulo
3474 1737 3536 1900 operis
3473 1929 3538 2096 spurio
3486 2121 3528 2283 motus
3480 2311 3516 2440 esse.
3480 2485 3528 2552 At
3479 2578 3512 2674 non
3462 2699 3510 2850 posse
3473 2868 3525 3006 Rhe-

3410 1329 3441 1437 sum
3394 1472 3459 1763 primariae,
3394 1800 3441 1942 quam
3394 1980 3458 2177 dicunt,
3390 2214 3437 2455 personae
3399 2488 3451 2651 locum
3395 2687 3445 2908 obtinere
3394 2943 3427 3005 ex

3328 1325 3377 1402 his
3314 1447 3377 1591 ipsis,
3315 1652 3363 1776 quae
3327 1818 3378 2098 rectissime
3326 2143 3375 2224 ille
3307 2268 3373 2640 animadvertit,
3301 2700 3365 3005 intelligitur.

3236 1322 3297 1483 „Nam
3236 1510 3297 1740 Graeci,''
3233 1775 3296 1948 inquit,
3235 1981 3296 2070 „ii‚
3231 2107 3295 2188 qui
3244 2213 3293 2391 bellum
3227 2415 3282 2668 gesserant
3235 2692 3270 2803 cum
3234 2827 3285 3005 Troia-

3157 1321 3215 1427 nis,
3152 1471 3216 1772 putabantur
3166 1804 3216 1983 horum
3164 2017 3212 2227 maiores
3151 2265 3196 2401 esse,
3146 2451 3208 2623 quibus
3155 2662 3207 2829 fabula
3153 2861 3202 3001 exhi-

3084 1320 3136 1549 bebatur.
3072 1604 3136 1776 Itaque
3086 1809 3135 1861 hi
3070 1898 3118 2120 quoque,
3069 2156 3130 2345 posteri
3067 2380 3129 2599 illorum,
3075 2636 3127 2876 Troianos
3072 2909 3123 3001 ha-

3005 1319 3058 1500 bebant
2990 1532 3040 1623 pro
3002 1657 3055 1899 hostibuS.
3003 1966 3052 2175 Hostem
2989 2211 3046 2406 autern,
2999 2456 3048 2603 etiam
2981 2654 3044 2739 qui
2992 2775 3037 3005 censetur

2926 1319 2970 1504 tantum
2926 1560 2974 1718 hostis
2911 1776 2956 1918 esse,
2923 1970 2971 2181 interfici
2922 2241 2972 2300 ab
2919 2363 2968 2508 hoste
2917 2559 2950 2656 non
2898 2702 2948 3003 magnopere

2845 1318 2895 1649 commovebit
2844 1682 2894 1907 homines
2831 1942 2890 2109 rudes,
2827 2149 2889 2230 qui
2838 2263 2889 2514 hominem
2839 2550 2870 2578 a
2822 2605 2884 2791 milite,
2831 2826 2883 3002 huma-

2765 1316 2812 1518 nitatem
2765 1565 2796 1593 a
2748 1638 2812 1826 proelio
2747 1874 2810 2180 distinguere
2760 2226 2809 2346 satis
2758 2393 2791 2488 non
2756 2534 2805 2713 valent.
2753 2791 2803 3003 Accedit

2685 1316 2733 1482 odium
2686 1531 2729 1583 et
2669 1629 2726 1933 contemtuS,
2668 1984 2713 2080 quo
2679 2118 2729 2300 Graeci
2678 2334 2727 2579 Asiaticos
2675 2613 2724 2839 homines
2658 2882 2704 2999 pro-

2591 1314 2654 1669 sequebantnr,
2588 1721 2636 1843 quos
2600 1880 2650 2112 barbaros
2590 2149 2647 2413 vocabant,
2598 2463 2642 2565 tum
2597 2615 2638 2666 et
2583 2699 2644 2822 hoc,
2579 2868 2641 3000 quod

2526 1313 2574 1409 nisi
2524 1453 2571 1619 occiso
2522 1667 2571 1837 Rheso
2522 1885 2569 2003 salvi
2521 2040 2553 2151 esse
2519 2187 2567 2368 Graeci
2518 2404 2550 2500 non
2502 2537 2560 2817 potuerant.
2512 2887 2562 2998 Non

2427 1310 2492 1458 igitur
2428 1491 2486 1607 apta
2442 1640 2491 1798 Rhesi
2441 1833 2490 2010 caedes
2424 2046 2488 2353 tragoediae:
2424 2410 2471 2570 neque
2437 2615 2485 2744 enim
2432 2791 2481 2996 misera-

2362 1311 2411 1422 bilis
2362 1467 2412 1623 videri
2362 1670 2411 1875 Graecis
2345 1923 2403 2144 poterat,
2360 2209 2407 2297 sed
2358 2343 2408 2606 iucunda.⁷'
2355 2683 2404 2823 Haec
2352 2869 2399 2996 bene

2266 1309 2330 1600 Euripidem
2281 1643 2330 1947 intellexisse
2264 1994 2326 2329 eundemque,
2278 2378 2320 2430 ut
2266 2465 2309 2551 eo,
2260 2603 2308 2698 quo
2274 2736 2323 2820 ille
2259 2857 2322 2996 dixit,

2202 1310 2249 1458 modo
2202 1504 2251 1653 animi
2185 1690 2244 2023 spectatorum
2187 2059 2247 2409 afficerentur,
2197 2466 2229 2657 summo
2193 2693 2242 2856 studio
2192 2893 2240 2993 ela-

2120 1309 2167 1512 borasse
2121 1546 2168 1792 neminem
2104 1828 2168 2002 sugere
2101 2036 2160 2218 potest7
2102 2254 2165 2335 qni
2116 2371 2164 2431 ad
2102 2474 2148 2596 opus
2099 2638 2162 2798 ipsum
2094 2838 2159 2995 magis

2023 1309 2073 1453 quam
2041 1502 2088 1563 ad
2040 1609 2087 1806 titulum
2037 1851 2084 2063 animum
2037 2112 2084 2374 advertere
2035 2417 2084 2562 volet.
2021 2648 2082 2778 Quid
2030 2826 2078 2994 enim‘ff

1960 1308 1992 1467 nonne
1959 1503 1991 1742 summam
1957 1776 2006 2095 barbarorum
1956 2134 2003 2517 contemtionem
1940 2554 2002 2777 cupidius
1936 2817 1983 2992 paene,

1864 1310 1911 1451 quam
1879 1490 1926 1635 decet
1863 1662 1911 1921 personam
1863 1952 1920 2144 poetae,
1874 2182 1925 2487 declaravit‘3
1874 2523 1907 2683 nonne
1858 2706 1917 2989 superbum,

1799 1306 1847 1525 ferocem
1782 1564 1847 1955 insolentemque
1796 1992 1845 2213 Rhesum
1796 2242 1828 2338 non
1794 2363 1842 2522 minus
1779 2548 1827 2694 quam
1790 2719 1841 2990 Hectorem

1718 1308 1766 1539 effinxit‘l
1718 1587 1749 1648 an
1703 1682 1761 1881 praeter
1717 1915 1765 2092 virium
1700 2128 1763 2537 magnitudinem,
1699 2585 1761 2776 generis
1711 2812 1759 2988 nobili-

1625 1305 1681 1488 tatem,
1637 1556 1669 1807 armorum
1621 1868 1685 2183 splendorem
1618 2241 1666 2576 equorumque
1616 2641 1677 2989 praestantiam

1541 1305 1604 1599 quidquam,
1542 1647 1588 1745 qno
1556 1779 1603 1857 vel
1539 1893 1603 2078 gratia,
1555 2127 1602 2204 vel
1543 2240 1601 2488 studium,
1553 2537 1600 2616 vel
1552 2651 1583 2788 amor
1551 2824 1598 2988 conci-

1465 1304 1523 1477 lietur,
1476 1524 1525 1741 moribus
1459 1786 1507 2128 personaeque
1474 2171 1521 2383 hominis
1473 2430 1520 2622 barbari
1471 2653 1521 2822 inest?
1469 2878 1519 2988 Nisi

1395 1303 1443 1435 forte
1395 1467 1443 1645 Musae
1395 1679 1443 1907 lamentis
1383 1944 1442 2391 vehementiorem,
1378 2430 1425 2572 quam
1380 2607 1440 2852 Atossae,
1389 2888 1438 2983 mi-

1315 1303 1365 1600 serationem
1315 1636 1358 1815 motam
1314 1853 1346 1964 esse
1297 1998 1356 2255 putamUS,
1296 2291 1361 2635 effectumque,
1310 2672 1354 2725 ut
1308 2760 1359 2982 Graecos

1235 1302 1284 1536 victoriae
1235 1570 1267 1688 suae
1219 1720 1282 2020 poeniteret.
1219 2088 1280 2215 Quid
1232 2250 1280 2440 multa?
1229 2486 1279 2735 victoriam
1229 2780 1278 2843 de
1227 2870 1274 2982 bar-

1154 1302 1203 1436 baris
1138 1480 1198 1781 reportatam
1136 1826 1202 2076 Euripidis
1151 2112 1199 2281 Rheso
1135 2326 1199 2533 perinde
1134 2566 1194 2715 atque
1133 2747 1197 2982 Aeschyli

1073 1302 1124 1468 Persis
1072 1518 1122 1815 celebratam
1072 1859 1104 1973 esse
1054 2031 1118 2343 perspicuum
1070 2390 1113 2485 est.
1070 2572 1118 2723 Cuius
1068 2768 1117 2981 laetitiae

993 1305 1026 1479 caussa
992 1525 1036 1661 tanto
976 1708 1040 1904 gravior
980 1951 1033 2081 erat,
974 2130 1033 2310 quanto
989 2357 1037 2620 terribilior
987 2655 1036 2869 hostium
988 2903 1036 2978 vis

897 1304 957 1583 quantoque
911 1616 959 1769 maior
910 1803 960 2002 fiducia.
908 2056 957 2193 Nihil
909 2226 953 2391 autem
907 2427 940 2546 curo
907 2582 940 2802 errorem
893 2828 957 2976 vulgi,

832 1303 881 1501 tristitia
830 1550 865 1715 rerum
813 1763 878 2044 tragoedias
827 2094 877 2342 metientis
815 2388 872 2464 et,
811 2527 872 2707 quanto
812 2752 861 2977 quaeque
