5010 3336
1124 2147 1182 2266 295

1284 2759 1347 3026 ptolemum
1279 2676 1325 2722 in
1276 2400 1340 2650 spelunca,
1272 2116 1332 2365 fatigatum
1266 1901 1329 2086 navigio
1279 1595 1325 1874 somnoque,
1262 1384 1307 1559 iacere.

1364 2947 1410 3023 Ob
1376 2786 1423 2911 quae
1357 2585 1406 2751 anxins
1356 2312 1409 2549 Acastus,
1349 1994 1411 2267 opprimere
1360 1804 1405 1946 quam
1341 1380 1389 1757 inimicissimum

1442 2801 1504 3021 cupiens,
1439 2704 1484 2765 ad
1435 2395 1499 2670 speluncam
1428 2174 1494 2358 pergit,
1431 1995 1486 2139 atque
1424 1914 1468 1962 in
1424 1775 1484 1879 ipso
1422 1606 1467 1739 aditu
1436 1544 1465 1570 a
1417 1379 1464 1512 The-

1522 2900 1578 3018 tide,
1533 2738 1580 2863 quae
1516 2645 1562 2704 ad
1531 2553 1561 2610 ea
1513 2416 1558 2520 loca
1506 2105 1569 2381 inquisitum
1502 1924 1549 2069 Pelea
1506 1680 1558 1891 venerat,
1516 1593 1546 1646 re
1498 1373 1561 1559 cognita

1595 2684 1662 3017 reprimitur.'’

1676 2656 1723 2888 Profecto
1666 2292 1731 2611 Neoptolemo
1662 2109 1709 2246 chori
1676 1882 1707 2074 carmen
1657 1510 1718 1848 interpositum
1659 1371 1710 1473 est3

1759 2920 1805 3016 hoc
1756 2738 1802 2875 finito
1754 2430 1803 2685 Acastum,
1745 2162 1791 2367 ducente
1739 1897 1787 2115 Mestore
1737 1772 1783 1855 illo
1733 1368 1789 1716 commentitio,

1836 2954 1884 3014 ad
1840 2706 1881 2894 antrum
1827 2456 1875 2646 venisse
1824 2246 1885 2411 ibique
1821 2138 1868 2201 de
1816 1758 1866 2093 interficiendo
1812 1364 1875 1707 Neoptolemo,

1914 2929 1977 3011 qui
1913 2747 1959 2874 intus
1906 2430 1970 2684 quiescere
1902 2071 1963 2370 fingebatur,
1895 1794 1944 1992 consilia
1895 1590 1941 1742 inisse
1896 1363 1954 1533 putan—

1995 2894 2041 3010 dum
1995 2753 2047 2858 est,
1987 2613 2035 2708 hoc
1989 2402 2048 2577 agente
1979 2009 2043 2357 Neoptolemo,
1980 1904 2022 1957 ut
1977 1592 2038 1861 ingressum
1972 1508 2018 1555 in
1984 1360 2031 1472 spe*

2088 2899 2120 3010 cum
2086 2822 2116 2850 a
2074 2637 2131 2777 tergo
2065 2394 2112 2591 adortus
2059 2077 2109 2346 occideret:
2055 1904 2119 2030 quod
2071 1795 2101 1855 ne
2054 1579 2109 1751 fieret,
2048 1357 2096 1532 Thetis

2151 2846 2200 3010 subito
2147 2750 2195 2812 de
2145 2578 2193 2715 coelo
2141 2330 2191 2541 demissa
2138 1990 2194 2297 intercessit3
2134 1775 2183 1944 eadem
2130 1481 2195 1726 patefacta
2142 1357 2174 1437 re-

2246 2900 2279 3009 rum
2227 2679 2275 2867 ratione
2228 2480 2271 2643 cetera
2220 2240 2284 2445 peregit,
2219 2142 2264 2203 de
2216 1934 2279 2106 quibus
2214 1778 2260 1899 haec
2210 1575 2271 1745 Dictys
2220 1354 2254 1539 memo—

2311 2907 2359 3009 riae
2304 2645 2354 2875 tradidit:
2302 2454 2361 2613 „Dein
2299 2217 2355 2419 cunctiS,
2312 2059 2358 2181 quae
2295 1778 2341 2034 adversum
2292 1549 2337 1745 ‹lommn
2284 1353 2333 1519 Achil-

2389 2946 2436 3005 lis
2387 2729 2447 2894 inique
2386 2628 2429 2678 et
2380 2330 2427 2586 adversum
2376 2202 2422 2277 fas
2377 1903 2436 2155 gesserat,
2368 1563 2417 1857 enumeratis
2366 1355 2412 1513 incre-

2467 2750 2532 3003 patisque,
2461 2641 2509 2701 ad
2465 2293 2522 2596 postremum
2455 1972 2500 2243 intercessu
2466 1839 2497 1927 suo
2450 1571 2495 1787 manibus
2444 1349 2492 1535 iuvenis

2547 2802 2603 3001 liberat,
2539 2458 2604 2758 persuadens
2534 2235 2597 2423 nepoti,
2538 2145 2580 2197 ut
2548 2051 2578 2110 ne
2530 1786 2591 2016 sanguine
2528 1551 2574 1751 ulterius
2522 1342 2571 1516 ulcisci

2626 2796 2688 2999 cuperet
2636 2677 2679 2764 ea,
2633 2504 2680 2627 quae
2619 2082 2661 2458 antecesserant.
2611 1845 2670 2012 ltaque
2608 1562 2663 1798 AcastuS‚
2602 1432 2650 1517 ubi
2616 1343 2647 1397 se

2708 2803 2768 2996 praeter
2714 2632 2762 2769 spem
2697 2341 2742 2595 liberatum
2690 1940 2747 2305 animadvertit,
2690 1732 2748 1904 sponte
2690 1646 2731 1696 et
2682 1485 2729 1616 illico
2695 1342 2726 1459 cun-

2790 2920 2830 2995 cta
2778 2738 2839 2872 regni
2773 2372 2836 2693 Neoptolemo
2770 2166 2817 2326 tradit.
2768 1970 2813 2085 lnde
2765 1732 2811 1919 iuvenis
2778 1574 2809 1680 cum
2776 1442 2806 1527 avo
2773 1339 2805 1397 ac

2858 2781 2908 2997 Thetide
2854 2436 2915 2747 reliquisque,
2850 2319 2911 2399 qui
2864 2117 2895 2282 secum
2846 1728 2907 2081 navigaverant,
2856 1457 2888 1690 summam
2853 1338 2884 1417 re-

2940 2911 3004 2994 gni
2936 2649 2999 2874 adeptuS,
2933 2564 2979 2613 in
2930 2282 2977 2529 civitatem
2927 2105 2973 2248 venit.
2925 1967 2971 2038 Ibi
2940 1905 2969 1930 a
2921 1684 2968 1869 cunctis
2917 1333 2981 1649 popularibus

3019 2812 3082 2992 quique
3015 2648 3061 2779 iuxta
3010 2293 3057 2615 inhabitantes
3010 2156 3055 2245 sub
3004 1905 3067 2110 imperio
3002 1749 3048 1853 eius
2999 1468 3062 1700 agebant,
2995 1335 3041 1421 be-

3100 2848 3160 2991 nigne
3100 2761 3142 2810 et
3108 2617 3139 2726 cum
3088 2256 3154 2579 gratulatione
3091 1978 3146 2229 exceptus,
3096 1730 3128 1942 amorem
3078 1626 3125 1701 sui
3076 1466 3123 1601 brevi
3089 1332 3122 1446 con—

3173 2774 3224 2986 firmat.”
3170 2504 3218 2706 Peleum
3169 2404 3214 2453 iu
3169 2112 3215 2361 beatorum
3162 1932 3209 2074 sedes
3177 1870 3206 1895 a
3158 1623 3205 1837 Thetide
3156 1329 3202 1588 abductum

3271 2869 3304 2980 esse
3269 2758 3299 2817 ex
3252 2641 3309 2727 iis,
3265 2464 3310 2587 quae
3246 2268 3292 2429 statim
3243 1924 3306 2233 expositurus
3255 1754 3296 1889 sum,
3240 1552 3299 1700 patet.

3332 2774 3378 2851 Ex
3329 2653 3375 2729 his
3326 2334 3373 2602 actionibus
3329 2038 3369 2281 certorum
3320 1618 3382 2002 fragmentorum
3314 1463 3361 1583 nihil
3328 1324 3358 1429 ser-

3418 2817 3461 2978 vatum
3412 2675 3465 2781 est3
3422 2570 3452 2629 ex
3404 2338 3451 2535 incertis
3401 2054 3463 2290 quaedam
3400 1913 3445 2008 huc
3397 1673 3443 1869 trahere
3409 1545 3440 1640 non
3391 1322 3449 1510 dubito,

3492 2842 3540 2977 velut
3506 2766 3536 2810 n.
3489 2621 3533 2728 102.
3483 2379 3530 2584 Matar:

3565 2686 3630 2848 νόμος
3562 2561 3612 2654 τὸν
3557 2336 3625 2527 ἐχθρὸν
3558 2155 3621 2302 δρᾶν,
3553 1982 3604 2118 ὅπου
3553 1769 3618 1947 λάβῃς,
3550 1545 3609 1735 κακῶς,

3655 2925 3699 2974 et
3649 2717 3711 2891 fragm.
3644 2566 3691 2679 dub.
3658 2486 3691 2533 n.
3644 2390 3687 2449 4:

3721 2532 3789 2843 εἱμαρμένον
3719 2440 3771 2495 δὲ
3719 2301 3768 2407 τῶν
3715 2090 3766 2268 κακῶν
3710 1679 3777 2055 βουλευμάτων

3804 2674 3864 2838 κακὰς
3799 2416 3867 2639 άμοιβάς
3797 2277 3849 2382 ἐστι
3797 1905 3859 2244 καρποῦσθαι
3790 1631 3857 1871 βροτούς,

3896 2918 3939 2968 et
3889 2710 3951 2886 fragm.
3887 2550 3931 2673 105:

3966 2671 4015 2836 σῶσαι
3960 2540 4027 2639 γὰρ
3959 2308 4010 2504 ὁπόταν
3960 2206 4020 2277 τῷ
3955 2065 4023 2172 θεῷ
3953 1899 4016 2031 δοκῇ
3968 1731 4011 1866 τινα,

4040 2640 4107 2837 πολλὴν
4041 2424 4091 2603 δίδωσι
4036 2123 4101 2391 πρόφασιν
4033 2017 4091 2087 εἰς
4030 1706 4095 1982 σωτηρίαν,

4128 2754 4190 2961 denique
4125 2548 4186 2720 fragm.
4124 2422 4169 2515 inc.
4120 2256 4172 2385 106..
4117 2164 4163 2221 ab
4116 1957 4161 2126 eodem
4113 1679 4175 1919 scriptore
4109 1368 4154 1645 servatum:

4201 2466 4263 2830 σπουδάζομεν
4197 2376 4249 2431 δὲ
4196 2199 4247 2342 πόλλ’
4192 2074 4243 2162 ὑπ’
4190 1814 4241 2038 ἐλπίδων
4186 1595 4252 1780 μάτην,

4283 2630 4341 2830 πόνους
4279 2378 4345 2595 ἔχοντες,
4274 2184 4328 2341 οὐδὲν
4272 1962 4331 2149 εἰδότες
4267 1678 4336 1927 (βροτοί).
