5010 3336
1021 2141 1074 2212 71

1171 2580 1236 3000 (ἄπταιστον)
1165 2361 1228 2543 signem
1163 2235 1211 2327 τὸν
1160 2056 1226 2203 ἥρωα
1157 1967 1207 2022 ἐν
1164 1865 1223 1934 τῷ
1157 1610 1208 1829 Φοίνικι.
1155 1356 1205 1541 Nihilo-

1255 2847 1299 3001 minus
1257 2648 1315 2811 pater,
1249 2510 1295 2603 hoc
1245 2194 1291 2464 coniectans
1238 1917 1303 2156 (ὀισθείς)
1255 1821 1285 1879 ex
1254 1712 1298 1785 eo,
1237 1549 1300 1675 quod
1236 1354 1282 1509 minus

1347 2946 1378 2998 se
1330 2644 1377 2903 iucundum
1324 2438 1390 2599 pellici
1338 2283 1369 2391 esse
1321 1999 1367 2237 sentiebat
1315 1822 1381 1952 (nam
1314 1601 1379 1788 πικρὸν
1311 1477 1380 1568 νέᾳ
1329 1353 1376 1446 γυ-

1427 2856 1458 3000 ναικι
1405 2528 1471 2818 πρεσβύτης
1399 2300 1465 2481 ἀνήρ)
1400 2023 1447 2249 continuo
1412 1891 1460 1979 pro
1397 1577 1458 1839 exploratis
1396 1350 1442 1530 habere

1490 2834 1551 2995 coepit
1504 2658 1550 2779 quae
1482 2367 1545 2625 inquirenti
1479 2174 1541 2332 pellex
1477 1899 1524 2139 indicavit.
1475 1734 1522 1830 Sed
1475 1589 1521 1710 haec
1477 1350 1537 1564 postmo-

1570 2884 1615 2997 dum
1568 2574 1613 2847 evenerunt.
1559 2314 1607 2508 Nullum
1558 2056 1619 2278 equidem
1555 1854 1602 2020 matris
1554 1638 1616 1822 filiique
1553 1551 1599 1611 de
1568 1469 1599 1523 re
1559 1346 1598 1446 tam

1648 2816 1694 2994 lubrica
1641 2493 1703 2780 colloquium
1654 2431 1685 2457 a
1642 2254 1699 2398 poeta
1636 1957 1682 2220 exhibitum
1633 1768 1679 1922 fuisse
1637 1546 1689 1732 statuo3
1630 1346 1693 1503 potius

1726 2772 1789 2997 pellicem
1723 2596 1784 2746 ipsam
1717 2347 1781 2570 prodisse
1720 2181 1777 2313 put0,
1720 2000 1775 2143 atque
1711 1660 1759 1971 altercatione
1710 1447 1772 1643 reginae
1723 1346 1754 1430 ex-

1804 2726 1852 2994 acerbatam
1814 2579 1857 2704 esse,
1802 2505 1843 2558 ut
1795 2173 1854 2479 Phoenicem,
1793 2024 1855 2149 quod
1797 1831 1839 2005 etcum
1796 1650 1837 1803 matie
1783 1341 1849 1621 conspirare

1888 2940 1930 2991 et
1882 2785 1929 2914 solus
1876 2489 1941 2765 impotentis
1874 2250 1922 2467 mulieris
1871 1975 1919 2221 ambitioni
1870 1764 1917 1957 obstare
1868 1478 1925 1743 videbatur,
1880 1341 1928 1453 per—

1963 2874 2009 2993 dere
1958 2508 2006 2838 constitueret.
1954 2175 2015 2441 Utramque
1951 2015 1998 2140 enim
1949 1765 1995 1990 seminam
1948 1694 1994 1744 in
1961 1480 1993 1670 scenam
1958 1337 2007 1453 pro-

2041 2797 2088 2993 ductam
2052 2653 2085 2763 esse
2035 2491 2082 2605 inde
2037 2286 2096 2449 patet,
2030 2109 2093 2236 quod
2030 1885 2077 2073 nomina
2028 1602 2088 1851 utriusque
2037 1335 2071 1545 comme-

2123 2715 2173 2990 morantur,
2130 2510 2176 2667 neque
2112 2263 2173 2461 reliquis
2110 1946 2157 2213 actionibus
2122 1749 2154 1910 earum
2102 1333 2151 1713 adhibendarum

2198 2844 2246 2989 ullam
2194 2392 2259 2796 opportunitatem
2190 2194 2236 2343 fuisse
2188 1996 2236 2149 video.
2186 1795 2233 1920 Tum
2182 1470 2232 1747 Alcimedae
2194 1331 2228 1426 non

2278 2768 2334 2989 leviores,
2289 2594 2336 2735 quam
2271 2324 2330 2560 Phthiae,
2268 2228 2313 2276 in
2266 1916 2314 2179 conflandis
2264 1734 2310 1869 malis
2268 1534 2326 1698 partes
2259 1330 2314 1501 fuisse,

2373 2922 2404 2981 ex
2353 2708 2401 2889 indicio
2350 2470 2414 2671 pictoris
2347 2231 2394 2433 coniicio
2344 1951 2407 2195 Cyziceni,
2343 1835 2405 1915 qui
2345 1429 2404 1801 repraesentans
2352 1328 2395 1401 ea,

2450 2861 2498 2982 quae
2434 2701 2479 2828 intus
2435 2553 2476 2665 sunt
2432 2398 2483 2520 acta,
2425 2139 2490 2361 profecto
2439 2010 2471 2104 non
2422 1786 2469 1976 videtur
2419 1476 2468 1752 Alcimedae
2431 1328 2479 1442 per-

2529 2817 2562 2982 sonam
2510 2482 2557 2781 adhibiturus
2506 2262 2561 2445 fuisse,
2504 2122 2551 2211 nisi
2502 1910 2549 2077 eadem
2505 1724 2547 1861 antea
2500 1643 2546 1693 in
2512 1464 2544 1607 scena
2507 1325 2540 1432 ver-

2598 2882 2640 2981 sata
2606 2746 2637 2849 rem
2590 2609 2650 2712 ipsa
2586 2284 2632 2576 intricasset.
2582 2081 2629 2206 Iram
2580 1825 2627 2032 Phthiae
2575 1500 2625 1779 altercando
2570 1325 2621 1454 exci-

2676 2833 2718 2979 tatam
2670 2679 2715 2799 haec
2666 2373 2712 2642 declarant:

2748 2607 2809 2848 „Quam
2744 2493 2791 2574 mi
2758 2383 2790 2455 ex
2756 2244 2788 2352 ore
2739 1848 2787 2215 orationem
2734 1548 2782 1816 duriter
2730 1320 2779 1518 dictis

2814 1876 2878 2211 dedit!’⁷*)

2910 2876 2956 2975 Iam
2909 2734 2953 2843 ante
2902 2415 2950 2700 feminarum
2898 2017 2946 2380 altercationem
2892 1646 2958 1979 prodeundum
2890 1516 2937 1610 fuit
2890 1318 2948 1481 choro,

3002 2834 3050 2976 quem
2981 2466 3046 2788 compositum
2979 2270 3026 2423 fuisse
2992 2161 3024 2222 ex
2977 2030 3034 2115 iis,
2990 1862 3036 1982 quos
2968 1711 3028 1826 ἔτας
2967 1591 3019 1679 καὶ
2959 1313 3027 1559 ἀνεψιοὺς

3063 2654 3113 2975 adolescentis
3059 2369 3107 2627 nominavit
3057 2085 3114 2345 Homerus,
3054 1935 3101 2048 inde
3057 1694 3115 1912 apparet,
3050 1531 3112 1657 quod
3047 1314 3095 1496 amici

3148 2916 3194 2973 ab
3142 2623 3190 2868 Phoenice
3139 2468 3201 2576 ipso
3136 2104 3199 2422 appellantur.
3134 1839 3180 2024 Horum
3132 1739 3177 1788 in
3129 1449 3176 1690 consortio
3128 1315 3173 1403 ho—

3221 2684 3271 2973 nestissimis
3218 2477 3264 2649 studiis
3215 2309 3262 2443 illum
3230 2076 3276 2272 operam
3210 1804 3270 2030 dedisse,
3215 1696 3256 1746 et
3224 1603 3255 1662 ex
3208 1482 3266 1570 iis,
3220 1311 3267 1433 quae

3304 2922 3349 2970 in
3298 2604 3346 2888 defensione
3294 2246 3340 2570 adolescentis
3294 1758 3347 2209 commemorantur,
3292 1672 3334 1721 et
3302 1578 3334 1637 ex
3285 1469 3333 1546 his
3283 1309 3331 1444 chori

3379 2810 3428 2970 verbis
3374 2464 3437 2777 intelligitur:

3454 2627 3520 2838 φθόνον
3450 2529 3500 2591 οὐ
3447 2342 3511 2493 σέβω,
3446 2082 3545 2299 φθρνεῖ-

3538 2706 3584 2834 σθαι
3531 2627 3581 2671 δ’
3527 2295 3591 2589 ἐθέλοιμόε
3524 2262 3575 2325 ἂν
3522 2151 3574 2226 ἐπ’
3519 1887 3579 2109 ἐσθλοῖς.

3617 2741 3671 2964 Interim,
3614 2581 3660 2693 dum
3611 2433 3658 2548 talia
3626 2372 3655 2398 a
3607 2187 3654 2336 choro
3606 1893 3661 2151 canuntur,
3600 1716 3648 1847 intus
3617 1653 3647 1681 a
3598 1446 3662 1620 pellice
3593 1304 3643 1410 seni

3698 2601 3745 2963 insusurrantur
3691 2491 3737 2572 illa
3687 2309 3737 2456 δόλια
3681 1901 3746 2275 ψι-θυρίσματα,
3681 1696 3742 1867 quibus
3680 1589 3726 1669 hic
3678 1304 3724 1564 vehemen-

3777 2771 3824 2959 tissime
3771 2423 3820 2735 exacerbatus
3768 2232 3814 2389 statim
3765 2135 3810 2197 ad
3762 1820 3810 2102 sumendum
3758 1440 3806 1791 atrocissimum
3769 1302 3815 1413 sup-

3855 2759 3920 2959 plicium
3852 2515 3898 2724 animum
3847 2258 3912 2480 applicat.
3842 2018 3890 2187 Prodit
3842 1936 3888 1986 in
3855 1712 3887 1903 scenam
3850 1517 3884 1665 senex
3830 1300 3879 1484 recenti

3935 2788 3984 2957 dolore
3932 2574 3979 2741 furens
3930 2352 3990 2543 iamque
3922 2036 3988 2323 supplicium
3937 1984 3966 2011 a
3935 1904 3967 1957 se
3923 1657 3982 1878 paratum
3930 1516 3963 1625 esse
3912 1300 3959 1493 dicens:

4158 2839 4209 2882 *)
4156 2667 4210 2810 Vulgo
4150 2502 4195 2637 laesis
4149 2260 4193 2476 numeris:
4149 2089 4199 2222 Quam
4143 1982 4187 2060 tibi
4156 1906 4185 1954 cx
4154 1804 4184 1876 ore
4143 1697 4182 1776 etc.
