5010 3336
3867 2073 3923 2196 408

3717 1290 3781 1668 conviciansque
3732 1687 3777 1736 et
3727 1755 3779 2189 vehementissima
3725 2207 3774 2426 oratione
3725 2448 3773 2497 in
3708 2524 3757 2677 genus
3716 2714 3767 2970 mulierum

3651 1288 3698 1566 universum
3650 1604 3700 1855 invehens.

3572 1420 3621 1540 Duri
3572 1559 3619 1704 animi
3554 1726 3618 2022 superbique
3568 2047 3610 2122 est
3568 2157 3615 2273 nihil
3564 2307 3613 2437 vitiis
3562 2476 3611 2681 aliorum
3544 2711 3608 2968 ignoscere

3479 1285 3535 1353 et,
3476 1389 3539 1519 quod
3491 1554 3535 1605 te
3475 1639 3539 1801 ipsum
3487 1839 3537 2178 imbecillitate
3484 2228 3527 2432 naturae
3481 2466 3532 2708 humanae
3463 2741 3525 2967 superio·

3412 1282 3444 1390 rem
3412 1427 3444 1537 esse
3396 1574 3454 1745 putes,
3408 1796 3458 2026 damnare
3392 2061 3439 2221 neque
3406 2272 3453 2368 ulla
3402 2404 3450 2541 venia
3386 2576 3450 2745 dignos
3396 2783 3446 2968 habere

3316 1281 3373 1563 peccantes,
3330 1632 3380 1757 Tam
3327 1793 3376 2050 sublimem
3325 2086 3367 2246 autem
3324 2283 3355 2420 suam
3321 2460 3354 2571 esse
3319 2593 3368 2821 virtutem
3301 2841 3366 2966 Hip-

3236 1279 3300 1477 polytus
3235 1512 3293 1682 putat,
3249 1734 3291 1788 ut
3248 1822 3279 1883 ne
3246 1919 3287 2105 vestem
3230 2157 3292 2353 quidem
3242 2390 3289 2448 ab
3226 2485 3289 2674 impura
3238 2704 3271 2798 anu
3222 2834 3283 2966 tangi

3155 1279 3219 1496 patiatur
3154 1540 3202 1785 auresque
3152 1831 3211 1974 putet
3166 2018 3212 2183 statim
3164 2231 3210 2335 vivo
3161 2391 3210 2529 fonte
3158 2565 3208 2797 eluendas
3156 2835 3189 2961 esse.

3076 1277 3140 1545 Egregium
3089 1592 3136 1689 hoc
3073 1736 3120 1932 quoque
3072 1967 3134 2153 signum
3084 2206 3126 2281 est
3083 2329 3129 2482 studii
3063 2528 3126 2801 exquisitae
3076 2850 3108 2961 san-

2999 1277 3060 1480 ctitatis,
2995 1518 3056 1664 quod7
2995 1702 3054 1922 quamvis
3008 1949 3039 2002 se
3004 2026 3054 2338 iureiurando
3001 2364 3049 2562 minime
2999 2595 3045 2749 teneri
2996 2780 3045 2960 intelli-

2916 1274 2974 1356 gat
2916 1391 2981 1592 (iuravit
2930 1628 2977 1755 enim
2913 1791 2976 1983 lingua,
2925 2021 2967 2234 mentem
2921 2270 2970 2527 iniuratam
2905 2565 2968 2746 gerit),
2915 2796 2958 2958 tamen

2852 1273 2893 1371 tam
2849 1407 2897 1651 obstinate
2836 1686 2890 1870 servat,
2847 1906 2890 1961 ut
2844 1996 2892 2317 atrocissimis
2842 2354 2874 2407 se
2840 2443 2887 2698 calumniis
2823 2734 2885 2959 lacerari,

2757 1275 2804 1420 quam
2769 1468 2817 1619 fidem
2769 1669 2816 1767 ullo
2753 1816 2808 1959 pacto
2766 1995 2813 2178 violare
2763 2215 2812 2365 malit.
2746 2434 2810 2773 lmprudenter
2740 2808 2804 2958 igitur

2689 1268 2740 1627 inconstantiae
2671 1676 2737 1968 Euripidem
2670 2018 2732 2174 arguit
2681 2221 2732 2589 Valckenarius.
2676 2658 2727 2854 Tenere
2674 2900 2707 2955 se

2612 1267 2644 1364 non
2595 1398 2653 1564 potest
2592 1597 2657 1934 Hippolytus,
2606 1978 2636 2034 re
2588 2070 2651 2353 turpissima
2587 2391 2648 2607 cognita,
2584 2645 2646 2759 quin
2579 2793 2642 2954 palam

2517 1268 2580 1464 clamet,
2513 1502 2560 1655 seque
2514 1690 2574 2018 iureiurando,
2510 2057 2570 2186 quod
2522 2225 2570 2404 invitus
2508 2429 2569 2636 dederit,
2518 2673 2565 2770 ullo
2513 2807 2560 2954 modo

2436 1264 2498 1522 prohiberi
2433 1569 2490 1730 negat.
2446 1817 2493 1917 Sed
2444 1966 2493 2166 Theseo
2443 2217 2473 2270 se
2442 2321 2473 2426 rem
2425 2478 2487 2787 proditurum
2433 2841 2467 2954 esse

2356 1263 2405 1503 nusquam
2354 1539 2416 1797 professus
2355 1834 2407 1924 est,
2349 1961 2396 2120 neque
2363 2157 2393 2215 ex
2352 2254 2394 2330 eo,
2347 2369 2406 2498 quod
2361 2536 2407 2584 in
2345 2618 2406 2777 primo
2354 2805 2402 2953 animi

2280 1264 2339 1457 timore,
2290 1495 2336 1612 dum
2288 1649 2334 1769 iram
2285 1807 2332 1968 verbis
2271 2000 2331 2227 effundit,
2268 2263 2328 2514 prohiberi
2281 2536 2312 2590 se
2261 2617 2327 2950 iureiurando,

2196 1262 2257 1522 quominus
2193 1559 2255 1718 palam
2194 1755 2254 2018 clamaret,
2187 2056 2249 2280 negavit,
2187 2335 2248 2661 sequebatur,
2198 2715 2237 2764 ut
2193 2800 2243 2948 etiam

2132 1260 2180 1321 ad
2114 1357 2171 1548 patrem
2128 1586 2159 1691 rem
2124 1728 2173 1986 deferendi
2124 2012 2171 2104 sibi
2122 2132 2169 2376 licentiam
2121 2404 2153 2516 esse
2114 2540 2166 2860 arbitraretur
2098 2875 2163 2943 *).

2050 1261 2101 1494 Ceterum
2048 1530 2096 1647 illud
2047 1684 2095 1896 dictum:

1955 1389 2021 1425 ἦ
1954 1458 2018 1647 γλῶσσ’
1949 1684 2019 1930 ὀμώμοχ’.,
1948 1967 2015 2001 ἦ
1964 2036 2016 2092 δὲ
1946 2128 2014 2272 φρὴν
1946 2307 2013 2598 ἀνώμοτος,

1891 1257 1939 1436 merito
1889 1473 1932 1524 et
1871 1558 1935 1859 sapientibus
1869 1895 1931 2155 probatum
1881 2196 1923 2273 est
1868 2311 1928 2388 ²¹²³³²)
1881 2427 1922 2476 et
1875 2525 1926 2786 ineruditis
1873 2821 1921 2941 reli-

1674 1312 1728 1361 ’ἢ
1684 1392 1727 1661 Rectissime
1670 1714 1721 1873 poetae
1679 1915 1717 2109 mentem
1677 2159 1716 2384 assecutus
1674 2429 1713 2494 est
1672 2534 1715 2821 scholiastes:
1668 2876 1713 2941 ου’

1604 1392 1654 1733 καθολικῶς
1610 1764 1655 1828 τὸ
1598 1862 1649 2178 τοιοῦτον,
1606 2209 1651 2323 α’λλὰ
1591 2353 1645 2465 νῦν,
1587 2511 1646 2692 ἐπείπερ
1589 2722 1645 2750 ἡ
1585 2781 1641 2937 γραῦς,

1530 1392 1585 1501 πρὶν
1541 1539 1583 1685 εἰπεῖν
1540 1728 1586 1780 τὸ
1531 1823 1584 1980 πάθος
1522 2028 1582 2155 αὐτῷ
1535 2195 1577 2274 καὶ
1520 2314 1576 2421 πρὶν
1524 2461 1573 2523 εἰς
1530 2562 1574 2744 ἔννοιαν
1527 2784 1573 2939 ἐλθεῖν

1471 1389 1518 1535 αὐτὸν
1471 1565 1513 1649 τοῦ
1456 1680 1513 2024 ῥηθησομένου,
1452 2067 1514 2206 ὅρκον
1450 2245 1508 2384 ᾔτησε
1450 2413 1503 2496 τῆς
1448 2536 1501 2709 σιωπῆς
1458 2748 1501 2825 καὶ
1444 2856 1497 2938 τῆς

1393 1388 1444 1613 διανοίας,
1401 1643 1446 1667 ὁ
1399 1699 1443 1749 δὲ
1386 1778 1443 1838 μή
1384 1871 1440 2097 προειδώς
1383 2127 1440 2198 ἐφ’
1395 2229 1442 2258 ὁὶ
1380 2290 1439 2465 α’)’μοσεν
1378 2496 1436 2665 ὤμοσε,
1376 2700 1429 2862 φησίν·
1373 2904 1429 2934 ἡ

1321 1392 1373 1569 γλῶσσα
1313 1589 1371 1949 προπετέστερον
1325 1967 1368 2044 καὶ
1310 2061 1367 2186 παρὰ
1309 2204 1367 2387 γνώμην
1309 2403 1363 2483 τῆς
1306 2498 1362 2666 φρενὸς
1305 2682 1365 2934 ὀμώμοκεν.

1246 1384 1307 1710 Ἀριστοφάνης
1241 1739 1299 2214 καθολικώτερον
1238 2246 1295 2461 νοήσας
1237 2494 1291 2605 φησὶ
1247 2627 1293 2709 τὸν
1231 2732 1291 2933 Εὐριπί-

1178 1388 1232 1474 δην
1175 1487 1234 1687 ὖβρίζειν
1175 1706 1228 1789 τῆς
1172 1809 1230 2007 γλώττης
1172 2022 1230 2107 τὴν
1171 2124 1226 2347 διάνοιαν,
1174 2379 1226 2440 αἷς
1181 2472 1225 2529 ἂν
1166 2548 1222 2608 μή
1178 2641 1222 2698 τὰ
1166 2730 1220 2933 δόξαντα

1107 1385 1161 1443 τῇ
1107 1475 1159 1614 κρίσει
1106 1646 1159 1727 τῆς
1107 1766 1157 1977 διανοίας
1097 2019 1153 2351 φθεγγομένης.
1101 2402 1154 2601 ’Ἄλλως
1107 2630 1134 2687 τε
1094 2729 1146 2929 φαίνει

1050 1385 1092 1485 διὰ
1048 1533 1090 1645 τῶν
1034 1676 1091 1810 ἑξῆς
1044 1852 1088 1911 τὸ
1029 1946 1088 2188 εὐσεβὲς
1039 2219 1085 2403 αὐτῶν
1028 2434 1082 2768 φυλάττων·
1021 2815 1076 2929 φησὶ

966 1380 1025 1467 γὰρ
968 1500 1020 1574 „sl
965 1599 1023 1661 μὴ
962 1692 1022 1777 γὰρ
961 1809 1023 1961 ὅρκοις
970 1990 1012 2116 θεῶν
956 2145 1014 2378 ἄφρακτος
955 2408 1015 2641 ᾐρὲθην,”
958 2675 1010 2815 ώ’ςτε
949 2850 1005 2924 μή

896 1383 953 1635 δόκησιν
888 1666 952 1826 αὐτῷ
887 1859 947 2193 ἐπιορκίας
898 2222 944 2526 πλάττειν.

828 1270 883 1347 >¹5ss)
840 1378 882 1494 Plat.
824 1527 880 1683 Symp.
823 1727 862 1770 Ρ,
834 1814 876 1911 199.
832 1955 873 2004 Α.
830 2039 871 2212 Seneca
816 2240 871 2376 Hipp.
828 2414 855 2457 v.
827 2501 870 2597 891.
824 2639 868 2767 ovid.
822 2811 864 2922 Her.

759 1380 810 1500 XXI,
767 1529 810 1625 135.
765 1658 808 1749 Cic.
764 1784 806 1869 Off.
750 1902 804 1977 ΙΙΙ,
761 2007 804 2077 29.
758 2110 801 2287 Livius:
745 2319 786 2510 „corpus
756 2539 794 2605 est
750 2628 794 2796 tantum
750 2818 795 2920 vio-

687 1378 740 1532 latum,
694 1564 739 1736 animus
690 1766 737 1956 insons.⁷’
688 2016 732 2085 Cf.
686 2119 730 2326 Valcken.
686 2359 729 2415 ad
686 2445 713 2487 v.
686 2518 729 2613 612.
