5010 3336
3786 2067 3842 2191 308

3645 1610 3692 1765 Deme
3647 1804 3694 1888 ein
3646 1928 3695 2048 Gott
3646 2085 3694 2175 hat

3565 1612 3613 1794 Jedem
3566 1829 3613 1972 sein&
3565 2007 3613 2162 Bahn

3468 1623 3533 2039 Vorgezeiclmet„

3404 1611 3451 1714 Die
3404 1753 3452 1844 der
3404 1885 3453 2183 Glizclfliche

3323 1613 3371 1782 Rasch
3324 1818 3355 1930 zetm
3308 1954 3373 2244 sreucligen

3243 1614 3291 1760 Ziele
3244 1795 3284 1967 rennt.

3162 1620 3210 1753 Wem
3162 1791 3209 1913 aber
3147 1957 3212 2190 Unglic'clc

3082 1609 3129 1718 Das
3084 1756 3132 1899 Herz
3067 1935 3115 2340 zecsammenzog‚

3003 1611 3050 1693 Er
3003 1725 3050 1928 strc'iubt
2986 1967 3050 2247 vergebens

2923 1612 2971 1738 Sich
2906 1772 2954 1942 gegen
2922 1980 2970 2066 die
2923 2102 2971 2403 Srlzranlcen

2842 1611 2889 1717 Des
2842 1756 2889 1980 elzernetz
2830 2018 2890 2242 Fadens,

2762 1617 2809 1732 Den
2762 1769 2810 1853 die
2762 1892 2809 2019 doch.
2763 2059 2809 2243 bittere
2762 2280 2812 2504 Scheere

2682 1619 2729 1737 Nur
2681 1776 2727 1967 eimnal
2680 2004 2731 2134 lbs’t.

2596 1278 2644 1487 Additur
2582 1522 2646 1825 praedicatio
2582 1863 2649 2277 magnanimitatis
2602 2327 2650 2574 macariae
2601 2612 2643 2661 et
2596 2696 2646 2967 consolatio

2506 1280 2564 1422 loiai„
2504 1478 2549 1626 quum
2520 1664 2565 1794 iliius
2519 1832 2565 2063 virtutem
2520 2101 2567 2231 omni
2520 2268 2569 2499 fortunae
2504 2536 2566 2788 iniquitate
2501 2824 2549 2967 supe-

2436 1276 2482 1457 riorem
2439 1497 2469 1608 esse
2438 1645 2484 1962 ostendatur:

2358 1412 2408 1444 02
2357 1482 2407 1527 ‹3’
2342 1566 2408 1722 ἀρετὰ
2344 1758 2406 1928 βαίνει
2356 1965 2408 2052 διὰ
2343 2087 2408 2321 μόχθων.

2276 1278 2322 1331 Iu
2277 1379 2324 1524 buius
2277 1573 2322 1845 sententiae
2276 1882 2321 2086 veritate
2278 2123 2326 2502 demonstranda
2260 2539 2323 2877 exemplisque
2275 2911 2322 2969 il-

2195 1279 2242 1509 lustribus
2198 1547 2241 1635 snb
2180 1674 2243 1962 adspectum
2178 2002 2242 2226 ponenda
2198 2263 2243 2356 boc
2197 2393 2243 2558 drama
2194 2597 2235 2823 versatur
2193 2862 2240 2970 uni-

2115 1276 2146 1489 versum.
2116 1563 2162 1671 Hoc
2115 1716 2155 1892 tenens
2102 1944 2147 2103 neque
2117 2153 2163 2463 desiderabis
2101 2512 2161 2772 quicquam
2098 2808 2144 2970 neque

2034 1277 2081 1489 alienum
2020 1529 2081 1788 quicquam
2036 1828 2081 2094 admistum
2036 2133 2067 2244 esse
2022 2283 2084 2509 putabis,
2036 2568 2080 2652 sed
2033 2691 2080 2969 rectissime

1938 1278 2001 1633 aptissimeque
1956 1671 2002 1832 omnia
1955 1872 2002 2092 instituta
1957 2129 1988 2242 esse
1957 2275 2004 2481 videbis.
1955 2555 2003 2823 Servantur
1953 2864 2000 2969 He·

1874 1276 1922 1493 raciidae
1877 1529 1907 1625 non
1877 1663 1923 1765 sola
1859 1800 1923 2048 hospitum
1858 2087 1922 2306 pietate,
1877 2357 1923 2444 sed
1876 2494 1907 2580 sua
1874 2616 1920 2827 maxime
1873 2864 1920 2970 vir-

1783 1276 1837 1399 tute,
1778 1437 1837 1736 praestante„
1782 1774 1843 2029 afferente„
1795 2066 1841 2283 faciente
1780 2319 1842 2634 patienteque
1779 2666 1841 2795 qnod
1778 2834 1839 2967 quis-

1698 1277 1745 1373 que
1698 1405 1754 1599 potest,
1700 1651 1762 1851 singulis
1699 1901 1746 2061 neque
1715 2109 1761 2299 labores
1699 2349 1745 2507 neque
1698 2556 1760 2769 pericula
1697 2806 1743 2968 neque

1635 1276 1674 1489 mortem
1634 1540 1681 1944 detrectantibus,
1618 2030 1680 2201 ltaque
1620 2250 1681 2453 singuiis
1633 2503 1680 2692 actibus
1616 2746 1678 2969 singutae

1553 1276 1599 1570 exhibentur
1539 1606 1603 1877 ἅριστεῑαι,
1536 1915 1599 2100 virgine
1538 2136 1593 2280 atque
1543 2307 1584 2414 anu,
1553 2452 1600 2628 iuvene
1536 2670 1591 2815 atque
1549 2849 1581 2968 sene

1472 1276 1516 1327 et
1473 1375 1519 1501 inter
1474 1548 1504 1601 se
1472 1652 1513 1700 et
1472 1749 1502 1858 cum
1456 1910 1518 2186 hospitibus
1473 2235 1519 2416 virtute
1470 2466 1517 2876 contendentibus
1469 2912 1502 2969 ac

1377 1275 1424 1366 pro
1377 1403 1440 1703 reliquorum
1392 1741 1438 1898 salute
1391 1934 1423 2071 suam
1392 2109 1438 2155 in
1392 2192 1439 2453 discrimen
1390 2491 1438 2840 deferentibus.
1390 2877 1437 2967 Sa-

1311 1274 1359 1341 tis
1311 1379 1359 1566 diserte
1294 1602 1353 1751 poeta
1295 1784 1357 1894 ipse
1311 1930 1357 2230 voluntatem
1313 2270 1343 2405 snam
1296 2445 1357 2802 explicavitiis,
1295 2840 1341 2967 quae

1231 1275 1281 1547 Macariam
1221 1587 1278 1737 fecit,
1215 1787 1271 2044 antequam
1231 2082 1277 2140 ad
1231 2178 1273 2390 mortem
1216 2427 1278 2843 proficisceretur,
1230 2891 1277 2968 di-

1138 1276 1192 1501 centem,
1150 1565 1196 1704 cuius
1149 1766 1195 2038 orationem
1150 2096 1197 2196 noli
1150 2246 1197 2393 solius
1136 2441 1198 2643 virginis
1147 2693 1198 2967 laudandae

1072 1274 1104 1449 caussa
1054 1485 1116 1697 proponi
1054 1736 1109 1927 putare.

991 1408 1038 1474 Et
990 1510 1038 1760 Macariae
973 1798 1035 2030 quidem,
972 2069 1029 2329 postquam
989 2367 1036 2428 de
989 2463 1021 2610 scena
976 2646 1035 2781 abiit„
987 2836 1036 2967 nulla

895 1274 960 1486 amplius
909 1517 957 1737 iniicitur
896 1768 954 1966 mentio„
892 2004 938 2164 neque
893 2192 957 2435 quomodo
907 2462 957 2708 immolata
908 2738 955 2811 vel
893 2838 939 2967 quo-

832 1274 878 1423 modo
814 1460 877 1652 sepulta
829 1688 875 1765 vei
813 1802 873 1993 quinam
827 2033 874 2296 defunctae
828 2340 876 2552 bonores
828 2602 874 2812 instituti
817 2852 873 2967 sint,

736 1273 797 1566 exponitur:
750 1616 792 1665 et
748 1715 789 1852 recte
732 1900 794 2113 quidem.
732 2182 794 2354 Neque
748 2404 794 2533 enim
747 2579 794 2791 luctibus
746 2828 794 2967 locus

670 1274 719 1482 dabatur
670 1516 716 1564 in
669 1601 701 1790 summa
666 1826 706 2030 eventus
655 2070 713 2319 felicitate,
667 2359 710 2409 et
652 2444 713 2827 generositatem
666 2864 714 2967 aui-

579 1273 638 1359 mi,
576 1395 621 1489 qua
588 1525 630 1737 mortem
570 1771 618 1981 passura
573 2017 626 2140 erat,
568 2176 631 2283 ipsa
569 2319 617 2556 praesens
585 2580 632 2700 satis
584 2732 634 2965 ostende-
