5010 3336
3941 2154 3995 2233 82

3793 1484 3851 1641 πέλας
3802 1676 3854 1732 δὲ
3787 1766 3854 1960 ταύτης
3790 1995 3852 2165 δεινὸς
3785 2200 3851 2409 ἵδρυται
3788 2442 3851 2648 κρότος,

3705 1484 3770 1713 ἔνθηρος
3707 1747 3779 1782 ᾗ
3703 1817 3769 2054 λῃσταῖσι
3704 2089 3765 2404 φρουρεῖται
3706 2436 3769 2618 πόρος,

3638 1485 3690 1715 κλύδωνι
3621 1752 3691 1905 δεινῷ
3639 1941 3690 2028 καὶ
3620 2065 3688 2399 βροτοστόνῳ
3623 2435 3692 2676 βρέμων’

3542 1482 3610 1679 πτηνὸς
3545 1712 3609 1958 πορεύσει
3549 1992 3607 2167 πῶλος
3544 2193 3608 2243 *)
3572 2279 3580 2345 —-
3570 2380 3578 2442 —-
3573 2479 3579 2541 —-—

3463 1352 3510 1474 qnae
3462 1510 3525 1729 respexit
3465 1765 3526 2016 Aristoph.
3478 2053 3526 2164 Pac.
3471 2204 3524 2342 126„
3479 2392 3526 2473 ubi
3479 2509 3525 2630 haec
3465 2668 3513 2862 quoque
3480 2895 3526 3043 verba

3398 1351 3429 1411 ex
3383 1446 3446 1728 Euripideis
3384 1764 3446 2029 depravata
3402 2065 3431 2179 esse
3400 2213 3446 2469 videntur:

3317 1480 3367 1530 τί
3308 1565 3368 1630 δ’,
3304 1667 3370 1734 ἢν
3313 1770 3373 1820 ἐς
3306 1856 3374 2027 ὑγρὸν
3320 2062 3370 2281 πόντιον
3303 2316 3372 2447 πέσῃ
3306 2484 3369 2683 βάθοςς

3228 1481 3285 1593 πῶς
3228 1629 3291 1933 ἐςολισθεῖν,
3224 1970 3291 2163 πτηνὸς
3228 2200 3287 2290 ὥν,
3223 2328 3288 2638 δυνήσεταις

3157 1479 3203 1573 His
3144 1611 3208 1898 compositis
3160 1937 3205 2079 ambo
3159 2116 3205 2241 intro
3148 2279 3205 2472 abeunt,
3159 2510 3204 2571 ad.
3144 2599 3205 2953 profectionem
3157 2989 3188 3043 se

3061 1351 3126 1589 paraturi,
3066 1638 3127 1876 locusque
3079 1921 3127 1979 fit
3079 2028 3126 2173 tertio
3079 2228 3126 2367 chori
3067 2417 3124 2641 carmini,
3078 2691 3124 2766 cui
3063 2804 3127 3043 σύστημα

2981 1349 3049 1798 ἐπιφθεγματικὸν
2999 1834 3047 2144 subiunctum
2998 2183 3031 2294 esse
2982 2329 3044 2516 potuit,
2983 2567 3029 2663 quo
2981 2711 3045 3042 Bellerophon

2914 1349 2946 1459 cum
2918 1495 2965 1807 Stheneboea
2920 1843 2966 1890 in
2919 1926 2950 2089 aerem
2918 2128 2964 2451 cummaxime
2917 2489 2964 2682 evolans
2915 2732 2964 3042 salutaretur.

2837 1477 2885 1762 Proximum
2839 1799 2880 1962 actum
2823 1999 2885 2206 primum
2837 2250 2884 2577 sollicitudine
2821 2612 2884 3043 trepidationeque

2747 1349 2803 1582 nutricis,
2759 1634 2806 1960 desiderantis
2746 2010 2805 2283 dominam,
2757 2332 2799 2433 tum
2756 2488 2805 2653 Proeti
2749 2704 2803 2908 reversi,
2743 2958 2805 3042 qui

2662 1350 2725 1780 Bellerophontem
2679 1819 2711 1929 cum
2678 1963 2709 2116 uxore
2661 2152 2726 2340 Pegaso
2676 2376 2724 2667 insidentem
2663 2697 2724 3041 volantemque

2579 1347 2628 1441 per
2598 1486 2630 1649 aerem
2583 1700 2646 1808 ipse
2583 1860 2645 2229 conspexisset,
2586 2286 2645 2560 iracundia,
2581 2612 2644 2824 denique
2598 2867 2645 3041 famuli

2505 1348 2563 1570 alicuius,
2503 1607 2565 1690 qui
2518 1727 2565 1870 testis
2518 1907 2565 2086 fuisset
2517 2122 2563 2485 conscensionis
2518 2523 2564 2571 in
2500 2611 2565 2850 Pegasum
2517 2889 2564 3039 collo-

2421 1349 2483 1548 quiique
2438 1584 2485 1710 inter
2439 1744 2486 1870 hanc
2438 1918 2469 2023 rem
2426 2068 2485 2213 sacti,
2437 2269 2483 2505 relatione
2436 2551 2483 2833 confectum
2437 2882 2484 3041 fuisse

2341 1349 2403 1587 suspicor.
2360 1659 2406 1778 Post
2344 1814 2399 2036 quartum
2358 2074 2405 2252 deinde
2357 2288 2404 2423 chori
2356 2455 2387 2646 carmen
2341 2680 2388 2859 corpus
2356 2891 2403 3038 Sthe-

2276 1348 2323 1564 neboeae
2278 1600 2308 1625 a
2263 1660 2326 1990 piscatoribus
2262 2027 2318 2284 exceptum
2262 2322 2323 2425 regi
2276 2462 2323 2704 moerenti
2258 2728 2317 3037 reportatum

2196 1348 2239 1443 est.
2197 1510 2246 1818 Narrationis
2199 1854 2245 2028 horum
2183 2066 2229 2177 pars
2198 2216 2236 2403 servata
2196 2438 2243 2562 haec
2196 2598 2237 2706 est:

2129 1479 2137 1542 -—
2129 1578 2137 1641 --
2103 1678 2167 1793 βίος
2119 1830 2170 1885 ὁὲ
2102 1919 2163 2237 πορφυροῦς
2103 2271 2164 2574 θαλάσσιος,

2036 1478 2086 1578 οὐκ
2022 1610 2087 1936 εὐτράπεζος,
2037 1974 2087 2083 ἀλλ’
2036 2121 2089 2353 ἐπάκτιοι
2021 2390 2085 2601 φάτναι,

1942 1478 2007 1615 ὑγρὰ
1957 1649 2007 1704 δὲ
1939 1738 2005 1923 μήτηρ,
1955 1962 2005 2027 οὐ
1939 2062 2005 2375 πεδοστιβὴς
1940 2407 2003 2623 τροφός,

1876 1476 1924 1738 θάλασσα.
1859 1784 1925 1929 τήνδ’
1860 1967 1925 2218 άροῦμεν,
1874 2257 1925 2311 ἐκ
1858 2347 1923 2538 ταύτης
1858 2573 1924 2688 βίος

1780 1478 1845 1718 βρόχοισι
1794 1753 1845 1839 καὶ
1795 1873 1846 2113 πέδαισιν
1794 2149 1844 2319 οἴκαὸ’
1777 2356 1845 2568 ἔρχεται.

1715 1346 1765 1511 Proeti
1716 1544 1762 1691 verba
1716 1725 1761 1849 haec
1714 1886 1763 2111 suerunt:

1618 1476 1683 1696 κομίζετ’
1634 1734 1684 1855 εἴσω
1617 1891 1683 2074 τήνδε·
1632 2111 1683 2371 πιστεύειν
1631 2407 1683 2463 δὲ
1615 2496 1683 2594 χρὴ

1539 1475 1605 1689 γυναικὶ
1537 1722 1605 1903 μηδὲν,
1542 1943 1603 2077 ὅςτις
1552 2113 1607 2168 εὖ
1536 2206 1597 2397 φρονεῖ
1534 2428 1599 2649 βροτῶν.

1458 1347 1522 1555 Reliqua
1472 1602 1519 1746 huius
1473 1800 1513 1939 actus
1455 1989 1503 2102 pars
1472 2152 1518 2202 in
1472 2238 1517 2399 mariti
1471 2436 1517 2662 lamentis
1471 2696 1515 2886 versata
1470 2921 1504 3033 esse

1382 1346 1438 1563 videtur,
1377 1621 1439 1793 quibus
1377 1831 1439 2024 quidem
1392 2062 1439 2210 finem
1375 2258 1438 2490 imposuit
1376 2535 1439 2862 Bellerophon
1392 2912 1439 3033 red-

1302 1344 1360 1468 iens,
1298 1507 1344 1649 quem
1314 1689 1360 1786 noli
1312 1824 1360 2028 credere
1313 2081 1358 2126 in
1311 2174 1355 2355 terram
1299 2405 1358 2752 descendisse,
1311 2812 1359 2899 sed
1311 2951 1359 3031 dei

1222 1343 1281 1514 instar,
1217 1549 1264 1639 per
1232 1675 1280 1947 machinam
1222 1984 1280 2204 demissi,
1232 2239 1279 2288 in
1232 2324 1275 2456 tecto
1231 2492 1279 2685 aedium
1214 2735 1278 3030 constitisse,

1058 1404 1113 1631 *)Scl101.
1070 1669 1111 1818 Venet.
1070 1861 1112 1917 ad
1068 1956 1112 2087 Arist.
1069 2127 1111 2232 Pac.
1069 2273 1112 2376 123:
1068 2419 1113 2444 ὁ
1055 2470 1113 2618 λόγος
1066 2658 1113 2705 ἐκ
1053 2748 1109 3032 Σθενεβοίας

984 1476 1044 1744 ΕὐριπίδουῪ
998 1783 1038 1874 κτλ.
999 1915 1045 2041 ’Ἐστι
998 2084 1042 2133 δὲ
997 2174 1039 2223 ἐν
984 2261 1039 2319 τῇ
980 2357 1038 2618 Σθενεβοίᾳ
981 2666 1040 2792 παρὰ
983 2832 1041 3030 τραγικῷ

920 1485 973 1656 οὕτως·
921 1698 972 1877 πέλας
927 1919 972 1979 δὲ
914 2021 970 2245 ταύτης
919 2274 972 2469 δεινὸς
911 2501 967 2740 ἵδρυται
911 2769 969 2916 κράτ
925 2948 970 3029 ἕν-

843 1484 898 1666 θηρος
844 1697 904 1724 ἢ
844 1756 900 1969 λῃστὴς
842 1999 895 2358 φρουρεῖται
852 2389 899 2645 κλύδωνι
840 2684 896 2861 δεινῷ
840 2898 896 3030 βρο-

773 1483 830 1741 τοστόνῳ
772 1771 830 1975 βρέμει
772 2006 826 2230 πτηνὸς
772 2258 829 2553 πορεύγει.
