5010 3336
3951 2201 4007 2282 90

3817 1407 3850 1540 mum
3804 1576 3861 1762 aetate,
3802 1798 3849 1892 qua
3799 1928 3860 2114 sperari
3812 2149 3860 2349 minime
3794 2402 3853 2630 poterat,
3788 2685 3851 2890 adeptus
3800 2940 3840 2989 et
3797 3036 3845 3084 in

3738 1405 3786 1574 limine
3737 1607 3786 1736 vitae
3735 1770 3784 1966 tandem
3734 2003 3775 2173 nactus
3731 2210 3779 2387 bonum
3717 2424 3778 2503 id,
3728 2542 3775 2679 cuius
3720 2716 3774 2961 desiderio
3701 2996 3750 3087 per

3659 1405 3702 1558 totum
3657 1596 3705 1889 matrimonii
3637 1924 3699 2119 tempus
3634 2155 3699 2471 flagraverat:

3560 1530 3626 1707 γύναι,
3562 1745 3626 1903 φίλον
3560 1936 3625 2032 μὲν
3555 2068 3623 2263 φέγγος
3553 2296 3619 2449 ἡλίου
3559 2485 3618 2621 τόδε,

3493 1531 3547 1695 καλὸν
3494 1729 3546 1784 δὲ
3493 1816 3543 2018 πόντου
3477 2053 3537 2199 χεῦμ’
3488 2237 3539 2368 ἰδεῖν
3470 2401 3537 2674 εὐήνεμον,

3395 1530 3460 1596 γῆ
3413 1631 3461 1675 τ’
3397 1710 3465 1897 ἠρινὸν
3408 1930 3461 2205 θάλλουσα
3405 2238 3457 2494 πλούσιόν
3404 2528 3452 2583 θ’
3387 2620 3456 2783 ὕδωρ,

3331 1529 3379 1742 πολλῶν
3332 1775 3381 1819 τ’
3329 1857 3385 2077 ἔπαινον
3328 2123 3380 2228 ἔστι
3313 2263 3358 2354 μοι
3313 2389 3376 2524 λέξαι
3322 2557 3370 2763 καλῶ-ν·

3251 1530 3301 1637 ἀλλ’
3249 1674 3302 1830 οὐδὲν
3249 1866 3300 2003 οὕτω
3232 2038 3296 2283 λαμπρὸν
3244 2319 3293 2433 οὐδ’
3241 2472 3293 2602 ἰδεῖν
3226 2635 3289 2815 καλόν,

3162 1528 3221 1598 ὡς
3159 1633 3216 1742 τοῖς
3168 1777 3216 1959 άπαισι
3167 1993 3218 2081 καὶ
3147 2115 3215 2269 πόθῳ
3148 2308 3214 2645 δεδηγμένοις

3088 1524 3139 1731 παίδων
3072 1766 3135 2001 νεογνῶν
3084 2037 3136 2094 ἐν
3068 2129 3134 2313 δόμοις
3081 2349 3133 2481 ἰδεῖν
3066 2516 3129 2666 φάος.

3007 1393 3055 1697 luventutem
3008 1734 3054 1824 sibi
3005 1860 3052 2057 restitui
2986 2095 3044 2259 optat,
2986 2308 3032 2402 quo
3001 2439 3043 2487 et
2996 2527 3045 2830 commodius
2994 2868 3045 3079 educare

2912 1392 2959 1600 puerum
2927 1639 2969 1689 et
2926 1723 2972 1906 certius
2923 1942 2971 2159 adultum
2921 2195 2969 2363 videre
2906 2400 2961 2572 queat:

2845 1521 2898 1610 καὶ
2845 1644 2892 1747 νῦν
2830 1781 2890 2021 παραινῶ
2841 2057 2886 2183 πᾶσι
2830 2217 2887 2326 τοῖς
2826 2360 2890 2647 νεωτέροις,

2749 1521 2816 1593 μὴ
2751 1628 2814 1761 πρὸς
2762 1795 2813 1853 τὸ
2744 1888 2807 2054 γῆρας
2749 2087 2815 2214 τοὺς
2742 2247 2806 2450 γάμους
2741 2484 2807 2843 ποιουμένους

2667 1522 2730 1682 σχολῇ
2679 1719 2726 2039 τεκνοῦσθαι
2667 2075 2727 2268 παῖδας
2662 2322 2725 2408 (οὐ
2660 2456 2726 2556 γὰρ
2657 2591 2725 2776 ἡδονή,

2587 1521 2651 1736 γυναικί
2601 1769 2648 1812 τ’
2584 1850 2651 2046 ἐχθρὸν
2579 2080 2643 2255 χρῆμα
2579 2289 2644 2585 πρεσβύτης
2577 2623 2643 2801 άνήρ),

2521 1517 2571 1627 ἄλλ’
2511 1666 2572 1735 ὡς
2503 1769 2568 2010 τάχιστα“
2516 2047 2566 2134 καὶ
2500 2170 2566 2271 γὰρ
2500 2309 2566 2563 έκτροφαὶ
2512 2597 2562 2753 καλαὶ

2438 1515 2490 1604 καὶ
2425 1639 2487 1941 συννεάζων
2419 1975 2491 2079 ἡδὺ
2425 2113 2480 2237 παῖς
2418 2270 2484 2371 νέῳ
2418 2407 2482 2581 πατρί.

2356 1384 2406 1655 Masculam
2357 1691 2397 1852 autem
2340 1892 2401 2076 prolem
2355 2126 2401 2277 solam
2352 2316 2400 2435 dicit
2352 2469 2393 2519 et
2334 2556 2397 2898 propagandae
2334 2934 2397 3075 stirpi

2262 1384 2320 1544 aptam
2277 1582 2319 1632 et
2261 1668 2323 1804 quasi
2274 1839 2323 2012 domus
2275 2049 2321 2274 columen
2260 2311 2304 2450 esse,
2271 2503 2318 2630 filias
2270 2683 2301 2777 non
2268 2826 2300 2937 esse
2254 2986 2300 3072 pa-

2196 1384 2238 1575 rentum
2180 1614 2242 1857 proprias,
2195 1895 2241 1983 sed
2195 2020 2242 2188 alicnis
2176 2227 2239 2553 emancipari:

2099 1511 2166 1651 γυνὴ
2099 1685 2166 1785 γὰρ
2103 1822 2166 2109 ἐξελθοῦσα
2097 2144 2162 2406 πατρῴων
2096 2442 2160 2624 δόμων

2033 1512 2083 1577 οὐ
2033 1612 2081 1718 τῶν
2032 1751 2082 2012 τεκόντων
2020 2049 2082 2204 ἐστίν,
2029 2243 2080 2373 ἄλλα
2027 2406 2074 2504 τοῦ
2011 2539 2078 2750 λέχους·

1952 1509 2002 1567 τὸ
1952 1606 2001 1650 δ’
1936 1688 1998 1849 ἄρσεν
1934 1883 2003 2052 ἕστηκ’
1949 2091 2001 2148 έν
1934 2183 1999 2365 δόμοις
1948 2400 1999 2479 άεὶ
1931 2512 1996 2683 γένος,

1870 1510 1918 1654 θεῶν
1853 1687 1920 1949 πατρῴων
1868 1983 1920 2070 καὶ
1854 2105 1918 2291 τάφων
1851 2324 1916 2597 τιμάορον.

1788 1378 1838 1519 Nunc
1788 1556 1836 1753 demum
1789 1783 1847 1844 'se
1788 1896 1828 2031 metu
1775 2082 1818 2279 eorum,
1770 2334 1816 2457 quae
1767 2504 1832 2751 praedixit
1772 2799 1833 3067 oraculum,

1708 1378 1756 1638 liberatum
1709 1675 1740 1787 esse
1696 1823 1755 2114 arbitratur,
1692 2153 1752 2468 quamobrem
1704 2507 1750 2652 etiam
1702 2689 1749 2841 filiam
1700 2880 1747 3070 evocari

1619 1376 1676 1540 iubet,
1614 1588 1660 1712 quae
1627 1758 1673 2001 communi
1612 2053 1672 2229 gaudio
1624 2266 1673 2459 fruatur
1623 2506 1671 2678 fovens
1618 2725 1669 3065 fraterculum.

1535 1375 1597 1483 Qua
1532 1518 1595 1888 opportunitate
1545 1924 1593 2086 oblata
1544 2120 1593 2285 Danae
1526 2320 1584 2489 rogat,
1541 2542 1584 2597 ut
1524 2651 1588 2841 parvuli
1539 2877 1585 3065 curatio

1466 1373 1515 1466 sibi
1451 1500 1515 1643 plane
1450 1678 1513 2024 permittatur:

1370 1504 1437 1611 τάχ’
1385 1648 1437 1715 ἂν
1370 1749 1434 1881 πρὸς
1368 1915 1434 2191 άγκάλαισι
1381 2226 1433 2315 καὶ
1364 2351 1432 2587 στέρνοις
1363 2622 1432 2766 ἐμοῖς

1290 1500 1354 1688 πηδῶν
1288 1723 1353 1922 άθύροι
1299 1956 1353 2046 καὶ
1283 2079 1361 2389 φιλημάτων
1280 2426 1346 2560 ὄχλῳ

1207 1500 1277 1679 ψυχὴν
1205 1713 1275 1844 ἐμὴν
1203 1878 1269 2149 κτήσαιτο·
1217 2186 1263 2353 ταῦτα
1203 2388 1269 2488 γαρ
1202 2526 1267 2737 βροτοῖς

1127 1501 1193 1725 φίλτρον
1124 1758 1191 2021 μέγιστον,
1136 2059 1187 2114 αἱ
1124 2147 1188 2440 ξυνουσίαι,
1120 2474 1186 2649 πάτερ.

1061 1368 1109 1463 His
1046 1499 1109 1703 aliisque
1047 1739 1107 1900 dimis,
1057 1936 1105 2064 intro
1054 2100 1103 2320 ferentes
1054 2355 1104 2593 infantem
1051 2630 1100 2828 abeunt.
1054 2899 1106 3061 Locus

980 1366 1028 1423 fit
980 1456 1027 1604 tertio
979 1640 1027 1776 chori
976 1811 1025 2029 carmini.

899 1498 949 1670 Subito
898 1719 930 1807 rex
895 1857 929 2050 omnem
892 2104 943 2341 familiam
893 2391 941 2497 auri
876 2550 941 2692 copia
893 2728 942 3056 abundantem

819 1364 868 1513 videt.
818 1579 867 1706 Rem
816 1741 849 1913 novam
812 1947 862 2216 admiratus
812 2253 845 2314 ex
812 2346 844 2502 uxore
795 2537 860 2757 quaerit,
797 2808 845 2932 quae
812 2966 845 3061 non

738 1364 787 1603 infitiatur
735 1648 786 1767 illud
719 1813 768 1903 per
718 1953 782 2236 impluvium
715 2296 781 2551 delapsum
730 2590 774 2640 et
717 2673 779 2813 quasi
731 2849 779 3059 imbrem
