5010 3336
3938 2087 3970 2114 Γ

3912 2086 3967 2209 01ss

3778 1296 3822 1373 est
3761 1406 3820 1707 pugnantem
3759 1753 3825 2001 interfici,
3772 2047 3819 2123 vel
3771 2173 3820 2236 de
3768 2283 3818 2441 salute
3750 2487 3815 2832 desperantem
3744 2882 3792 3000 per-

3697 1295 3745 1578 turbatione
3696 1614 3743 1762 animi
3695 1793 3742 1854 ad
3692 1882 3734 2093 mortem
3690 2126 3737 2218 sibi
3685 2246 3734 2650 consciscendam
3665 2678 3731 2831 adigi,
3678 2868 3727 3000 aliud

3617 1293 3665 1445 vitam
3600 1491 3658 1669 sponte
3599 1715 3662 1950 abiicere,
3610 1990 3642 2100 cum
3609 2142 3655 2323 servari
3608 2357 3650 2406 te
3591 2449 3638 2599 posse
3588 2629 3636 2821 speres.
3599 2872 3649 2999 Nam

3536 1294 3579 1347 et·
3522 1382 3583 1464 qui
3537 1497 3583 1546 in
3520 1585 3582 1787 proeliis
3530 1825 3579 2120 occiduntur
3529 2172 3571 2222 et
3512 2269 3575 2351 qui
3526 2400 3574 2543 malis
3520 2582 3571 2905 circumventi
3519 2941 3551 2997 se

3440 1291 3503 1390 ipsi
3440 1426 3503 1745 interficiunt,
3452 1783 3500 1919 inviti
3447 1957 3495 2242 moriuntur.
3447 2319 3495 2410 Est
3444 2447 3486 2608 autem
3440 2647 3489 2825 horum
3439 2864 3487 2994 cala-

3375 1292 3422 1438 mitas
3359 1466 3420 1750 tragoediae
3356 1781 3413 1892 apta
3352 1927 3411 2210 propterea,
3351 2249 3413 2379 quod
3360 2411 3409 2809 occumbentium
3358 2840 3406 2995 virtus

3296 1289 3342 1493 fortuna
3276 1529 3338 1760 superior
3292 1784 3337 1832 in
3288 1860 3337 2147 reluctando
3269 2178 3332 2540 pugnandoque
3265 2569 3321 2794 apparet.
3278 2864 3327 2996 Con—

3214 1290 3257 1368 tra
3213 1403 3260 1486 ubi
3197 1523 3260 1695 aliquis
3196 1733 3242 1823 pro
3209 1861 3256 2058 victima
3207 2096 3253 2156 ad
3206 2193 3237 2325 aram
3188 2351 3251 2670 abstrahitur,
3199 2707 3248 2822 huic
3184 2846 3230 2993 prae—

3134 1292 3176 1369 ter
3116 1396 3164 1575 preces
3131 1605 3173 1655 et
3130 1681 3177 1910 lacrimas
3116 1937 3175 2074 nihil,
3111 2116 3158 2210 quo
3125 2237 3157 2409 necem
3108 2439 3163 2640 avertat.¹
3103 2667 3167 2990 relinquitur3

3052 1291 3101 1526 virtutem
3052 1563 3098 1656 hac
3051 1696 3098 1800 sola
3049 1838 3097 2030 ratione
3031 2067 3087 2321 praestare
3028 2356 3085 2539 potest,
3042 2578 3086 2619 si
3038 2655 3079 2866 mortem
3037 2904 3085 2992 de-

2956 1289 3019 1507 spiciens
2956 1546 3019 1656 ipse
2971 1694 3002 1748 se
2969 1769 3017 2009 devoveat
2950 2038 3015 2375 immoletque7
2946 2401 3003 2661 antequam
2952 2693 3005 2990 immoletur.

2892 1287 2939 1354 Et
2891 1391 2938 1541 sentit
2891 1578 2937 1724 etiam
2877 1764 2938 1989 Ilecuba,
2872 2029 2927 2208 quanto
2885 2234 2933 2366 filiae
2883 2393 2915 2502 sors
2880 2538 2911 2625 sua
2863 2659 2923 2992 praestantior

2797 1285 2859 1381 sit7
2811 1420 2853 1470 et
2795 1509 2858 1873 quodammodo
2792 1912 2839 2094 cogere
2790 2131 2853 2397 Ulyssem,
2803 2448 2846 2505 ut
2800 2541 2833 2595 se
2799 2629 2830 2725 una
2799 2761 2845 2822 ad
2796 2858 2828 2989 mor-

2730 1284 2772 1387 tem
2716 1425 2777 1591 ducat‚
2728 1630 2769 1853 conatur.
2711 1923 2774 2196 Postquam
2723 2233 2765 2398 autem
2706 2434 2769 2570 virgo
2702 2589 2765 2987 generosissima,

2649 1282 2697 1450 valere
2649 1485 2697 1618 iussa
2648 1655 2690 1813 matre
2647 1851 2678 1962 cnm
2644 2001 2676 2173 sorore
2643 2210 2686 2261 et
2629 2288 2691 2461 fratre,
2626 2499 2686 2581 qui
2624 2607 2685 2738 apud
2635 2764 2686 2988 Thracas

2568 1283 2616 1417 solus
2552 1466 2609 1721 superstes
2566 1776 2597 1888 esse
2548 1937 2611 2242 putabatur,
2562 2291 2594 2351 ex
2559 2395 2608 2633 Hecubae
2542 2681 2604 2988 amplexibus

2478 1282 2536 1432 abiit,
2487 1479 2534 1604 haec
2485 1653 2534 1919 deficiente
2484 1965 2530 2127 animo
2482 2176 2529 2314 humi
2465 2352 2525 2636 procumbit
2460 2670 2523 2989 vestibusque

2407 1278 2455 1498 involuta
2407 1560 2453 1713 instar
2403 1777 2445 2003 mortuae
2386 2053 2434 2210 usque
2401 2258 2447 2319 ad
2399 2368 2445 2526 nuntii
2395 2575 2443 2791 reditum
2394 2838 2442 2984 iacet.

2326 1282 2375 1479 Chorus
2309 1516 2357 1677 neque
2310 1714 2372 1944 deplorat
2305 1980 2368 2182 virginis
2319 2206 2362 2389 sortem
2302 2415 2350 2577 neque
2315 2608 2365 2805 felicem
2299 2840 2346 2987 prae-

2234 1278 2293 1441 dicat,
2245 1489 2286 1710 ceterum
2242 1750 2290 2068 calamitosae
2240 2105 2287 2359 servitutis
2236 2404 2283 2698 recordatus
2218 2734 2266 2889 seque
2234 2923 2281 2985 ad

2165 1279 2212 1476 servilia
2149 1512 2211 1711 negotia
2163 1748 2210 1976 obeunda
2162 2012 2207 2060 in
2145 2086 2206 2372 peregrinas
2142 2401 2205 2790 longinquasque
2153 2825 2195 2984 terras

2085 1277 2132 1498 abstrahi
2070 1535 2116 1863 complerem,
2081 1902 2128 2183 communia
2080 2219 2128 2345 mala
2078 2374 2126 2615 Hecubae
2060 2649 2122 2865 propriis
2074 2900 2105 2982 ac-

2005 1277 2048 1451 censet
1991 1487 2055 1556 *).

1909 1411 1974 1677 Temporis
1908 1714 1971 1956 spatium,
1906 2007 1953 2101 quo
1920 2138 1968 2198 ad
1904 2235 1967 2598 perficiendum
1916 2632 1965 2680 in
1915 2715 1965 2869 Troia
1913 2902 1947 2982 Sa·-

1845 1276 1893 1517 crificium
1829 1555 1876 1679 opus
1831 1718 1885 1853 erat,
1842 1904 1889 2082 callide
1841 2119 1871 2143 a
1825 2181 1882 2356 poeta,
1837 2402 1885 2589 nullam
1834 2622 1883 2814 itineris
1833 2848 1880 2983 navi-

1748 1274 1813 1590 gationisque
1764 1638 1810 1941 mentionem
1746 1991 1809 2237 faciente,
1757 2290 1805 2476 celatur
1739 2523 1807 2622 **).
1751 2694 1802 2981 Atridarum

1685 1276 1728 1444 autem
1684 1480 1731 1723 beneficio
1667 1746 1732 2065 Talthybius,
1664 2102 1726 2182 qui
1679 2217 1721 2271 ut
1662 2309 1709 2489 praeco
1674 2522 1721 2822 sacrificanti
1672 2844 1721 2980 Neo-

1589 1272 1652 1496 ptolemo
1591 1528 1652 1738 adstitit,
1602 1771 1649 1832 ad
1600 1852 1649 2115 Hecubam
1595 2146 1643 2497 arcessendam
1580 2523 1641 2748 mittitur,
1593 2767 1637 2822 ut
1591 2847 1641 2979 filiae

1508 1273 1557 1456 corpus
1508 1492 1570 1597 ipsa
1506 1635 1569 1860 sepeliat.
1507 1932 1567 2028 Qui
1518 2065 1566 2147 ubi
1501 2184 1563 2440 conspexit
1513 2474 1562 2731 Hecubam
1498 2768 1544 2978 servam,

1431 1272 1476 1450 anum,
1430 1499 1488 1699 orbam,
1441 1737 1488 1874 humi
1438 1906 1486 2150 iacentem
1424 2173 1447 2186 ‚
1421 2239 1483 2448 pulvere
1419 2482 1481 2815 inquinatam,
1417 2851 1463 2978 quae

1364 1270 1411 1421 modo
1363 1457 1411 1642 Priami
1360 1690 1406 1868 coniux
1343 1906 1401 2057 atque
1341 2104 1405 2452 opulentorum
1335 2500 1403 2756 Phrygum
1335 2805 1398 2976 regina

1270 1269 1331 1383 fuit,
1280 1419 1330 1745 vehementer
1277 1780 1320 2118 commovetur
1275 2151 1319 2338 tantam
1273 2373 1322 2606 fortunae
1269 2629 1317 2975 commutatio-

1144 1326 1197 1374 ἢ)
1154 1407 1196 1563 Schol.
1154 1599 1194 1655 ad
1152 1686 1179 1729 v.
1152 1761 1196 1873 441:
1150 1916 1191 2001 τοῦ
1140 2030 1197 2285 Ὀδυσσέως
1132 2325 1190 2545 λαβόντος
1131 2587 1188 2675 τὴν
1128 2707 1187 2972 Πολυξένην

1083 1411 1126 1490 καὶ
1068 1522 1129 1838 ἀπερχομένου
1078 1876 1125 2174 οἷνακλοείεται
1064 2207 1121 2352 αὑτὴν
1075 2385 1119 2409 ὀ
1062 2438 1119 2573 χορὸς
1072 2604 1116 2683 διὰ
1072 2713 1116 2763 τὸ
1058 2798 1117 2971 ἄδηλον

1013 1411 1057 1490 καὶ
1013 1521 1057 1573 τὸ
998 1606 1055 1666 μὴ
997 1702 1054 1898 εἰδέναι,
1008 1930 1049 1975 τί
995 2004 1050 2154 μέλλει
1004 2185 1045 2361 παθεῖν
991 2391 1051 2509 αὕτη
990 2541 1044 2709 (scribe
987 2741 1046 2863 αὐτή
998 2894 1039 2970 vel

930 1411 988 1595 αὕτός).

859 1294 914 1372 ssss)
859 1402 914 1553 Digna
871 1583 909 1683 sunt
856 1715 911 1899 cognitu
857 1932 896 2046 quae
866 2080 907 2134 de
865 2164 906 2254 hac
865 2284 892 2333 re
864 2354 907 2613 Sommerus
846 2642 904 2861 disseruit,
846 2894 900 2969 qui

790 1407 844 1587 quidem
801 1616 837 1737 recte
798 1767 841 2027 universnm
783 2057 823 2201 paene
791 2233 834 2477 exercitum
791 2508 833 2566 ad
788 2596 819 2727 sacra
784 2759 830 2967 facienda

729 1403 773 1593 Troiam
728 1622 771 1791 redisse
726 1820 769 2049 iudicavit.
