5010 3336
4000 2032 4061 2155 246

3861 1251 3926 1539 πατρίδα
3870 1582 3922 1690 κτλ.
3866 1758 3920 1965 Maximi
3859 2014 3907 2252 momenti
3842 2299 3901 2403 est,
3839 2457 3900 2590 quod
3832 2625 3896 2778 spolia
3841 2813 3894 2930 Laio

3794 1250 3845 1469 detracta
3775 1506 3843 1724 Oedipus
3783 1761 3839 2056 Corinthum
3778 2093 3830 2299 deduxit
3776 2333 3818 2385 et
3757 2421 3819 2568 patri,
3754 2604 3802 2749 quem
3747 2784 3806 2929 puta-

3702 1248 3763 1348 bat,
3713 1383 3763 1606 donavit:
3695 1644 3743 1739 quo
3704 1775 3757 2009 defuncto
3686 2046 3734 2191 quum
3695 2230 3746 2403 eadem
3692 2439 3726 2551 cum
3672 2597 3735 2797 reliquis
3683 2834 3733 2930 Po-

3621 1246 3685 1350 lybi
3621 1383 3683 1553 bonis,
3614 1604 3678 1790 quippe
3621 1824 3675 2131 haereditate
3618 2165 3666 2227 ad
3600 2261 3665 2426 ipsum
3594 2461 3660 2745 redeuntia,
3603 2794 3655 2931 The-

3556 1245 3606 1332 bas
3537 1367 3603 1632 deportare
3547 1665 3597 1814 vellet
3528 1848 3592 2051 eiusque
3541 2086 3587 2161 rei
3535 2188 3570 2361 caussa
3528 2386 3582 2679 Corinthum
3526 2727 3558 2782 se
3524 2811 3557 2929 cou-

3462 1244 3525 1478 tulisset,
3466 1532 3518 1874 comitantibus
3458 1912 3510 2210 satellitibus
3443 2248 3503 2376 suis,
3438 2435 3498 2515 qui
3448 2549 3498 2699 iidem
3442 2734 3495 2932 fuerant

3383 1242 3445 1371 Laii,
3393 1409 3440 1487 cui
3391 1520 3439 1603 ille
3369 1636 3424 1970 successerat,
3366 2009 3427 2276 satellites,
3359 2322 3422 2404 hi,
3356 2441 3418 2605 agnito
3367 2643 3417 2748 Laii
3363 2782 3397 2929 curru

3298 1242 3362 1516 armisque,
3310 1565 3353 1615 et
3290 1671 3346 1927 comperto
3284 1980 3333 2174 regem,
3280 2230 3327 2373 quem
3292 2411 3323 2438 a
3288 2473 3339 2740 latronibus
3283 2774 3333 2927 inter-

3234 1240 3285 1427 fectum
3230 1465 3263 1576 esse
3228 1609 3271 1752 antea
3207 1788 3266 2091 putaverant,
3200 2129 3264 2309 Oedipi
3198 2346 3261 2501 ipsius
3208 2538 3240 2682 manu
3203 2711 3251 2925 trucida-

3155 1238 3200 1346 tum
3139 1381 3187 1521 esse,
3148 1576 3195 1745 statim
3145 1792 3192 1838 iu
3140 1888 3190 2064 itinere
3120 2098 3183 2395 supplicium
3095 2433 3186 2522 ὃς
3125 2542 3174 2786 scelerato
3122 2839 3155 2924 su-

3074 1238 3109 1375 mere
3071 1409 3104 1506 nou
3065 1542 3118 1858 dubitarunt:
3044 1908 3093 2061 regno
3054 2111 3103 2239 enim
3048 2293 3102 2644 Thebanorum
3042 2679 3093 2919 insidians

2995 1236 3044 1320 ille
2976 1351 3024 1521 regem
2985 1557 3035 1798 occidisse
2964 1834 3031 2120 videbatur,
2959 2155 3023 2251 ipsi
2970 2300 3013 2464 autem
2968 2502 3016 2562 ad
2961 2609 3013 2921 ulciscendos

2912 1233 2947 1404 manes
2908 1453 2958 1679 defuncti
2890 1726 2952 1917 pietate
2882 1964 2942 2111 atque
2893 2162 2942 2329 officio
2872 2378 2938 2786 impellebantur3
2882 2852 2930 2920 cf.

2831 1234 2885 1420 Welck.
2815 1470 2862 1517 p.
2827 1556 2873 1651 538
2809 1686 2857 1789 seq.

2748 1364 2800 1597 Ceterum
2745 1635 2779 1731 non
2742 1766 2791 1889 haec
2727 1915 2788 2021 ipsa
2723 2051 2781 2304 prooemio
2716 2342 2778 2520 exponi
2714 2549 2774 2775 potuisse
2708 2810 2771 2917 pla-

2674 1231 2707 1348 num
2671 1384 2714 1475 est.
2666 1546 2716 1719 Potius
2660 1755 2710 2015 dicendum
2644 2053 2706 2164 fuit,
2638 2201 2697 2446 quomodo
2632 2477 2697 2698 Oedipus
2628 2725 2693 2917 Polybi,

2588 1232 2644 1597 Corinthiorum
2569 1620 2632 1770 regis,
2569 1809 2630 1958 filius,
2575 1984 2625 2174 sublata
2554 2198 2621 2438 Sphinge,
2569 2470 2612 2520 et
2552 2546 2599 2748 regnum
2562 2780 2612 2917 The-

2511 1228 2561 1466 banorum
2508 1504 2549 1553 et
2489 1587 2552 1787 reginae
2494 1822 2546 2186 matrimonium
2474 2222 2537 2430 adeptus
2486 2467 2527 2615 esset.
2483 2686 2533 2815 Tum
2481 2852 2529 2917 de

2431 1227 2483 1394 liberis
2413 1432 2477 1566 eius,
2424 1616 2472 1677 de
2405 1727 2467 1866 regni
2401 1914 2465 2179 splendore
2394 2228 2457 2391 deque
2408 2427 2456 2562 felici
2403 2598 2437 2764 rerum
2400 2802 2433 2915 suc-

2351 1226 2387 1369 cessu
2331 1421 2391 1763 exponendum
2335 1810 2388 1919 fuit.
2318 1992 2384 2214 Denique
2330 2261 2378 2323 de
2324 2370 2366 2668 commutata
2308 2702 2371 2915 fortuna,

2273 1223 2322 1286 de
2267 1319 2311 1481 morte
2249 1515 2315 1706 Polybi,
2260 1746 2308 1809 de
2240 1845 2307 2026 Oedipi
2253 2060 2302 2194 luctu
2235 2229 2291 2376 atque
2233 2402 2295 2596 itinere,
2228 2634 2290 2796 deque
2225 2823 2272 2912 pe-

2176 1224 2241 1474 stilentia,
2171 1530 2218 1623 qua
2182 1658 2230 1788 inter
2176 1822 2226 2094 absentiam
2172 2132 2220 2261 illius
2169 2298 2210 2430 terra
2150 2465 2205 2757 vexaretur,
2145 2796 2193 2910 spe-

2109 1222 2156 1439 ctatores
2104 1467 2156 1675 docendi
2095 1699 2150 1917 fuerunt.
2094 1987 2145 2132 Hunc
2090 2169 2139 2298 enim
2087 2344 2120 2509 rerum
2084 2539 2127 2720 statum
2080 2752 2131 2910 fuisse

2033 1220 2066 1280 ex
2013 1315 2080 1514 Hygino
2008 1551 2069 1924 cognoscimus:
2006 1959 2065 2196 „Interim
2008 2234 2058 2424 Thebis
2004 2455 2053 2685 sterilitas
1984 2708 2051 2907 frugum

1953 1219 1996 1271 et
1937 1305 1995 1511 penuria
1942 1547 1993 1716 incidit
1941 1770 1987 1831 ob
1921 1870 1987 2048 Oedipi
1919 2083 1980 2299 scelera,
1907 2353 1975 2782 interrogatusque
1921 2817 1970 2905 Ti-

1858 1218 1919 1390 resias,
1853 1427 1913 1542 quid
1863 1581 1912 1646 ita
1858 1683 1910 1888 Thebae
1839 1923 1894 2230 vexarentur,
1832 2267 1894 2553 respondit:
1844 2603 1891 2657 Si
1827 2692 1890 2803 quis
1840 2844 1873 2906 ex

1786 1216 1843 1491 Draconteo
1768 1526 1815 1709 genere
1762 1745 1818 2032 superesset
1774 2083 1814 2132 et
1755 2166 1803 2256 pro
1752 2292 1814 2450 patria
1750 2486 1813 2756 interisset,
1744 2811 1791 2906 pe—

1708 1215 1759 1432 stilentia
1698 1465 1754 1801 liberaturum.
1696 1870 1746 1998 Tum
1677 2034 1742 2355 Menoeceus,
1683 2392 1735 2614 locastae
1666 2649 1724 2806 pater,
1678 2845 1712 2902 se

1632 1214 1682 1277 de
1626 1312 1675 1468 muris
1604 1504 1669 1866 praecipitavit.
1613 1934 1664 2061 Dum
1609 2095 1660 2222 haec
1604 2259 1656 2445 Thebis
1588 2481 1644 2746 geruntur,
1599 2803 1648 2900 Co-

1550 1210 1601 1362 rinthi
1529 1396 1596 1610 Polybus
1536 1648 1587 1878 decedit²⁹
1534 1915 1578 2007 etc.

1467 1339 1517 1439 Per
1462 1454 1506 1606 totam
1458 1633 1507 1780 vitam
1437 1801 1504 2042 OedipuS,
1436 2066 1497 2149 qui
1447 2164 1482 2355 summo
1429 2375 1493 2555 ingenii
1440 2573 1489 2795 acumine
1438 2811 1472 2896 ae-

1374 1208 1439 1370 nigma
1367 1401 1435 1633 Sphingis
1359 1664 1426 2032 interpretatur,
1370 2069 1402 2095 a
1368 2121 1416 2213 diis
1365 2246 1414 2458 eluditur
1363 2481 1405 2530 et
1347 2556 1409 2695 quasi
1345 2720 1402 2894 captus

1307 1207 1355 1387 mentis
1303 1422 1350 1574 oculis
1299 1598 1346 1656 ab
1294 1684 1329 1853 errore
1292 1877 1341 1937 ad
1288 1965 1323 2184 errorem
1271 2219 1334 2415 ignarus
1266 2446 1330 2726 invitusque
1279 2759 1311 2893 com-

1212 1205 1277 1437 pellitur,
1224 1478 1266 1534 ut
1206 1563 1261 1815 postremo
1196 1848 1261 2330 imprudentissimus
1201 2358 1249 2637 mortalium
1198 2675 1247 2892 omnium

1147 1206 1199 1362 fuisse
1128 1390 1185 1621 arguatur
1126 1640 1186 1699 is,
1121 1725 1183 1806 qui
1118 1835 1179 2251 prudentissimus
1124 2276 1156 2388 esse
1123 2413 1166 2462 et
1122 2489 1170 2580 sibi
1120 2612 1161 2660 et
1103 2687 1167 2889 reliquis

1067 1204 1118 1338 visus
1063 1374 1112 1452 sit.
1061 1519 1111 1573 In
1043 1591 1109 1892 ignoratione
1036 1916 1098 2065 igitur
1044 2098 1093 2314 veritatis
1042 2339 1092 2484 huius
1038 2514 1090 2751 dramatis
1036 2781 1070 2889 mo-

986 1201 1030 1366 menta
969 1380 1030 1541 posita
976 1558 1029 1712 fuisse
958 1726 1012 1946 apparet.
966 1979 1018 2117 Solet
964 2137 1008 2298 autem
947 2312 1012 2595 Euripides,
944 2613 992 2708 quo
958 2731 1006 2885 maio-

906 1199 957 1335 ribus
901 1354 950 1604 erroribus
878 1624 940 1962 personarum,
873 1990 935 2075 qui
870 2107 927 2272 agunt,
883 2307 916 2387 res
864 2407 931 2764 impediuntur,
876 2789 926 2885 hoc

822 1201 876 1386 enixius
803 1412 855 1603 curare,
815 1626 860 1681 ut
800 1701 863 1987 planissime
803 2006 854 2167 omnia
787 2185 848 2387 pateant
782 2408 846 2794 spectatoribuS‚
794 2832 839 2882 et
