5010 3336
3911 2099 3967 2220 loo

3764 1441 3815 1505 τὰ
3751 1539 3817 1691 μῶρα
3754 1725 3822 1827 γὰρ
3770 1862 3829 2008 πάντ’
3770 2048 3823 2189 ἐστὶν
3756 2217 3827 2502 Ἀφροδίτη
3758 2538 3825 2769 βροτοῖς,

3683 1441 3736 1531 καὶ
3674 1562 3738 1780 τοῦνομ’
3673 1817 3740 1995 ὀρθῶς
3674 2029 3740 2338 ἀφροσύνης
3675 2374 3739 2517 ἄρχει
3674 2550 3738 2653 θεῷ
3705 2690 3712 2751 -

3601 1308 3645 1472 tamen
3591 1506 3638 1751 nunquam
3608 1800 3656 2005 deorum
3609 2040 3656 2190 ullam
3610 2226 3656 2277 in
3610 2326 3657 2649 occoecandis
3612 2686 3663 2858 animis
3598 2894 3646 3007 par-

3521 1308 3563 1411 tem
3524 1458 3557 1570 esse
3510 1631 3575 1844 negavit.
3513 1929 3576 2146 Ancipiti
3529 2199 3576 2326 enim
3530 2366 3561 2538 caussa
3530 2572 3578 2689 talia
3530 2724 3581 2862 nasci
3517 2894 3565 3010 par-

3428 1306 3488 1493 timque
3444 1527 3493 1782 hominum
3432 1818 3495 2026 ingeniis
3432 2052 3495 2232 partim
3450 2260 3495 2306 vi
3448 2334 3495 2537 deorum
3441 2566 3497 2717 effici,
3452 2754 3498 2864 sere
3453 2894 3485 3011 con-

3361 1309 3409 1525 sentiens
3349 1560 3414 1852 populorum
3352 1890 3415 2056 opinio
3368 2095 3411 2185 est.
3368 2257 3416 2444 Eadem
3354 2498 3416 2817 ambiguitate
3373 2864 3420 3012 Euri-

3263 1308 3328 1452 pides
3283 1500 3331 1550 in
3285 1599 3333 1783 sabulis
3272 1820 3334 2089 antiquitus
3288 2128 3336 2321 traditis
3289 2360 3336 2726 conformandis
3276 2764 3338 3013 corrigew

3187 1310 3248 1485 disque
3187 1520 3251 1704 passim
3206 1742 3253 1927 utitur:
3209 1965 3255 2010 id
3194 2050 3255 2179 quod
3208 2217 3254 2403 notavit
3205 2439 3255 2596 schol.
3209 2636 3256 2799 Orest.
3208 2829 3240 2870 v.
3211 2897 3256 3012 970.

3104 1310 3150 1357 p.
3123 1393 3168 1505 449.
3124 1542 3172 1751 Matar:
3110 1806 3178 2263 γιγνωσκέτωσαν,
3127 2301 3179 2379 ὅτι
3126 2426 3177 2502 τὰ
3112 2555 3179 2812 φυσικὰ
3119 2861 3175 3014 τοῖς

3023 1311 3090 1650 μυθικοῖς
3028 1684 3094 2149 καταμίγνυσι
3045 2167 3075 2198 ν
3044 2235 3095 2263 ὁ
3028 2333 3095 2592 Ἲύριπίδης
3030 2611 3094 2679 *).
3032 2733 3093 2869 Quae
3030 2900 3077 3014 per-

2959 1310 3008 1485 mixtio
2961 1522 3009 1764 eiusmodi
2954 1804 3005 1910 est,
2963 1949 3005 2002 ut
2963 2038 3010 2323 memoriam
2949 2360 3011 2660 antiquitatis
2949 2698 3011 2874 partim
2966 2910 3014 3016 tolli

2863 1310 2927 1724 philosophorum
2866 1760 2929 1955 placitis
2866 1986 2929 2167 partim
2873 2205 2930 2511 confirmari,
2884 2563 2927 2613 et
2884 2661 2933 2849 fabulas
2885 2902 2916 3014 cum

2797 1313 2847 1526 naturali
2786 1562 2849 1880 philosophia
2802 1917 2849 2141 consulto
2803 2180 2850 2413 confundi
2787 2449 2847 2699 appareat.

2720 1444 2768 1620 Multis
2721 1657 2762 1822 autem
2722 1861 2769 2021 modis
2706 2055 2753 2300 personae
2706 2338 2769 2642 Euripideae
2708 2678 2771 2906 cogitatis
2723 2941 2771 3014 in-

2625 1316 2686 1569 ventisque
2624 1619 2687 2033 philosophorum
2640 2087 2684 2306 utuntur.
2641 2395 2690 2520 Sunt
2642 2575 2689 2699 euim
2627 2767 2690 2849 qui
2643 2896 2691 3018 deos

2558 1316 2605 1461 ullam
2559 1507 2590 1673 rerum
2561 1734 2607 2053 humanarum
2544 2113 2606 2512 procurationem
2561 2578 2608 2762 habere
2546 2823 2606 3018 negent,

2477 1314 2524 1448 velut
2464 1470 2527 1908 Bellerophontes3
2479 1947 2521 2059 sunt
2463 2087 2525 2168 qui
2463 2195 2526 2504 popularium
2481 2540 2527 2744 deorum
2464 2772 2528 3021 praesenti

2395 1315 2444 1494 auxilio
2382 1531 2444 1725 privati,
2398 1780 2429 1892 cum
2398 1931 2445 2030 sint
2383 2078 2444 2236 patria
2382 2286 2445 2445 pulsi7
2383 2495 2447 2746 praesidio
2399 2794 2449 3022 destituti

2302 1316 2363 1639 omnibusque
2318 1675 2366 1891 hostium
2317 1941 2363 2126 iniuriis
2302 2175 2365 2421 expositi,
2319 2471 2365 2519 in
2319 2565 2365 2740 summi
2308 2792 2367 3022 numinis,

2235 1317 2282 1458 cuius
2237 1495 2278 1615 nutu
2238 1653 2268 1709 ac
2237 1746 2284 1998 voluntate
2236 2035 2283 2197 omnia
2226 2232 2284 2664 administrentur,
2238 2701 2285 2889 iustitia
2239 2938 2270 3019 ac-

2138 1318 2201 1600 quiescant,
2157 1653 2204 1784 velut
2153 1819 2204 2044 Hecuba.
2142 2117 2203 2357 Quidam,
2156 2411 2204 2543 velut
2148 2581 2204 2742 lxion,
2141 2779 2205 3023 religione

2074 1318 2122 1451 omni
2076 1486 2107 1596 cum
2076 1635 2122 1838 deorum
2075 1879 2122 2152 reverentia
2067 2188 2122 2408 liberati,
2076 2464 2124 2652 nefaria
2076 2699 2124 2891 scelera
2077 2941 2108 3022 se-

1994 1320 2041 1425 curi
1983 1461 2043 1762 moliuntur3
1995 1800 2041 1882 alii
1978 1912 2041 2239 tegendorum
1995 2278 2042 2655 commissorum
1983 2694 2027 2882 caussa,
1996 2919 2043 3021 vel-

1912 1319 1953 1374 ut
1902 1420 1963 1716 Macareus,
1914 1764 1961 1980 miscere
1915 2031 1961 2107 sas
1899 2156 1962 2396 nefasque
1914 2447 1957 2700 conantur.
1915 2770 1962 3022 Bacchum

1816 1318 1874 1466 atque
1822 1498 1882 1764 Venerem,
1833 1803 1881 2057 libidinum
1818 2083 1877 2335 patronos,
1818 2375 1878 2612 spernunt
1835 2640 1877 2691 et
1835 2715 1866 2743 e
1834 2768 1877 2911 coetu
1835 2940 1866 3021 re-

1735 1318 1797 1569 liquorum
1753 1605 1799 1814 deorum
1753 1850 1800 2103 exturbari
1754 2154 1801 2320 volunt
1752 2356 1801 2609 Pentheus
1739 2647 1797 2792 atque
1738 2827 1801 3022 Hippo-

1655 1318 1717 1480 lytus3
1673 1531 1705 1590 ex
1672 1626 1721 1831 deorum
1673 1868 1720 2115 erroribus
1656 2151 1721 2562 libidinibusque„
1658 2602 1705 2727 quae
1656 2763 1716 3022 poetarum

1589 1320 1639 1503 fabulis
1593 1550 1641 1830 celebratae
1584 1880 1637 2024 sunt,
1591 2079 1641 2308 Phaedra
1591 2356 1638 2459 suis
1592 2512 1639 2644 vit-iis
1576 2695 1640 3022 patrocinium

1493 1322 1559 1537 quaerit,
1512 1589 1554 1645 ut
1512 1691 1560 1883 abiecta
1511 1927 1558 2226 verecundia
1494 2270 1558 2554 pietateque
1512 2589 1560 2798 lubidini
1512 2832 1557 3024 temere

1414 1320 1477 1585 indulgeat.
1431 1656 1480 1868 Omnem
1415 1914 1478 2227 religionem,
1415 2283 1477 2414 quod
1432 2462 1461 2489 a
1417 2535 1480 2887 superstitione
1432 2935 1463 3024 ne-

1332 1322 1391 1471 queat
1341 1507 1397 1735 discerni,
1351 1772 1382 1881 cum
1350 1919 1397 2015 diis
1333 2052 1397 2368 popularibus
1350 2404 1397 2532 tollit
1335 2567 1399 2869 Menalippa.
1351 2925 1400 3022 De-

1253 1322 1315 1471 nique
1270 1507 1301 1602 non
1270 1639 1317 1819 desunt
1253 1854 1316 2129 sapientes,
1268 2180 1316 2313 velut
1259 2348 1317 2668 Palamedes,
1256 2723 1318 2836 qui,
1255 2890 1317 3023 quod

1172 1325 1219 1478 super
1174 1526 1237 1698 vulgus
1173 1734 1236 1995 prudentia
1173 2029 1219 2296 rerumque
1172 2332 1236 2611 cognitione
1180 2647 1237 2897 eminent,
1190 2948 1237 3023 in-

1106 1323 1155 1452 vidia
1108 1498 1151 1551 et
1109 1596 1157 1833 calumnia
1092 1882 1153 2108 oppressi
1106 2152 1153 2413 intereant.
1109 2483 1157 2564 Sic
1093 2611 1150 2759 poeta
1110 2794 1158 3024 doctissi-

1026 1324 1059 1434 mus
1012 1481 1075 1719 exemplis
1027 1766 1076 2149 demonstrando
1011 2200 1075 2434 quidquid
1028 2492 1060 2659 rerum
1013 2707 1077 3025 inquisitione

945 1324 994 1403 vel
945 1437 995 1553 boni
948 1586 995 1662 vel
947 1698 994 1813 mali
931 1845 991 2041 partum
945 2077 987 2184 erat
946 2219 989 2270 et
932 2303 979 2624 quaecunque
947 2658 996 2908 saeculum
949 2944 997 3023 fe-

863 1326 913 1469 rebat
867 1528 914 1769 dictorum
849 1828 915 2175 factorumque
864 2220 910 2441 monstra
865 2480 915 2529 in
866 2576 915 2796 medium
853 2851 918 3023 profe-

746 1384 799 1433 ἦ)
758 1462 799 1586 Adde
758 1617 799 1756 schol.
757 1791 799 1961 Phoen.
757 1994 799 2091 175.
755 2123 795 2167 et
745 2197 786 2309 quae
758 2340 800 2397 ad
758 2429 800 2619 eundem
758 2646 799 2795 locum
746 2825 803 3023 Apitzius

687 1463 729 1646 monuit.
