5010 3336
3821 2099 3878 2222 318

3669 1322 3735 1493 generi
3671 1539 3720 1738 operam
3684 1776 3735 1968 dederit
3664 2003 3732 2291 Euripides.
3679 2359 3730 2459 Sed
3670 2496 3724 2894 venustissimum
3651 2915 3701 3003 po-

3591 1321 3655 1697 litissimumque
3605 1731 3653 1827 hoc
3603 1861 3651 2055 dicendi
3584 2090 3632 2244 genus
3597 2281 3648 2498 habitum
3595 2534 3628 2648 esse
3577 2683 3636 2832 atque
3586 2859 3636 3003 unice

3526 1319 3575 1598 Atticorum
3525 1643 3574 1844 auribus
3520 1894 3569 2133 teretibus
3502 2180 3567 2524 religiosisque
3498 2573 3562 2832 probatum
3507 2889 3542 3001 esse

3447 1317 3480 1487 omnes
3433 1522 3489 1794 testantur3
3442 1848 3493 1912 cf.
3440 1960 3490 2151 Ioannis
3437 2202 3488 2301 Sic.
3438 2342 3486 2527 scholia
3437 2563 3483 2614 in
3432 2648 3482 2784 ideas
3417 2822 3479 2999 (Rhet.

3350 1315 3399 1387 gr.
3368 1425 3415 1487 Τ.
3365 1522 3414 1606 Vl.
3350 1637 3396 1681 p.
3364 1719 3410 1831 230.
3361 1869 3410 1945 ed.
3345 1981 3409 2192 Walz.):
3358 2229 3410 2310 διὸ
3357 2346 3408 2434 καὶ
3353 2468 3405 2676 τούτων
3351 2704 3403 2756 οἱ
3341 2776 3402 2868 τὰς
3348 2894 3382 2999 τοι·

3275 1314 3337 1477 αύτας
3269 1521 3333 1880 ψυχρολογίας
3260 1925 3327 2457 παρασκευασάμενοι
3254 2513 3324 2996 εὐδοκίμησαν,

3205 1314 3267 1401 ὧν
3192 1436 3252 1701 πρῶτος
3183 1735 3251 2151 Εὐριπίδης·
3186 2201 3246 2292 τὰς
3179 2327 3245 2428 γὰρ
3176 2464 3240 2706 τραχείας
3188 2740 3241 2827 καὶ
3172 2864 3227 2996 σφο·

3109 1312 3175 1440 δρας
3111 1487 3176 1696 ἐννοίας
3106 1740 3167 2104 περικαλύψας
3102 2148 3165 2342 λέξεσιν
3099 2390 3164 2614 ἁπαλαῖς
3108 2661 3161 2750 καὶ
3091 2796 3158 2993 ἠπίαις,

3026 1310 3096 1478 ὥςπερ
3025 1513 3093 1609 τὴν
3025 1644 3090 1889 ἀνωτέρω
3022 1926 3088 2199 ῥηθεῖσαν,
3015 2249 3083 2489 ὑπήγαγε
3028 2525 3079 2612 τό·
3017 2673 3078 2741 „6
3024 2786 3076 2857 τὸ
3023 2892 3077 2994 θέ-

2946 1310 2993 1517 ατρον
2943 1551 3008 1938 πληρώσας,
2945 1977 3007 2047 ὥς
2938 2085 2989 2266 φησιν,
2933 2303 3000 2645 ἡδοναῖς.”

2880 1443 2929 1574 Dicit
2879 1607 2925 1752 etiam
2860 1795 2925 2169 Quinctiliailus,
2872 2195 2918 2241 in
2868 2276 2901 2504 sermone
2851 2539 2918 2620 (ἐν
2854 2653 2912 2765 τοῖς
2847 2794 2917 2995 ἔπεσιν)

2799 1307 2848 1558 humiliori
2799 1593 2848 1787 dicendi
2782 1821 2828 2031 genere,
2794 2083 2835 2130 et
2778 2176 2837 2305 quod
2772 2341 2834 2493 magis
2783 2530 2831 2794 accederet
2783 2829 2825 2993 orato-

2719 1304 2767 1377 rio
2702 1423 2767 1618 generi,
2717 1667 2749 1813 usum
2714 1850 2747 1961 esse
2697 1998 2762 2318 Euripidem,
2694 2367 2758 2518 idque
2708 2553 2737 2581 a
2705 2616 2753 2783 multis
2687 2819 2735 2990 repre-

2638 1303 2687 1512 hensum
2624 1562 2670 1701 esse,
2621 1752 2683 1928 quibus
2618 1979 2679 2191 gravitas
2630 2229 2673 2278 et
2627 2313 2676 2583 cothurnus
2625 2620 2668 2671 et
2625 2708 2657 2859 sonus
2623 2898 2671 2990 So·-

2541 1303 2606 1496 phoclis
2555 1542 2606 1796 videretur
2554 1843 2586 1956 esse
2549 2004 2599 2271 sublimior.
2549 2353 2597 2453 Sed
2545 2501 2594 2739 habemus
2526 2791 2576 2988 gravem

2464 1300 2518 1587 auctorem,
2460 1637 2507 1732 quo
2474 1778 2506 1873 non
2471 1920 2519 2076 solum
2456 2126 2515 2481 excusandam,
2465 2532 2513 2622 sed
2463 2659 2510 2806 etiam
2461 2842 2511 2989 laude

2380 1298 2444 1635 dignissimam
2378 1673 2442 1926 solamque
2389 1963 2422 2126 veram
2388 2165 2429 2213 et
2387 2247 2428 2435 rectam
2386 2464 2418 2577 esse
2367 2602 2432 2854 Euripidis
2382 2877 2414 2987 ora-

2316 1296 2363 1477 tionem
2312 1532 2363 1851 affirmemus.
2307 1940 2357 2234 Aristoteles
2305 2288 2352 2415 enim
2305 2466 2352 2512 in
2304 2552 2353 2700 Rhet.
2303 2741 2351 2823 ΙΙΙ.
2302 2860 2334 2902 c.
2300 2941 2347 2986 l.

2235 1298 2278 1350 et
2235 1388 2279 1434 2.
2234 1475 2282 1547 sic
2233 1584 2281 1691 fere
2229 1727 2279 1952 disserit:
2216 2019 2275 2191 „Novo
2226 2240 2267 2287 et
2224 2336 2272 2531 insolito
2223 2569 2271 2767 dicendi
2204 2804 2253 2989 genere

2155 1297 2197 1349 et
2138 1382 2195 1562 poetae
2152 1598 2194 1648 et
2150 1683 2190 1902 oratores
2148 1941 2195 2078 initio
2147 2117 2193 2192 usi
2134 2230 2188 2373 sunt,
2130 2427 2175 2576 quum
2142 2629 2189 2730 sola
2140 2767 2189 2986 dictione

2073 1294 2120 1442 rebus
2072 1478 2121 1666 frivolis
2069 1702 2117 1940 honorem
2068 1978 2115 2090 addi
2050 2126 2113 2487 intelligerent,
2048 2523 2109 2672 idque
2062 2699 2109 2829 omni
2060 2854 2102 2984 tem-

1979 1293 2027 1417 pore
1976 1470 2039 1659 vulgo
1988 1710 2039 2194 ineruditorum
1969 2231 2032 2524 pulcrum
1968 2561 2026 2755 atque
1980 2789 2030 2983 admi-

1890 668 1936 672 ὲ
1912 1292 1961 1508 rabile
1911 1571 1943 1718 esse
1908 1781 1957 2059 videtur.
1907 2144 1955 2244 Sed
1905 2302 1951 2396 iam
1903 2446 1934 2507 ne
1887 2555 1950 2729 tragici
1886 2781 1948 2980 quidem

1847 668 1886 672 l
1817 1290 1875 1464 poetae
1831 1500 1878 1581 illo
1815 1618 1861 1799 genere
1828 1830 1876 2056 dictionis
1810 2093 1871 2314 poeticae
1807 2359 1870 2567 amplius
1808 2617 1863 2846 utuntur3
1818 2898 1851 2980 ve-

1771 667 1837 692 l[
1740 1290 1785 1429 rum,
1751 1485 1797 1610 sicut
1749 1656 1780 1715 ex
1747 1769 1793 2070 tetrametris
1746 2119 1792 2178 ad
1742 2216 1793 2477 iambicum
1724 2516 1786 2814 transgressi
1726 2850 1781 2977 sunt,

1621 666 1792 672 ἱ
1708 808 1710 811 ’
1657 1289 1717 1514 quoniam
1667 1564 1712 1836 metrorum
1665 1892 1713 2106 omnium
1664 2158 1711 2253 hoc
1662 2291 1708 2506 sermoni
1659 2543 1707 2845 simillimum
1645 2881 1696 2977 est,

1591 1286 1639 1360 Sic
1572 1396 1622 1716 quaecunque
1586 1752 1633 2000 nominum
1586 2040 1616 2066 a
1581 2103 1629 2455 consuetudine
1568 2504 1627 2797 abhorrent,
1578 2850 1624 2975 omi-

1498 1285 1551 1486 serunt,
1509 1542 1550 1593 et
1492 1644 1553 1820 quibus
1490 1867 1551 2017 prisci
1502 2063 1549 2361 exornabant
1485 2396 1542 2544 atque
1498 2580 1545 2856 etiamnunc
1482 2891 1545 2975 qui

1429 1280 1478 1570 hexametra
1410 1606 1467 1905 componunt
1412 1940 1465 2159 utuntur,
1420 2196 1469 2496 abiecerunt.
1401 2568 1467 2823 Fugienda
1416 2861 1458 2975 sunt

1324 664 1387 691 3
1349 1281 1397 1472 abiecta
1332 1514 1389 1664 atque
1332 1700 1392 1940 obsoleta,
1342 1978 1390 2257 adhibenda
1329 2290 1389 2435 lecta,
1338 2472 1387 2680 illustria
1322 2712 1385 2973 minusque

1314 782 1317 783 “
1258 1280 1317 1490 usitata,
1251 1543 1298 1667 quae
1263 1717 1296 1886 omnes
1260 1935 1310 2262 admiramur:
1260 2318 1291 2428 nam
1257 2480 1305 2716 mirabilia
1255 2760 1304 2971 iucunda

1189 1276 1231 1403 sunt.
1186 1476 1235 1540 Et
1185 1575 1232 1622 in
1183 1657 1230 1829 metris
1167 1867 1228 2065 quidem
1179 2099 1227 2224 haec
1163 2259 1227 2525 plurimum
1176 2562 1225 2723 valent
1176 2752 1209 2968 commo-

1137 662 1161 667 ¹
1094 1277 1156 1441 deque
1107 1477 1138 1531 se
1103 1566 1152 1777 habent:
1102 1815 1133 1927 nam
1100 1966 1142 2061 tam
1099 2099 1130 2179 res
1082 2216 1130 2359 quam
1084 2397 1129 2657 personae,
1097 2695 1144 2756 de
1082 2792 1143 2967 quibus

981 661 1136 667 l
1027 1276 1077 1489 habetur
1013 1523 1071 1705 oratio,
1018 1756 1067 2133 excellentiores
1017 2171 1059 2296 sunt.
1018 2367 1065 2417 ln
1016 2456 1064 2616 soluta
1016 2650 1057 2815 autem
1016 2854 1048 2966 ora-

948 660 976 667 ι
935 1274 996 1433 tione,
945 1483 977 1592 cum
941 1630 974 1801 caussa
939 1837 987 1996 minor
926 2033 984 2119 sit,
937 2169 984 2322 multo
922 2356 983 2672 paucioribus
936 2709 983 2964 utendum.

852 660 946 678 s·
851 1274 916 1583 Quamquam
861 1636 908 1785 etiam
858 1839 905 1886 in
856 1937 903 2233 carminibus
857 2271 905 2312 si
858 2349 890 2518 servus
857 2554 900 2639 aut
855 2673 903 2964 adolescens

797 660 845 666 l
785 1274 833 1522 ornatiora
782 1572 831 1705 dicat
779 1753 821 1836 aut
777 1888 825 1949 de
760 1997 823 2159 parvis
775 2196 824 2341 nimis
761 2378 824 2637 magnifice
759 2673 819 2962 exponatur,

731 661 754 666 ¹
702 1271 755 1559 indecorum
688 1597 748 1720 erit3
697 1767 745 1855 sed
695 1892 743 2039 etiam
695 2076 741 2126 in
694 2160 742 2238 his
696 2273 737 2375 tum
694 2412 737 2682 extenuare
694 2717 737 2823 tum
695 2857 727 2961 am·

608 1270 675 1526 plificare‚
605 1572 661 1720 prout
615 1765 648 1848 res
599 1895 662 2142 postulat,
612 2193 661 2427 decorum
612 2462 657 2557 est.
599 2627 663 2957 Quamobrem
