<?xml version="1.0" encoding="UTF-8"?>
<!DOCTYPE html PUBLIC "-//W3C//DTD XHTML 1.0 Transitional//EN"
    "http://www.w3.org/TR/xhtml1/DTD/xhtml1-transitional.dtd">
<html xmlns="http://www.w3.org/1999/xhtml" xml:lang="en" lang="en">
 <head>
  <title>
</title>
<meta http-equiv="Content-Type" content="text/html;charset=utf-8" />
  <meta name='ocr-system' content='tesseract 3.04.00' />
  <meta name='ocr-capabilities' content='ocr_page ocr_carea ocr_par ocr_line ocrx_word'/>
</head>
<body>
  <div class='ocr_page' id='page_1' title='image "./euripidesrestitu00hartuoft_raw_0101.png"; bbox 0 0 5010 3336; ppageno 0'>
   <div class='ocr_carea' id='block_1_1' title="bbox 0 0 1128 3332">
    <p class='ocr_par' dir='ltr' id='par_1_1' title="bbox 0 0 1128 3332">
     <span class='ocr_line' id='line_1_1' title="bbox 0 0 1128 3332; textangle 90"><span class='ocrx_word' id='word_1_1' title='bbox 0 0 1128 3332; x_wconf 95' lang='lat' dir='ltr'><strong> </strong></span> 
     </span>
    </p>
   </div>
   <div class='ocr_carea' id='block_1_2' title="bbox 1048 2122 1101 2198">
    <p class='ocr_par' dir='ltr' id='par_1_2' title="bbox 1048 2122 1101 2198">
     <span class='ocr_line' id='line_1_2' title="bbox 1048 2122 1101 2198; textangle 90"><span class='ocrx_word' id='word_1_2' title='bbox 1048 2122 1101 2198; x_wconf 74' lang='lat'><strong>83</strong></span> 
     </span>
    </p>
   </div>
   <div class='ocr_carea' id='block_1_3' title="bbox 146 3336 3336 3336">
    <p class='ocr_par' dir='ltr' id='par_1_3' title="bbox 146 3336 3336 3336">
     <span class='ocr_line' id='line_1_3' title="bbox 146 3336 3336 3336; textangle 90"><span class='ocrx_word' id='word_1_3' title='bbox 146 3336 3336 3336; x_wconf 95' lang='lat' dir='ltr'><strong>                                              </strong></span> 
     </span>
    </p>
   </div>
   <div class='ocr_carea' id='block_1_4' title="bbox 1190 657 3786 3336">
    <p class='ocr_par' dir='ltr' id='par_1_4' title="bbox 1190 657 3786 3336">
     <span class='ocr_line' id='line_1_4' title="bbox 1190 1336 1256 2994; textangle 90"><span class='ocrx_word' id='word_1_4' title='bbox 1194 2817 1239 2994; x_wconf 83' lang='lat' dir='ltr'><strong>Proeto</strong></span> <span class='ocrx_word' id='word_1_5' title='bbox 1194 2540 1256 2792; x_wconf 86' lang='lat' dir='ltr'><strong>perfidiam</strong></span> <span class='ocrx_word' id='word_1_6' title='bbox 1192 2142 1254 2513; x_wconf 77' lang='lat' dir='ltr'><strong>exprobrantem</strong></span> <span class='ocrx_word' id='word_1_7' title='bbox 1206 1922 1252 2103; x_wconf 90' lang='lat' dir='ltr'><strong>suaque</strong></span> <span class='ocrx_word' id='word_1_8' title='bbox 1190 1759 1238 1886; x_wconf 80' lang='lat' dir='ltr'><strong>sacta</strong></span> <span class='ocrx_word' id='word_1_9' title='bbox 1192 1566 1254 1725; x_wconf 90' lang='lat' dir='ltr'><strong>ipsum</strong></span> <span class='ocrx_word' id='word_1_10' title='bbox 1207 1336 1254 1542; x_wconf 83' lang='lat' dir='ltr'><strong>purgan-</strong></span> 
     </span>
     <span class='ocr_line' id='line_1_5' title="bbox 1268 2032 1320 2994; textangle 90"><span class='ocrx_word' id='word_1_11' title='bbox 1279 2880 1320 2994; x_wconf 90' lang='lat' dir='ltr'><strong>tem.</strong></span> <span class='ocrx_word' id='word_1_12' title='bbox 1272 2662 1319 2810; x_wconf 85' lang='lat' dir='ltr'><strong>Cuius</strong></span> <span class='ocrx_word' id='word_1_13' title='bbox 1270 2424 1319 2625; x_wconf 86' lang='lat' dir='ltr'><strong>orationi</strong></span> <span class='ocrx_word' id='word_1_14' title='bbox 1269 2270 1316 2390; x_wconf 85' lang='lat' dir='ltr'><strong>haec</strong></span> <span class='ocrx_word' id='word_1_15' title='bbox 1268 2032 1315 2236; x_wconf 82' lang='lat' dir='ltr'><strong>infuisse</strong></span> 
     </span>
     <span class='ocr_line' id='line_1_6' title="bbox 1344 1550 1411 2864; textangle 90"><span class='ocrx_word' id='word_1_16' title='bbox 1348 2836 1398 2864; x_wconf 86' lang='grc' dir='ltr'>ὁ</span> <span class='ocrx_word' id='word_1_17' title='bbox 1348 2754 1398 2800; x_wconf 76' lang='grc' dir='ltr'><strong>δ’</strong></span> <span class='ocrx_word' id='word_1_18' title='bbox 1348 2648 1408 2716; x_wconf 85' lang='grc' dir='ltr'><strong>εἰς</strong></span> <span class='ocrx_word' id='word_1_19' title='bbox 1347 2558 1398 2616; x_wconf 88' lang='grc' dir='ltr'><strong>τὸ</strong></span> <span class='ocrx_word' id='word_1_20' title='bbox 1350 2306 1410 2523; x_wconf 78' lang='grc' dir='ltr'><em>σῶφρον</em></span> <span class='ocrx_word' id='word_1_21' title='bbox 1344 2196 1396 2271; x_wconf 78' lang='grc' dir='ltr'><strong>ἐπ’</strong></span> <span class='ocrx_word' id='word_1_22' title='bbox 1345 1969 1410 2159; x_wconf 72' lang='grc' dir='ltr'><em>ἀρετήν</em></span> <span class='ocrx_word' id='word_1_23' title='bbox 1346 1895 1393 1937; x_wconf 82' lang='grc' dir='ltr'><strong>τ’</strong></span> <span class='ocrx_word' id='word_1_24' title='bbox 1346 1712 1409 1857; x_wconf 79' lang='grc' dir='ltr'><em>ἄγων</em></span> <span class='ocrx_word' id='word_1_25' title='bbox 1344 1550 1411 1679; x_wconf 75' lang='grc' dir='ltr'><em>ἔρως</em></span> 
     </span>
     <span class='ocr_line' id='line_1_7' title="bbox 1414 1742 1492 2863; textangle 90"><span class='ocrx_word' id='word_1_26' title='bbox 1425 2641 1492 2863; x_wconf 75' lang='grc' dir='ltr'><em>ζηλωτὸς</em></span> <span class='ocrx_word' id='word_1_27' title='bbox 1426 2230 1490 2607; x_wconf 64' lang='grc' dir='ltr'><em>ἀνθρώποισιν,</em></span> <span class='ocrx_word' id='word_1_28' title='bbox 1414 2118 1475 2193; x_wconf 79' lang='grc' dir='ltr'><strong>ὧν</strong></span> <span class='ocrx_word' id='word_1_29' title='bbox 1425 1970 1490 2085; x_wconf 78' lang='grc' dir='ltr'><em>εἴην</em></span> <span class='ocrx_word' id='word_1_30' title='bbox 1422 1838 1490 1937; x_wconf 75' lang='grc' dir='ltr'><strong>ἐγώ</strong></span> <span class='ocrx_word' id='word_1_31' title='bbox 1453 1742 1461 1801; x_wconf 88' lang='lat'><strong>——</strong></span> 
     </span>
     <span class='ocr_line' id='line_1_8' title="bbox 1507 741 1603 2997; textangle 90"><span class='ocrx_word' id='word_1_32' title='bbox 1508 2857 1555 2997; x_wconf 89' lang='lat' dir='ltr'><strong>testis</strong></span> <span class='ocrx_word' id='word_1_33' title='bbox 1516 2744 1555 2818; x_wconf 90' lang='lat' dir='ltr'><strong>est</strong></span> <span class='ocrx_word' id='word_1_34' title='bbox 1508 2450 1571 2709; x_wconf 79' lang='lat' dir='ltr'><strong>Gregorius</strong></span> <span class='ocrx_word' id='word_1_35' title='bbox 1508 2383 1554 2414; x_wconf 90' lang='lat'><strong>1.</strong></span> <span class='ocrx_word' id='word_1_36' title='bbox 1507 2313 1555 2346; x_wconf 93' lang='lat' dir='ltr'><strong>l.</strong></span> <span class='ocrx_word' id='word_1_37' title='bbox 1527 741 1603 788; x_wconf 39' lang='grc' dir='ltr'><strong>μδ</strong></span> 
     </span>
     <span class='ocr_line' id='line_1_9' title="bbox 1572 781 1643 2866; textangle 90"><span class='ocrx_word' id='word_1_38' title='bbox 1587 2560 1634 2866; x_wconf 81' lang='lat' dir='ltr'><strong>Stheneboea</strong></span> <span class='ocrx_word' id='word_1_39' title='bbox 1588 2433 1634 2526; x_wconf 90' lang='lat' dir='ltr'><strong>etsi</strong></span> <span class='ocrx_word' id='word_1_40' title='bbox 1586 2221 1633 2399; x_wconf 87' lang='lat' dir='ltr'><strong>amoris</strong></span> <span class='ocrx_word' id='word_1_41' title='bbox 1586 2018 1633 2186; x_wconf 87' lang='lat' dir='ltr'><strong>surore</strong></span> <span class='ocrx_word' id='word_1_42' title='bbox 1590 1710 1643 1983; x_wconf 77' lang='lat' dir='ltr'><strong>excusatur,</strong></span> <span class='ocrx_word' id='word_1_43' title='bbox 1589 1516 1632 1677; x_wconf 87' lang='lat' dir='ltr'><strong>tamen</strong></span> <span class='ocrx_word' id='word_1_44' title='bbox 1592 1446 1634 1495; x_wconf 87' lang='lat' dir='ltr'><strong>et</strong></span> <span class='ocrx_word' id='word_1_45' title='bbox 1604 1338 1635 1421; x_wconf 89' lang='lat' dir='ltr'><strong>ne-</strong></span> <span class='ocrx_word' id='word_1_46' title='bbox 1572 781 1594 789; x_wconf 35' lang='grc' dir='ltr'><strong><em>Β</em></strong></span> 
     </span>
     <span class='ocr_line' id='line_1_10' title="bbox 1663 773 1727 2998; textangle 90"><span class='ocrx_word' id='word_1_47' title='bbox 1666 2852 1713 2998; x_wconf 82' lang='lat' dir='ltr'><strong>sanda</strong></span> <span class='ocrx_word' id='word_1_48' title='bbox 1668 2647 1726 2805; x_wconf 70' lang='lat' dir='ltr'><strong>fraus,</strong></span> <span class='ocrx_word' id='word_1_49' title='bbox 1682 2451 1727 2592; x_wconf 87' lang='lat' dir='ltr'><strong>quam</strong></span> <span class='ocrx_word' id='word_1_50' title='bbox 1666 2132 1712 2402; x_wconf 88' lang='lat' dir='ltr'><strong>machinata</strong></span> <span class='ocrx_word' id='word_1_51' title='bbox 1667 2007 1711 2084; x_wconf 85' lang='lat' dir='ltr'><strong>est</strong></span> <span class='ocrx_word' id='word_1_52' title='bbox 1663 1571 1725 1963; x_wconf 79' lang='lat' dir='ltr'><strong>Bellerophonti,</strong></span> <span class='ocrx_word' id='word_1_53' title='bbox 1671 1468 1712 1518; x_wconf 91' lang='lat' dir='ltr'><strong>ct</strong></span> <span class='ocrx_word' id='word_1_54' title='bbox 1667 1337 1712 1423; x_wconf 83' lang='lat' dir='ltr'><strong>de—</strong></span> <span class='ocrx_word' id='word_1_55' title='bbox 1675 773 1716 786; x_wconf 68' lang='lat' dir='ltr'><strong>l</strong></span> 
     </span>
     <span class='ocr_line' id='line_1_11' title="bbox 1742 1336 1807 2997; textangle 90"><span class='ocrx_word' id='word_1_56' title='bbox 1746 2798 1804 2997; x_wconf 83' lang='lat' dir='ltr'><strong>mentia,</strong></span> <span class='ocrx_word' id='word_1_57' title='bbox 1762 2662 1807 2754; x_wconf 88' lang='lat' dir='ltr'><strong>qua</strong></span> <span class='ocrx_word' id='word_1_58' title='bbox 1761 2454 1806 2611; x_wconf 89' lang='lat' dir='ltr'><strong>neque</strong></span> <span class='ocrx_word' id='word_1_59' title='bbox 1746 2264 1791 2419; x_wconf 87' lang='lat' dir='ltr'><strong>mariti</strong></span> <span class='ocrx_word' id='word_1_60' title='bbox 1759 2055 1805 2211; x_wconf 85' lang='lat' dir='ltr'><strong>neque</strong></span> <span class='ocrx_word' id='word_1_61' title='bbox 1742 1756 1789 2019; x_wconf 86' lang='lat' dir='ltr'><strong>liberorum</strong></span> <span class='ocrx_word' id='word_1_62' title='bbox 1744 1536 1790 1719; x_wconf 88' lang='lat' dir='ltr'><strong>ratione</strong></span> <span class='ocrx_word' id='word_1_63' title='bbox 1744 1336 1792 1498; x_wconf 86' lang='lat' dir='ltr'><strong>habita</strong></span> 
     </span>
     <span class='ocr_line' id='line_1_12' title="bbox 1822 1338 1887 3306; textangle 90"><span class='ocrx_word' id='word_1_64' title='bbox 1822 3294 1843 3306; x_wconf 57' lang='lat'><strong>⁷*</strong></span> <span class='ocrx_word' id='word_1_65' title='bbox 1828 3248 1844 3269; x_wconf 50' lang='lat'><strong>*⁹</strong></span> <span class='ocrx_word' id='word_1_66' title='bbox 1825 2711 1886 2998; x_wconf 86' lang='lat' dir='ltr'><strong>abiectoque</strong></span> <span class='ocrx_word' id='word_1_67' title='bbox 1826 2484 1887 2685; x_wconf 76' lang='lat' dir='ltr'><strong>pudore,</strong></span> <span class='ocrx_word' id='word_1_68' title='bbox 1825 2235 1870 2449; x_wconf 86' lang='lat' dir='ltr'><strong>insidens</strong></span> <span class='ocrx_word' id='word_1_69' title='bbox 1838 2084 1884 2206; x_wconf 88' lang='lat' dir='ltr'><strong>equo</strong></span> <span class='ocrx_word' id='word_1_70' title='bbox 1823 1922 1871 2049; x_wconf 90' lang='lat' dir='ltr'><strong>alato</strong></span> <span class='ocrx_word' id='word_1_71' title='bbox 1829 1742 1885 1887; x_wconf 86' lang='lat' dir='ltr'><strong>atque</strong></span> <span class='ocrx_word' id='word_1_72' title='bbox 1823 1493 1885 1711; x_wconf 85' lang='lat' dir='ltr'><strong>amplexa</strong></span> <span class='ocrx_word' id='word_1_73' title='bbox 1839 1338 1871 1467; x_wconf 87' lang='lat' dir='ltr'><strong>ama-</strong></span> 
     </span>
     <span class='ocr_line' id='line_1_13' title="bbox 1901 1338 1966 3312; textangle 90"><span class='ocrx_word' id='word_1_74' title='bbox 1901 3304 1907 3312; x_wconf 79' lang='grc'><strong><em>’</em></strong></span> <span class='ocrx_word' id='word_1_75' title='bbox 1903 2843 1959 2999; x_wconf 90' lang='lat' dir='ltr'><strong>sium,</strong></span> <span class='ocrx_word' id='word_1_76' title='bbox 1920 2782 1950 2807; x_wconf 90' lang='lat' dir='ltr'><strong>a</strong></span> <span class='ocrx_word' id='word_1_77' title='bbox 1904 2604 1950 2746; x_wconf 88' lang='lat' dir='ltr'><strong>domo</strong></span> <span class='ocrx_word' id='word_1_78' title='bbox 1903 2217 1966 2569; x_wconf 81' lang='lat' dir='ltr'><strong>penatibusque</strong></span> <span class='ocrx_word' id='word_1_79' title='bbox 1901 1943 1965 2183; x_wconf 75' lang='lat' dir='ltr'><strong>profugit,</strong></span> <span class='ocrx_word' id='word_1_80' title='bbox 1908 1729 1950 1907; x_wconf 88' lang='lat' dir='ltr'><strong>tantam</strong></span> <span class='ocrx_word' id='word_1_81' title='bbox 1902 1526 1949 1693; x_wconf 88' lang='lat' dir='ltr'><strong>animis</strong></span> <span class='ocrx_word' id='word_1_82' title='bbox 1903 1338 1950 1491; x_wconf 90' lang='lat' dir='ltr'><strong>hone-</strong></span> 
     </span>
     <span class='ocr_line' id='line_1_14' title="bbox 1981 1337 2046 3303; textangle 90"><span class='ocrx_word' id='word_1_83' title='bbox 1981 3246 2020 3303; x_wconf 53' lang='lat' dir='ltr'><strong>=⁸1l</strong></span> <span class='ocrx_word' id='word_1_84' title='bbox 1983 2912 2029 3000; x_wconf 88' lang='lat' dir='ltr'><strong>stis</strong></span> <span class='ocrx_word' id='word_1_85' title='bbox 1982 2501 2046 2877; x_wconf 79' lang='lat' dir='ltr'><strong>indignationem</strong></span> <span class='ocrx_word' id='word_1_86' title='bbox 1986 2258 2039 2449; x_wconf 75' lang='lat' dir='ltr'><strong>movet,</strong></span> <span class='ocrx_word' id='word_1_87' title='bbox 1985 2159 2027 2212; x_wconf 84' lang='lat' dir='ltr'><strong>ut</strong></span> <span class='ocrx_word' id='word_1_88' title='bbox 1996 1950 2027 2116; x_wconf 83' lang='lat' dir='ltr'><strong>verum</strong></span> <span class='ocrx_word' id='word_1_89' title='bbox 1997 1794 2028 1903; x_wconf 85' lang='lat' dir='ltr'><strong>esse</strong></span> <span class='ocrx_word' id='word_1_90' title='bbox 1981 1454 2028 1750; x_wconf 84' lang='lat' dir='ltr'><strong>credendum</strong></span> <span class='ocrx_word' id='word_1_91' title='bbox 1983 1337 2030 1403; x_wconf 90' lang='lat' dir='ltr'><strong>sit</strong></span> 
     </span>
     <span class='ocr_line' id='line_1_15' title="bbox 2058 734 2124 3285; textangle 90"><span class='ocrx_word' id='word_1_92' title='bbox 2059 3283 2064 3285; x_wconf 75' lang='grc'>’</span> <span class='ocrx_word' id='word_1_93' title='bbox 2062 2874 2122 3001; x_wconf 89' lang='lat' dir='ltr'><strong>quod</strong></span> <span class='ocrx_word' id='word_1_94' title='bbox 2061 2490 2124 2838; x_wconf 84' lang='lat' dir='ltr'><strong>Aristophanes</strong></span> <span class='ocrx_word' id='word_1_95' title='bbox 2060 2313 2123 2452; x_wconf 81' lang='lat' dir='ltr'><strong>(Ran.</strong></span> <span class='ocrx_word' id='word_1_96' title='bbox 2058 2114 2119 2274; x_wconf 85' lang='lat'>1050.)</span> <span class='ocrx_word' id='word_1_97' title='bbox 2060 1843 2118 2080; x_wconf 87' lang='lat' dir='ltr'><strong>affirmat,</strong></span> <span class='ocrx_word' id='word_1_98' title='bbox 2060 1567 2108 1796; x_wconf 87' lang='lat' dir='ltr'><strong>honestas</strong></span> <span class='ocrx_word' id='word_1_99' title='bbox 2068 1339 2109 1519; x_wconf 89' lang='lat' dir='ltr'><strong>matro-</strong></span> <span class='ocrx_word' id='word_1_100' title='bbox 2078 734 2107 739; x_wconf 75' lang='grc' dir='ltr'><strong><em>ν</em></strong></span> 
     </span>
     <span class='ocr_line' id='line_1_16' title="bbox 2138 712 2205 3307; textangle 90"><span class='ocrx_word' id='word_1_101' title='bbox 2142 3246 2185 3307; x_wconf 46' lang='grc' dir='ltr'><strong>4Ᾰὲ</strong></span> <span class='ocrx_word' id='word_1_102' title='bbox 2156 2917 2187 3001; x_wconf 90' lang='lat' dir='ltr'><strong>nas</strong></span> <span class='ocrx_word' id='word_1_103' title='bbox 2146 2674 2189 2881; x_wconf 89' lang='lat' dir='ltr'><strong>mortem</strong></span> <span class='ocrx_word' id='word_1_104' title='bbox 2141 2543 2187 2637; x_wconf 88' lang='lat' dir='ltr'><strong>sibi</strong></span> <span class='ocrx_word' id='word_1_105' title='bbox 2139 2204 2197 2507; x_wconf 81' lang='lat' dir='ltr'><strong>conscivisse,</strong></span> <span class='ocrx_word' id='word_1_106' title='bbox 2138 2059 2185 2167; x_wconf 89' lang='lat' dir='ltr'><strong>loco</strong></span> <span class='ocrx_word' id='word_1_107' title='bbox 2138 1685 2187 2022; x_wconf 86' lang='lat' dir='ltr'><strong>Stheneboeae</strong></span> <span class='ocrx_word' id='word_1_108' title='bbox 2140 1470 2188 1653; x_wconf 85' lang='lat' dir='ltr'><strong>fractas</strong></span> <span class='ocrx_word' id='word_1_109' title='bbox 2158 1344 2205 1435; x_wconf 63' lang='lat' dir='ltr'><strong>pu&lt;</strong></span> <span class='ocrx_word' id='word_1_110' title='bbox 2142 712 2196 740; x_wconf 51' lang='grc' dir='ltr'><strong>’ᾗ</strong></span> 
     </span>
     <span class='ocr_line' id='line_1_17' title="bbox 2208 2866 2278 3282; textangle 90"><span class='ocrx_word' id='word_1_111' title='bbox 2208 3248 2265 3282; x_wconf 48' lang='grc' dir='ltr'><strong>Μ’</strong></span> <span class='ocrx_word' id='word_1_112' title='bbox 2219 2866 2278 3003; x_wconf 90' lang='lat' dir='ltr'><strong>dore,</strong></span> 
     </span>
     <span class='ocr_line' id='line_1_18' title="bbox 2294 711 2387 3279; textangle 90"><span class='ocrx_word' id='word_1_113' title='bbox 2307 3254 2313 3279; x_wconf 79' lang='grc'><strong>”</strong></span> <span class='ocrx_word' id='word_1_114' title='bbox 2296 2795 2347 2874; x_wconf 81' lang='grc' dir='ltr'><strong>ὅτι</strong></span> <span class='ocrx_word' id='word_1_115' title='bbox 2296 2519 2361 2762; x_wconf 75' lang='grc' dir='ltr'><em>γενναίας</em></span> <span class='ocrx_word' id='word_1_116' title='bbox 2294 2401 2346 2487; x_wconf 78' lang='grc' dir='ltr'><em>καὶ</em></span> <span class='ocrx_word' id='word_1_117' title='bbox 2295 2111 2361 2369; x_wconf 74' lang='grc' dir='ltr'><em>γενναίων</em></span> <span class='ocrx_word' id='word_1_118' title='bbox 2294 1879 2360 2087; x_wconf 71' lang='grc' dir='ltr'><em>ἀνδρῶν</em></span> <span class='ocrx_word' id='word_1_119' title='bbox 2295 1632 2361 1855; x_wconf 71' lang='grc' dir='ltr'><em>ἀλόχους</em></span> <span class='ocrx_word' id='word_1_120' title='bbox 2295 1340 2357 1609; x_wconf 69' lang='grc' dir='ltr'><em>ἀνέπεισας</em></span> <span class='ocrx_word' id='word_1_121' title='bbox 2313 711 2387 774; x_wconf 50' lang='grc' dir='ltr'><strong>Η-</strong></span> 
     </span>
     <span class='ocr_line' id='line_1_19' title="bbox 2370 734 2454 2874; textangle 90"><span class='ocrx_word' id='word_1_122' title='bbox 2377 2685 2427 2874; x_wconf 76' lang='grc' dir='ltr'><em>κώνεια</em></span> <span class='ocrx_word' id='word_1_123' title='bbox 2380 2486 2433 2639; x_wconf 80' lang='grc' dir='ltr'><em>πιεῖν,</em></span> <span class='ocrx_word' id='word_1_124' title='bbox 2374 2071 2441 2436; x_wconf 75' lang='grc' dir='ltr'><em>αἰσχυνθείσας</em></span> <span class='ocrx_word' id='word_1_125' title='bbox 2375 1946 2425 2031; x_wconf 77' lang='grc' dir='ltr'><strong>διὰ</strong></span> <span class='ocrx_word' id='word_1_126' title='bbox 2370 1783 2435 1908; x_wconf 82' lang='grc' dir='ltr'><em>τοὺς</em></span> <span class='ocrx_word' id='word_1_127' title='bbox 2370 1623 2436 1749; x_wconf 81' lang='grc' dir='ltr'><em>σοὺς</em></span> <span class='ocrx_word' id='word_1_128' title='bbox 2379 1342 2441 1589; x_wconf 77' lang='grc' dir='ltr'><em>Βελλερο-</em></span> <span class='ocrx_word' id='word_1_129' title='bbox 2406 765 2454 772; x_wconf 53' lang='lat'>3</span> <span class='ocrx_word' id='word_1_130' title='bbox 2386 734 2390 735; x_wconf 77' lang='grc'>’</span> 
     </span>
     <span class='ocr_line' id='line_1_20' title="bbox 2455 707 2519 2165; textangle 90"><span class='ocrx_word' id='word_1_131' title='bbox 2455 1967 2519 2165; x_wconf 80' lang='grc' dir='ltr'><em>φόντας</em></span> <span class='ocrx_word' id='word_1_132' title='bbox 2456 1886 2519 1953; x_wconf 82' lang='grc'><strong>*).</strong></span> <span class='ocrx_word' id='word_1_133' title='bbox 2459 760 2499 771; x_wconf 77' lang='lat' dir='ltr'><strong>l</strong></span> <span class='ocrx_word' id='word_1_134' title='bbox 2464 732 2470 735; x_wconf 76' lang='grc'><em>’</em></span> <span class='ocrx_word' id='word_1_135' title='bbox 2503 707 2507 709; x_wconf 93' lang='grc'>.</span> 
     </span>
     <span class='ocr_line' id='line_1_21' title="bbox 2485 657 2598 3004; textangle 90"><span class='ocrx_word' id='word_1_136' title='bbox 2536 2833 2597 3004; x_wconf 84' lang='lat' dir='ltr'><strong>Neque</strong></span> <span class='ocrx_word' id='word_1_137' title='bbox 2535 2524 2598 2799; x_wconf 83' lang='lat' dir='ltr'><strong>probandus</strong></span> <span class='ocrx_word' id='word_1_138' title='bbox 2541 2412 2582 2487; x_wconf 88' lang='lat' dir='ltr'><strong>est</strong></span> <span class='ocrx_word' id='word_1_139' title='bbox 2536 2170 2583 2377; x_wconf 85' lang='lat' dir='ltr'><strong>Proetus</strong></span> <span class='ocrx_word' id='word_1_140' title='bbox 2538 1998 2583 2133; x_wconf 80' lang='lat' dir='ltr'><strong>uxori</strong></span> <span class='ocrx_word' id='word_1_141' title='bbox 2536 1730 2584 1962; x_wconf 85' lang='lat' dir='ltr'><strong>obnoxius</strong></span> <span class='ocrx_word' id='word_1_142' title='bbox 2542 1643 2583 1694; x_wconf 93' lang='lat' dir='ltr'><strong>et</strong></span> <span class='ocrx_word' id='word_1_143' title='bbox 2538 1341 2585 1621; x_wconf 87' lang='lat' dir='ltr'><strong>retinendae</strong></span> <span class='ocrx_word' id='word_1_144' title='bbox 2485 729 2589 771; x_wconf 76' lang='lat' dir='ltr'><strong>l*l</strong></span> <span class='ocrx_word' id='word_1_145' title='bbox 2528 657 2529 661; x_wconf 15' lang='grc' dir='ltr'><em>Α</em></span> 
     </span>
     <span class='ocr_line' id='line_1_22' title="bbox 2594 728 2683 3336; textangle 90"><span class='ocrx_word' id='word_1_146' title='bbox 2608 3246 2654 3336; x_wconf 52' lang='grc' dir='ltr'><strong>πθ»ἦ(””</strong></span> <span class='ocrx_word' id='word_1_147' title='bbox 2615 2796 2661 3007; x_wconf 86' lang='lat' dir='ltr'><strong>feminae</strong></span> <span class='ocrx_word' id='word_1_148' title='bbox 2615 2573 2661 2751; x_wconf 87' lang='lat' dir='ltr'><strong>infidae</strong></span> <span class='ocrx_word' id='word_1_149' title='bbox 2630 2356 2661 2525; x_wconf 83' lang='lat' dir='ltr'><strong>caussa</strong></span> <span class='ocrx_word' id='word_1_150' title='bbox 2615 2110 2676 2297; x_wconf 89' lang='lat' dir='ltr'><strong>quidvis</strong></span> <span class='ocrx_word' id='word_1_151' title='bbox 2616 1869 2678 2058; x_wconf 88' lang='lat' dir='ltr'><strong>patiens</strong></span> <span class='ocrx_word' id='word_1_152' title='bbox 2630 1566 2676 1822; x_wconf 79' lang='lat' dir='ltr'><strong>agensque.</strong></span> <span class='ocrx_word' id='word_1_153' title='bbox 2615 1344 2663 1487; x_wconf 87' lang='lat' dir='ltr'><strong>Eius·</strong></span> <span class='ocrx_word' id='word_1_154' title='bbox 2594 728 2683 770; x_wconf 71' lang='lat' dir='ltr'><strong>ll</strong></span> 
     </span>
     <span class='ocr_line' id='line_1_23' title="bbox 2659 726 2759 3331; textangle 90"><span class='ocrx_word' id='word_1_155' title='bbox 2702 3247 2732 3331; x_wconf 49' lang='lat' dir='ltr'><strong>’lai-211</strong></span> <span class='ocrx_word' id='word_1_156' title='bbox 2694 2874 2740 3005; x_wconf 90' lang='lat' dir='ltr'><strong>modi</strong></span> <span class='ocrx_word' id='word_1_157' title='bbox 2693 2690 2756 2839; x_wconf 87' lang='lat' dir='ltr'><strong>igitur</strong></span> <span class='ocrx_word' id='word_1_158' title='bbox 2693 2415 2739 2657; x_wconf 90' lang='lat' dir='ltr'><strong>hominum</strong></span> <span class='ocrx_word' id='word_1_159' title='bbox 2693 2239 2740 2379; x_wconf 91' lang='lat' dir='ltr'><strong>dolor</strong></span> <span class='ocrx_word' id='word_1_160' title='bbox 2709 2096 2740 2191; x_wconf 90' lang='lat' dir='ltr'><strong>non</strong></span> <span class='ocrx_word' id='word_1_161' title='bbox 2694 1623 2741 2051; x_wconf 83' lang='lat' dir='ltr'><strong>vehementissime</strong></span> <span class='ocrx_word' id='word_1_162' title='bbox 2699 1345 2757 1588; x_wconf 85' lang='lat' dir='ltr'><strong>spectato—</strong></span> <span class='ocrx_word' id='word_1_163' title='bbox 2708 762 2754 769; x_wconf 62' lang='grc' dir='ltr'>ς</span> <span class='ocrx_word' id='word_1_164' title='bbox 2659 726 2759 732; x_wconf 75' lang='lat' dir='ltr'><strong>l</strong></span> 
     </span>
     <span class='ocr_line' id='line_1_24' title="bbox 2772 727 2835 3007; textangle 90"><span class='ocrx_word' id='word_1_165' title='bbox 2788 2926 2819 3007; x_wconf 89' lang='lat' dir='ltr'><strong>res</strong></span> <span class='ocrx_word' id='word_1_166' title='bbox 2788 2696 2819 2891; x_wconf 81' lang='lat' dir='ltr'><strong>movere</strong></span> <span class='ocrx_word' id='word_1_167' title='bbox 2772 2479 2835 2662; x_wconf 83' lang='lat' dir='ltr'><strong>potuit,</strong></span> <span class='ocrx_word' id='word_1_168' title='bbox 2773 2149 2834 2436; x_wconf 90' lang='lat' dir='ltr'><strong>praesertim</strong></span> <span class='ocrx_word' id='word_1_169' title='bbox 2788 1955 2834 2102; x_wconf 89' lang='lat' dir='ltr'><strong>quum</strong></span> <span class='ocrx_word' id='word_1_170' title='bbox 2773 1689 2819 1910; x_wconf 82' lang='lat' dir='ltr'><strong>viderent</strong></span> <span class='ocrx_word' id='word_1_171' title='bbox 2789 1630 2819 1654; x_wconf 92' lang='lat' dir='ltr'><strong>a</strong></span> <span class='ocrx_word' id='word_1_172' title='bbox 2774 1425 2820 1596; x_wconf 84' lang='lat' dir='ltr'><strong>iuvene</strong></span> <span class='ocrx_word' id='word_1_173' title='bbox 2778 1342 2821 1391; x_wconf 84' lang='lat' dir='ltr'><strong>et</strong></span> <span class='ocrx_word' id='word_1_174' title='bbox 2777 727 2824 730; x_wconf 82' lang='lat' dir='ltr'><strong>l</strong></span> 
     </span>
     <span class='ocr_line' id='line_1_25' title="bbox 2850 1343 2913 3009; textangle 90"><span class='ocrx_word' id='word_1_175' title='bbox 2851 2664 2898 3009; x_wconf 84' lang='lat' dir='ltr'><strong>honestissimo</strong></span> <span class='ocrx_word' id='word_1_176' title='bbox 2855 2567 2897 2616; x_wconf 89' lang='lat' dir='ltr'><strong>et</strong></span> <span class='ocrx_word' id='word_1_177' title='bbox 2851 2150 2913 2523; x_wconf 88' lang='lat' dir='ltr'><strong>generosissimo</strong></span> <span class='ocrx_word' id='word_1_178' title='bbox 2857 2051 2899 2101; x_wconf 87' lang='lat' dir='ltr'><strong>et</strong></span> <span class='ocrx_word' id='word_1_179' title='bbox 2850 1788 2898 2009; x_wconf 82' lang='lat' dir='ltr'><strong>nefandis</strong></span> <span class='ocrx_word' id='word_1_180' title='bbox 2852 1541 2899 1730; x_wconf 86' lang='lat' dir='ltr'><strong>iniuriis</strong></span> <span class='ocrx_word' id='word_1_181' title='bbox 2852 1343 2900 1478; x_wconf 86' lang='lat' dir='ltr'><strong>laeso</strong></span> 
     </span>
     <span class='ocr_line' id='line_1_26' title="bbox 2930 1344 2993 3009; textangle 90"><span class='ocrx_word' id='word_1_182' title='bbox 2946 2806 2993 3009; x_wconf 86' lang='lat' dir='ltr'><strong>poenam</strong></span> <span class='ocrx_word' id='word_1_183' title='bbox 2931 2643 2977 2769; x_wconf 89' lang='lat' dir='ltr'><strong>sumi</strong></span> <span class='ocrx_word' id='word_1_184' title='bbox 2946 2473 2989 2605; x_wconf 86' lang='lat' dir='ltr'><strong>eam,</strong></span> <span class='ocrx_word' id='word_1_185' title='bbox 2946 2285 2991 2426; x_wconf 85' lang='lat' dir='ltr'><strong>quam</strong></span> <span class='ocrx_word' id='word_1_186' title='bbox 2930 1995 2977 2237; x_wconf 87' lang='lat' dir='ltr'><strong>adulteras</strong></span> <span class='ocrx_word' id='word_1_187' title='bbox 2930 1844 2993 1949; x_wconf 87' lang='lat' dir='ltr'><strong>pati</strong></span> <span class='ocrx_word' id='word_1_188' title='bbox 2930 1579 2977 1797; x_wconf 84' lang='lat' dir='ltr'><strong>decebat.</strong></span> <span class='ocrx_word' id='word_1_189' title='bbox 2931 1344 2978 1509; x_wconf 91' lang='lat' dir='ltr'><strong>Potuit</strong></span> 
     </span>
     <span class='ocr_line' id='line_1_27' title="bbox 3009 1345 3070 3008; textangle 90"><span class='ocrx_word' id='word_1_190' title='bbox 3014 2846 3055 3008; x_wconf 91' lang='lat' dir='ltr'><strong>autem</strong></span> <span class='ocrx_word' id='word_1_191' title='bbox 3009 2496 3056 2810; x_wconf 88' lang='lat' dir='ltr'><strong>nihilominus</strong></span> <span class='ocrx_word' id='word_1_192' title='bbox 3010 2384 3056 2462; x_wconf 88' lang='lat' dir='ltr'><strong>his</strong></span> <span class='ocrx_word' id='word_1_193' title='bbox 3010 2204 3056 2350; x_wconf 90' lang='lat' dir='ltr'><strong>rebus</strong></span> <span class='ocrx_word' id='word_1_194' title='bbox 3015 2010 3057 2168; x_wconf 87' lang='lat' dir='ltr'><strong>metus</strong></span> <span class='ocrx_word' id='word_1_195' title='bbox 3014 1834 3070 1979; x_wconf 89' lang='lat' dir='ltr'><strong>atque</strong></span> <span class='ocrx_word' id='word_1_196' title='bbox 3009 1475 3057 1812; x_wconf 87' lang='lat' dir='ltr'><strong>misericordia</strong></span> <span class='ocrx_word' id='word_1_197' title='bbox 3026 1345 3057 1449; x_wconf 85' lang='lat' dir='ltr'><strong>mo-</strong></span> 
     </span>
     <span class='ocr_line' id='line_1_28' title="bbox 3087 1344 3150 3009; textangle 90"><span class='ocrx_word' id='word_1_198' title='bbox 3087 2880 3144 3009; x_wconf 87' lang='lat' dir='ltr'><strong>veri,</strong></span> <span class='ocrx_word' id='word_1_199' title='bbox 3088 2791 3133 2832; x_wconf 87' lang='lat' dir='ltr'><strong>si</strong></span> <span class='ocrx_word' id='word_1_200' title='bbox 3088 2671 3146 2742; x_wconf 85' lang='lat' dir='ltr'><strong>vis</strong></span> <span class='ocrx_word' id='word_1_201' title='bbox 3088 2458 3134 2635; x_wconf 87' lang='lat' dir='ltr'><strong>amoris</strong></span> <span class='ocrx_word' id='word_1_202' title='bbox 3093 2287 3135 2421; x_wconf 85' lang='lat' dir='ltr'><strong>tanta</strong></span> <span class='ocrx_word' id='word_1_203' title='bbox 3089 2046 3135 2254; x_wconf 70' lang='lat' dir='ltr'><strong>veritate</strong></span> <span class='ocrx_word' id='word_1_204' title='bbox 3088 1918 3134 2011; x_wconf 87' lang='lat' dir='ltr'><strong>suit</strong></span> <span class='ocrx_word' id='word_1_205' title='bbox 3088 1824 3134 1884; x_wconf 89' lang='lat' dir='ltr'><strong>ad</strong></span> <span class='ocrx_word' id='word_1_206' title='bbox 3088 1632 3135 1791; x_wconf 82' lang='lat' dir='ltr'><strong>vivum</strong></span> <span class='ocrx_word' id='word_1_207' title='bbox 3104 1344 3150 1593; x_wconf 80' lang='lat' dir='ltr'><strong>expressa,</strong></span> 
     </span>
     <span class='ocr_line' id='line_1_29' title="bbox 3166 1345 3228 3008; textangle 90"><span class='ocrx_word' id='word_1_208' title='bbox 3171 2953 3213 3008; x_wconf 90' lang='lat' dir='ltr'><strong>ut</strong></span> <span class='ocrx_word' id='word_1_209' title='bbox 3166 2684 3212 2923; x_wconf 89' lang='lat' dir='ltr'><strong>dementis</strong></span> <span class='ocrx_word' id='word_1_210' title='bbox 3167 2495 3213 2648; x_wconf 85' lang='lat' dir='ltr'><strong>instar</strong></span> <span class='ocrx_word' id='word_1_211' title='bbox 3167 2291 3213 2461; x_wconf 91' lang='lat' dir='ltr'><strong>mulier</strong></span> <span class='ocrx_word' id='word_1_212' title='bbox 3167 2100 3228 2255; x_wconf 86' lang='lat' dir='ltr'><strong>abripi</strong></span> <span class='ocrx_word' id='word_1_213' title='bbox 3167 1816 3213 2066; x_wconf 84' lang='lat' dir='ltr'><strong>videretur</strong></span> <span class='ocrx_word' id='word_1_214' title='bbox 3168 1722 3213 1781; x_wconf 90' lang='lat' dir='ltr'><strong>ad</strong></span> <span class='ocrx_word' id='word_1_215' title='bbox 3169 1345 3215 1691; x_wconf 87' lang='lat' dir='ltr'><strong>committenda</strong></span> 
     </span>
     <span class='ocr_line' id='line_1_30' title="bbox 3244 1350 3306 3006; textangle 90"><span class='ocrx_word' id='word_1_216' title='bbox 3259 2917 3301 3006; x_wconf 88' lang='lat' dir='ltr'><strong>ea,</strong></span> <span class='ocrx_word' id='word_1_217' title='bbox 3260 2758 3306 2879; x_wconf 87' lang='lat' dir='ltr'><strong>quae</strong></span> <span class='ocrx_word' id='word_1_218' title='bbox 3245 2596 3305 2724; x_wconf 84' lang='lat' dir='ltr'><strong>ipsa,</strong></span> <span class='ocrx_word' id='word_1_219' title='bbox 3245 2519 3290 2558; x_wconf 91' lang='lat' dir='ltr'><strong>si</strong></span> <span class='ocrx_word' id='word_1_220' title='bbox 3260 2371 3290 2483; x_wconf 85' lang='lat' dir='ltr'><strong>sana</strong></span> <span class='ocrx_word' id='word_1_221' title='bbox 3244 2134 3303 2336; x_wconf 87' lang='lat' dir='ltr'><strong>suisset,</strong></span> <span class='ocrx_word' id='word_1_222' title='bbox 3245 1671 3293 2097; x_wconf 81' lang='lat' dir='ltr'><strong>vehementissime</strong></span> <span class='ocrx_word' id='word_1_223' title='bbox 3246 1350 3294 1639; x_wconf 87' lang='lat' dir='ltr'><strong>horruisset.</strong></span> 
     </span>
     <span class='ocr_line' id='line_1_31' title="bbox 3319 664 3386 3009; textangle 90"><span class='ocrx_word' id='word_1_224' title='bbox 3321 2799 3369 3009; x_wconf 84' lang='lat' dir='ltr'><strong>Miseret</strong></span> <span class='ocrx_word' id='word_1_225' title='bbox 3338 2680 3370 2765; x_wconf 87' lang='lat' dir='ltr'><strong>nos</strong></span> <span class='ocrx_word' id='word_1_226' title='bbox 3322 2443 3369 2651; x_wconf 88' lang='lat' dir='ltr'><strong>Medeae</strong></span> <span class='ocrx_word' id='word_1_227' title='bbox 3323 2233 3369 2408; x_wconf 88' lang='lat' dir='ltr'><strong>liberos</strong></span> <span class='ocrx_word' id='word_1_228' title='bbox 3324 1886 3371 2198; x_wconf 86' lang='lat' dir='ltr'><strong>trucidantis:</strong></span> <span class='ocrx_word' id='word_1_229' title='bbox 3325 1689 3386 1851; x_wconf 91' lang='lat' dir='ltr'><strong>quidni</strong></span> <span class='ocrx_word' id='word_1_230' title='bbox 3326 1525 3372 1669; x_wconf 87' lang='lat' dir='ltr'><strong>etiam</strong></span> <span class='ocrx_word' id='word_1_231' title='bbox 3326 1347 3373 1495; x_wconf 85' lang='lat' dir='ltr'><strong>Sthe-</strong></span> <span class='ocrx_word' id='word_1_232' title='bbox 3319 664 3379 727; x_wconf 38' lang='lat'><strong>{¹53</strong></span> 
     </span>
     <span class='ocr_line' id='line_1_32' title="bbox 3401 1345 3464 3007; textangle 90"><span class='ocrx_word' id='word_1_233' title='bbox 3401 2789 3448 3007; x_wconf 88' lang='lat' dir='ltr'><strong>neboeae</strong></span> <span class='ocrx_word' id='word_1_234' title='bbox 3408 2557 3459 2753; x_wconf 78' lang='lat' dir='ltr'><strong>sortem,</strong></span> <span class='ocrx_word' id='word_1_235' title='bbox 3405 2123 3463 2520; x_wconf 83' lang='lat' dir='ltr'><strong>repraesentante</strong></span> <span class='ocrx_word' id='word_1_236' title='bbox 3402 1838 3464 2088; x_wconf 72' lang='lat' dir='ltr'><strong>Euripide,</strong></span> <span class='ocrx_word' id='word_1_237' title='bbox 3419 1707 3464 1800; x_wconf 91' lang='lat' dir='ltr'><strong>quo</strong></span> <span class='ocrx_word' id='word_1_238' title='bbox 3405 1430 3450 1673; x_wconf 89' lang='lat' dir='ltr'><strong>neminem</strong></span> <span class='ocrx_word' id='word_1_239' title='bbox 3405 1345 3451 1394; x_wconf 91' lang='lat' dir='ltr'><strong>in</strong></span> 
     </span>
     <span class='ocr_line' id='line_1_33' title="bbox 3480 1348 3543 3294; textangle 90"><span class='ocrx_word' id='word_1_240' title='bbox 3503 3242 3534 3294; x_wconf 48' lang='lat' dir='ltr'><strong>„a</strong></span> <span class='ocrx_word' id='word_1_241' title='bbox 3495 3162 3499 3163; x_wconf 72' lang='grc'>’</span> <span class='ocrx_word' id='word_1_242' title='bbox 3480 2682 3543 3011; x_wconf 87' lang='lat' dir='ltr'><strong>exprimendis</strong></span> <span class='ocrx_word' id='word_1_243' title='bbox 3481 2501 3527 2646; x_wconf 89' lang='lat' dir='ltr'><strong>animi</strong></span> <span class='ocrx_word' id='word_1_244' title='bbox 3480 2023 3543 2466; x_wconf 87' lang='lat' dir='ltr'><strong>perturbationibus</strong></span> <span class='ocrx_word' id='word_1_245' title='bbox 3486 1802 3527 1988; x_wconf 89' lang='lat' dir='ltr'><strong>constat</strong></span> <span class='ocrx_word' id='word_1_246' title='bbox 3481 1544 3527 1778; x_wconf 89' lang='lat' dir='ltr'><strong>acriorem</strong></span> <span class='ocrx_word' id='word_1_247' title='bbox 3482 1348 3542 1521; x_wconf 81' lang='lat' dir='ltr'><strong>fuisse,</strong></span> 
     </span>
     <span class='ocr_line' id='line_1_34' title="bbox 3558 1349 3622 3294; textangle 90"><span class='ocrx_word' id='word_1_248' title='bbox 3572 3238 3615 3294; x_wconf 51' lang='lat' dir='ltr'><strong>tvl·</strong></span> <span class='ocrx_word' id='word_1_249' title='bbox 3559 2685 3607 3011; x_wconf 83' lang='lat' dir='ltr'><strong>miserabilem</strong></span> <span class='ocrx_word' id='word_1_250' title='bbox 3559 2374 3607 2651; x_wconf 89' lang='lat' dir='ltr'><strong>hominibus</strong></span> <span class='ocrx_word' id='word_1_251' title='bbox 3558 2192 3604 2341; x_wconf 81' lang='lat' dir='ltr'><strong>visam</strong></span> <span class='ocrx_word' id='word_1_252' title='bbox 3574 2049 3604 2158; x_wconf 88' lang='lat' dir='ltr'><strong>esse</strong></span> <span class='ocrx_word' id='word_1_253' title='bbox 3561 1763 3621 2025; x_wconf 66' lang='lat' dir='ltr'><strong>putemus?</strong></span> <span class='ocrx_word' id='word_1_254' title='bbox 3560 1475 3622 1697; x_wconf 83' lang='lat' dir='ltr'><strong>Eamque</strong></span> <span class='ocrx_word' id='word_1_255' title='bbox 3576 1349 3607 1451; x_wconf 89' lang='lat' dir='ltr'><strong>rem</strong></span> 
     </span>
     <span class='ocr_line' id='line_1_35' title="bbox 3638 1349 3700 3303; textangle 90"><span class='ocrx_word' id='word_1_256' title='bbox 3670 3300 3676 3303; x_wconf 61' lang='grc'><strong><em>«</em></strong></span> <span class='ocrx_word' id='word_1_257' title='bbox 3646 3238 3691 3270; x_wconf 48' lang='lat'><strong>,¹55</strong></span> <span class='ocrx_word' id='word_1_258' title='bbox 3638 2938 3685 3012; x_wconf 87' lang='lat' dir='ltr'><strong>sic</strong></span> <span class='ocrx_word' id='word_1_259' title='bbox 3653 2849 3685 2903; x_wconf 89' lang='lat' dir='ltr'><strong>se</strong></span> <span class='ocrx_word' id='word_1_260' title='bbox 3638 2585 3686 2816; x_wconf 89' lang='lat' dir='ltr'><strong>habuisse</strong></span> <span class='ocrx_word' id='word_1_261' title='bbox 3638 2400 3685 2551; x_wconf 88' lang='lat' dir='ltr'><strong>multa</strong></span> <span class='ocrx_word' id='word_1_262' title='bbox 3643 2252 3685 2363; x_wconf 89' lang='lat' dir='ltr'><strong>sunt</strong></span> <span class='ocrx_word' id='word_1_263' title='bbox 3639 1915 3685 2220; x_wconf 88' lang='lat' dir='ltr'><strong>documenta.</strong></span> <span class='ocrx_word' id='word_1_264' title='bbox 3639 1656 3700 1846; x_wconf 78' lang='lat' dir='ltr'><strong>Quanto</strong></span> <span class='ocrx_word' id='word_1_265' title='bbox 3639 1494 3686 1620; x_wconf 91' lang='lat' dir='ltr'><strong>enim</strong></span> <span class='ocrx_word' id='word_1_266' title='bbox 3644 1349 3687 1450; x_wconf 91' lang='lat' dir='ltr'><strong>stu-</strong></span> 
     </span>
     <span class='ocr_line' id='line_1_36' title="bbox 3716 1350 3786 3294; textangle 90"><span class='ocrx_word' id='word_1_267' title='bbox 3748 3237 3776 3294; x_wconf 38' lang='lat' dir='ltr'><strong>m,</strong></span> <span class='ocrx_word' id='word_1_268' title='bbox 3739 3160 3786 3162; x_wconf 44' lang='lat' dir='ltr'>j</span> <span class='ocrx_word' id='word_1_269' title='bbox 3717 2931 3765 3011; x_wconf 91' lang='lat' dir='ltr'><strong>dio</strong></span> <span class='ocrx_word' id='word_1_270' title='bbox 3717 2803 3765 2898; x_wconf 90' lang='lat' dir='ltr'><strong>hoc</strong></span> <span class='ocrx_word' id='word_1_271' title='bbox 3719 2602 3766 2769; x_wconf 89' lang='lat' dir='ltr'><strong>drama</strong></span> <span class='ocrx_word' id='word_1_272' title='bbox 3722 2300 3782 2568; x_wconf 86' lang='lat' dir='ltr'><strong>spectatum</strong></span> <span class='ocrx_word' id='word_1_273' title='bbox 3734 2238 3763 2266; x_wconf 86' lang='lat' dir='ltr'><strong>a</strong></span> <span class='ocrx_word' id='word_1_274' title='bbox 3716 2000 3764 2202; x_wconf 89' lang='lat' dir='ltr'><strong>Graecis</strong></span> <span class='ocrx_word' id='word_1_275' title='bbox 3718 1606 3782 1969; x_wconf 86' lang='lat' dir='ltr'><strong>lectitatumque</strong></span> <span class='ocrx_word' id='word_1_276' title='bbox 3719 1500 3775 1580; x_wconf 84' lang='lat' dir='ltr'><strong>sit,</strong></span> <span class='ocrx_word' id='word_1_277' title='bbox 3718 1350 3767 1464; x_wconf 87' lang='lat' dir='ltr'><strong>inde</strong></span> 
     </span>
    </p>
   </div>
   <div class='ocr_carea' id='block_1_5' title="bbox 1772 3331 2977 3336">
    <p class='ocr_par' dir='ltr' id='par_1_5' title="bbox 1772 3331 2977 3336">
     <span class='ocr_line' id='line_1_37' title="bbox 1772 3331 2977 3336; textangle 90"><span class='ocrx_word' id='word_1_278' title='bbox 1772 3331 2977 3336; x_wconf 95' lang='lat' dir='ltr'><strong> </strong></span> 
     </span>
    </p>
   </div>
   <div class='ocr_carea' id='block_1_6' title="bbox 3846 2586 3852 2822">
    <p class='ocr_par' dir='ltr' id='par_1_6' title="bbox 3846 2586 3852 2822">
     <span class='ocr_line' id='line_1_38' title="bbox 3846 2586 3852 2822; textangle 90"><span class='ocrx_word' id='word_1_279' title='bbox 3846 2586 3852 2822; x_wconf 95' lang='lat' dir='ltr'><strong> </strong></span> 
     </span>
    </p>
   </div>
   <div class='ocr_carea' id='block_1_7' title="bbox 3911 1349 4248 2944">
    <p class='ocr_par' dir='ltr' id='par_1_7' title="bbox 3911 1349 4248 2944">
     <span class='ocr_line' id='line_1_39' title="bbox 3911 1350 3968 2944; textangle 90"><span class='ocrx_word' id='word_1_280' title='bbox 3911 2900 3965 2944; x_wconf 73' lang='grc'><strong>1*)</strong></span> <span class='ocrx_word' id='word_1_281' title='bbox 3913 2671 3954 2870; x_wconf 90' lang='lat' dir='ltr'><strong>Duorum</strong></span> <span class='ocrx_word' id='word_1_282' title='bbox 3914 2376 3955 2625; x_wconf 82' lang='lat' dir='ltr'><strong>dramatum</strong></span> <span class='ocrx_word' id='word_1_283' title='bbox 3916 2074 3968 2334; x_wconf 80' lang='lat' dir='ltr'><strong>argumenta</strong></span> <span class='ocrx_word' id='word_1_284' title='bbox 3917 1779 3967 2029; x_wconf 80' lang='lat' dir='ltr'><strong>permutans</strong></span> <span class='ocrx_word' id='word_1_285' title='bbox 3915 1599 3955 1737; x_wconf 85' lang='lat' dir='ltr'><strong>schol.</strong></span> <span class='ocrx_word' id='word_1_286' title='bbox 3915 1503 3955 1559; x_wconf 83' lang='lat' dir='ltr'><strong>ad</strong></span> <span class='ocrx_word' id='word_1_287' title='bbox 3914 1350 3955 1465; x_wconf 81' lang='lat' dir='ltr'><strong>hunc</strong></span> 
     </span>
     <span class='ocr_line' id='line_1_40' title="bbox 3980 1349 4039 2875; textangle 90"><span class='ocrx_word' id='word_1_288' title='bbox 3982 2728 4024 2875; x_wconf 85' lang='lat' dir='ltr'><strong>locum</strong></span> <span class='ocrx_word' id='word_1_289' title='bbox 3984 2500 4025 2690; x_wconf 85' lang='lat' dir='ltr'><strong>notavit:</strong></span> <span class='ocrx_word' id='word_1_290' title='bbox 3982 2290 4025 2453; x_wconf 80' lang='grc' dir='ltr'><em>πολλαὶ</em></span> <span class='ocrx_word' id='word_1_291' title='bbox 3980 2160 4038 2243; x_wconf 71' lang='grc' dir='ltr'><strong>γὰρ</strong></span> <span class='ocrx_word' id='word_1_292' title='bbox 3982 2026 4036 2109; x_wconf 83' lang='grc' dir='ltr'><strong>τὴν</strong></span> <span class='ocrx_word' id='word_1_293' title='bbox 3983 1691 4037 1973; x_wconf 59' lang='grc' dir='ltr'><em>Σθενέβοιαν</em></span> <span class='ocrx_word' id='word_1_294' title='bbox 3982 1349 4039 1653; x_wconf 78' lang='grc' dir='ltr'><em>μιμησάμεναι</em></span> 
     </span>
     <span class='ocr_line' id='line_1_41' title="bbox 4050 1349 4106 2873; textangle 90"><span class='ocrx_word' id='word_1_295' title='bbox 4053 2684 4094 2873; x_wconf 85' lang='grc' dir='ltr'><em>πιοῦσαι</em></span> <span class='ocrx_word' id='word_1_296' title='bbox 4052 2474 4095 2661; x_wconf 80' lang='grc' dir='ltr'><em>κώνειον</em></span> <span class='ocrx_word' id='word_1_297' title='bbox 4050 2148 4106 2453; x_wconf 80' lang='grc' dir='ltr'><em>ἐτελεύτησαν.</em></span> <span class='ocrx_word' id='word_1_298' title='bbox 4053 2055 4093 2105; x_wconf 91' lang='lat' dir='ltr'><strong>In</strong></span> <span class='ocrx_word' id='word_1_299' title='bbox 4053 1677 4105 2032; x_wconf 80' lang='lat' dir='ltr'><strong>Bellerophonte,</strong></span> <span class='ocrx_word' id='word_1_300' title='bbox 4068 1563 4095 1648; x_wconf 88' lang='lat' dir='ltr'><strong>non</strong></span> <span class='ocrx_word' id='word_1_301' title='bbox 4054 1502 4095 1544; x_wconf 89' lang='lat' dir='ltr'><strong>in</strong></span> <span class='ocrx_word' id='word_1_302' title='bbox 4054 1349 4095 1480; x_wconf 86' lang='lat' dir='ltr'><strong>Sthe—</strong></span> 
     </span>
     <span class='ocr_line' id='line_1_42' title="bbox 4121 1350 4178 2871; textangle 90"><span class='ocrx_word' id='word_1_303' title='bbox 4122 2679 4174 2871; x_wconf 84' lang='lat' dir='ltr'><strong>neboea,</strong></span> <span class='ocrx_word' id='word_1_304' title='bbox 4125 2556 4165 2642; x_wconf 90' lang='lat' dir='ltr'><strong>hoc</strong></span> <span class='ocrx_word' id='word_1_305' title='bbox 4122 2367 4165 2518; x_wconf 86' lang='lat' dir='ltr'><strong>mortis</strong></span> <span class='ocrx_word' id='word_1_306' title='bbox 4137 2169 4178 2330; x_wconf 85' lang='lat' dir='ltr'><strong>genere</strong></span> <span class='ocrx_word' id='word_1_307' title='bbox 4121 1971 4163 2131; x_wconf 87' lang='lat' dir='ltr'><strong>mulier</strong></span> <span class='ocrx_word' id='word_1_308' title='bbox 4122 1723 4175 1926; x_wconf 80' lang='lat' dir='ltr'><strong>perierat.</strong></span> <span class='ocrx_word' id='word_1_309' title='bbox 4124 1569 4165 1657; x_wconf 87' lang='lat' dir='ltr'><strong>Sed</strong></span> <span class='ocrx_word' id='word_1_310' title='bbox 4121 1350 4165 1523; x_wconf 87' lang='lat' dir='ltr'><strong>videtur</strong></span> 
     </span>
     <span class='ocr_line' id='line_1_43' title="bbox 4192 1544 4248 2870; textangle 90"><span class='ocrx_word' id='word_1_311' title='bbox 4192 2557 4248 2870; x_wconf 78' lang='lat' dir='ltr'><strong>Aristophanes</strong></span> <span class='ocrx_word' id='word_1_312' title='bbox 4194 2424 4246 2519; x_wconf 84' lang='lat' dir='ltr'><strong>ipse</strong></span> <span class='ocrx_word' id='word_1_313' title='bbox 4194 2189 4234 2384; x_wconf 86' lang='lat' dir='ltr'><strong>consulto</strong></span> <span class='ocrx_word' id='word_1_314' title='bbox 4196 1932 4245 2160; x_wconf 80' lang='lat' dir='ltr'><strong>utramque</strong></span> <span class='ocrx_word' id='word_1_315' title='bbox 4206 1808 4233 1903; x_wconf 77' lang='lat' dir='ltr'><strong>rem</strong></span> <span class='ocrx_word' id='word_1_316' title='bbox 4192 1544 4235 1781; x_wconf 80' lang='lat' dir='ltr'><strong>miscuisse.</strong></span> 
     </span>
    </p>
   </div>
   <div class='ocr_carea' id='block_1_8' title="bbox 4260 1862 4307 1947">
    <p class='ocr_par' dir='ltr' id='par_1_8' title="bbox 4260 1862 4307 1947">
     <span class='ocr_line' id='line_1_44' title="bbox 4260 1862 4307 1947; textangle 90"><span class='ocrx_word' id='word_1_317' title='bbox 4260 1862 4307 1947; x_wconf 78' lang='grc'><strong>6*</strong></span> 
     </span>
    </p>
   </div>
   <div class='ocr_carea' id='block_1_9' title="bbox 3494 3331 4255 3336">
    <p class='ocr_par' dir='ltr' id='par_1_9' title="bbox 3494 3331 4255 3336">
     <span class='ocr_line' id='line_1_45' title="bbox 3494 3331 4255 3336; textangle 90"><span class='ocrx_word' id='word_1_318' title='bbox 3494 3331 4255 3336; x_wconf 95' lang='lat' dir='ltr'><strong> </strong></span> 
     </span>
    </p>
   </div>
   <div class='ocr_carea' id='block_1_10' title="bbox 4275 0 5010 3332">
    <p class='ocr_par' dir='ltr' id='par_1_10' title="bbox 4275 0 5010 3332">
     <span class='ocr_line' id='line_1_46' title="bbox 4275 0 5010 3332; textangle 90"><span class='ocrx_word' id='word_1_319' title='bbox 4275 0 5010 3332; x_wconf 95' lang='lat' dir='ltr'><strong> </strong></span> 
     </span>
    </p>
   </div>
  </div>
 </body>
</html>
