5010 3336
2908 3268 2941 3320 ,fif-

996 2156 1050 2233 57

1152 2812 1200 3035 metheus
1146 2545 1209 2778 Aeschyli
1148 2458 1192 2508 et
1143 2245 1191 2423 Medea
1138 1942 1200 2210 Euripidis,
1136 1677 1199 1906 implicati
1140 1481 1182 1643 autem
1133 1369 1181 1451 lon

1230 2798 1280 3036 eiusdem.
1227 2595 1274 2728 Idem
1222 2271 1272 2559 Aristoteles
1224 2040 1283 2236 praeter
1217 1718 1279 2008 peripetiam
1220 1539 1277 1682 atque
1214 1368 1276 1504 agni-

1311 2852 1357 3038 tionem
1307 2607 1355 2807 tertium
1318 2409 1365 2559 genus
1300 2117 1348 2363 actionum
1296 1934 1360 2070 ponit
1295 1519 1357 1889 perpessionem
1291 1366 1338 1470 sive

1387 2799 1451 3038 πάθημα,
1401 2621 1448 2761 qnam
1383 2464 1430 2584 dicit
1395 2320 1427 2430 esse
1380 2046 1426 2285 actionem
1373 1711 1422 2007 exitiabilem
1379 1594 1419 1677 aut
1373 1367 1418 1567 misera-

1469 2872 1523 3039 bilem,
1467 2703 1515 2836 velut
1463 2470 1510 2669 caedem
1462 2390 1508 2435 in
1462 2088 1521 2352 conspectu
1460 2004 1501 2052 et
1453 1700 1500 1969 cruciatum
1458 1614 1498 1664 et
1451 1364 1497 1591 vulnera-

1548 2854 1595 3039 tionem
1546 2751 1607 2816 (ο.
1545 2638 1592 2713 11.
1540 2550 1604 2599 ὃ.
1539 2426 1603 2513 6.).
1538 2241 1586 2355 lnde
1537 2091 1583 2206 alias
1533 1788 1597 2063 tragoedias
1530 1612 1577 1757 docet
1530 1366 1592 1579 pathe-

1628 2839 1685 3037 ticas,
1624 2686 1671 2802 alias
1619 2374 1668 2650 morales
1634 2224 1665 2336 esse
1615 2122 1677 2186 (c.
1616 2009 1660 2087 24.
1610 1793 1674 1972 §.1.).
1609 1482 1656 1725 Pathetici
1623 1365 1669 1449 ge-

1707 2908 1753 3038 neris
1702 2641 1765 2861 exempla
1700 2459 1763 2595 ponit
1699 2218 1745 2414 Aiantes
1700 2118 1742 2169 et
1694 1856 1747 2073 lxioneS,
1690 1611 1736 1805 moralis
1686 1363 1733 1566 Peleum

1782 2737 1847 3036 (Euripidis)
1786 2658 1828 2707 et
1778 2318 1827 2630 Phthiotides
1770 1989 1840 2293 (Sophoclis)
1769 1894 1836 1956 (c.
1772 1790 1827 1868 18,
1766 1681 1832 1768 ⁶2..)
1766 1360 1814 1645 Patheticae

1865 2888 1929 3040 igitur
1866 2715 1910 2855 erunt
1859 2470 1916 2681 fabulae,
1873 2309 1918 2432 quae
1855 2090 1902 2275 atrocia
1851 1903 1906 2055 mala,
1854 1768 1895 1849 aut
1849 1490 1911 1735 ipsorum,
1845 1359 1907 1441 qui

1943 2777 2005 3041 patiuntur,
1940 2581 2003 2740 culpa,
1942 2465 1985 2545 aut
1936 2198 1983 2437 maiorum
1933 2032 1979 2163 vitiis
1932 1727 1986 1992 contracta,
1926 1359 1987 1693 miserumque

2022 2789 2070 3041 interitum
2020 2466 2075 2755 ostendnnt3
2014 2221 2063 2431 morales
2017 2014 2060 2183 contra
2026 1860 2069 1979 eae,
2009 1775 2054 1823 in
2007 1565 2069 1737 quibus
2004 1360 2067 1530 probi-

2107 2922 2160 3041 tate,
2100 2770 2160 2886 fide,
2098 2458 2147 2746 fortitudine
2113 2372 2143 2427 ae
2093 2092 2158 2349 prudentia
2091 1928 2138 2064 bonis
2088 1688 2135 1897 felicitas
2084 1360 2143 1656 restituitur,

2197 2883 2246 3040 poena
2179 2562 2227 2847 afficiuntur
2176 2303 2239 2531 improbi.
2172 1980 2219 2223 Moralem
2169 1623 2228 1927 eandemque
2164 1360 2228 1579 implica-

2269 2937 2310 3040 tam
2276 2790 2308 2901 esse
2258 2473 2307 2764 Aristoteles
2255 2329 2301 2446 dicit
2253 2018 2316 2306 Odysseam,
2248 1684 2312 1981 patheticam
2245 1361 2306 1659 simplicem-

2357 2942 2403 3036 que
2340 2695 2387 2907 Iliadem.
2335 2265 2383 2628 Elaborandum
2336 2067 2379 2229 antem
2330 1950 2375 2017 ait
2327 1745 2389 1905 poetis
2341 1554 2381 1696 esse,
2329 1452 2369 1504 ut
2323 1359 2369 1410 in

2420 2960 2467 3039 his
2418 2666 2482 2924 generibus
2416 2409 2463 2628 omnibus
2412 2115 2467 2371 excellant,
2409 2001 2456 2077 sin
2408 1794 2466 1966 minus,
2410 1704 2453 1758 ut
2406 1624 2451 1671 in
2402 1359 2465 1589 gravissi-

2500 2948 2546 3039 mis
2504 2860 2544 2911 et
2496 2579 2559 2827 plurimis3
2510 2387 2555 2544 neque
2491 2053 2555 2351 probandam
2503 1906 2535 2015 esse
2485 1582 2532 1871 sententiam
2498 1359 2542 1546 eorum,

2579 2956 2641 3037 qui
2578 2872 2624 2921 in
2591 2744 2622 2839 uno
2589 2490 2636 2698 genere,
2578 2214 2632 2437 tanquam
2585 2045 2624 2164 suo,
2579 1600 2627 1995 unumquemque
2567 1358 2625 1556 poetam

2655 2792 2705 3037 excellere
2653 2597 2701 2759 velint.
2652 2461 2699 2528 Et
2650 2138 2713 2427 Euripidem
2646 1916 2709 2111 quidem
2644 1703 2706 1889 pariter
2643 1619 2688 1668 in
2641 1359 2687 1581 omnibus

2737 2779 2801 3041 generibus
2732 2463 2780 2741 elaborasse
2731 2170 2777 2416 videmus:
2726 1981 2774 2115 velut
2722 1694 2787 1933 simplicis
2721 1541 2767 1645 sine
2720 1358 2767 1505 dubio

2816 2839 2882 3037 generis
2813 2603 2860 2804 fuerunt
2810 2359 2856 2567 Cressae
2815 2274 2856 2323 et
2807 2041 2862 2239 Medea,
2802 1769 2867 2005 implicati
2800 1458 2849 1733 Alexander
2805 1358 2846 1432 at-

2913 2940 2961 3036 que
2895 2680 2955 2904 Antiopa,
2891 2409 2955 2644 pathetici
2889 2151 2935 2371 'I'roades
2891 2064 2933 2114 et
2883 1715 2939 2029 Phoenissae,
2880 1485 2928 1679 moralis
2879 1358 2926 1454 Pe-

2977 2932 3024 3040 leus
2981 2845 3022 2895 et
2973 2614 3035 2811 Dictys3
2971 2530 3016 2578 in
2969 2242 3033 2494 plerisque
2972 2042 3015 2207 autem
2963 1829 3012 2007 fabulis
2962 1684 3008 1794 bina
2976 1471 3023 1649 genera
2975 1358 3006 1437 so-

3056 2912 3104 3037 ciata
3069 2750 3100 2861 esse
3058 2484 3114 2702 apparet.
3049 2192 3112 2400 Largam
3047 1997 3109 2147 igitur
3042 1734 3090 1950 variandi
3046 1467 3103 1699 grataque
3039 1358 3087 1433 iu-

3135 2785 3183 3035 cunditate
3131 2503 3179 2751 theatrum
3128 2226 3176 2466 retinendi
3126 1938 3174 2191 materiam
3122 1726 3185 1903 poetiS‚
3121 1537 3183 1687 quiin
3120 1359 3166 1512 omni-

3215 2946 3261 3037 bus
3212 2834 3258 2911 vel
3210 2575 3274 2799 plurimis
3210 2292 3256 2539 actionum
3205 1997 3269 2258 generibus
3203 1639 3258 1965 elaborarent,
3199 1358 3246 1603 fnissein-

3292 2843 3353 3038 telligis.
3289 2546 3345 2776 Accedit,
3287 2368 3349 2497 quod
3284 2009 3333 2322 commutatio
3298 1789 3329 1958 rerum
3279 1668 3326 1744 vel
3278 1359 3338 1632 conversio,

3388 2893 3436 3037 quam
3363 2471 3430 2846 καταστροφὴν
3365 2238 3411 2412 Graeci
3363 1911 3425 2188 appellant,
3374 1698 3422 1855 paene
3372 1559 3404 1653 non
3359 1357 3404 1516 minus

3468 2886 3516 3036 saepe
3450 2581 3497 2852 infelicium
3448 2498 3493 2546 in
3446 2288 3492 2462 felices
3460 2110 3505 2252 qnam
3440 1855 3487 2074 felicium
3439 1772 3483 1819 in
3437 1498 3483 1723 infelices
3437 1359 3483 1449 fie-

3533 2955 3582 3039 bat
3529 2693 3593 2918 (Aristot.
3532 2524 3591 2657 poet.
3542 2446 3572 2485 e.
3528 2364 3570 2408 7.
3522 2271 3585 2325 §-
3525 2150 3583 2234 7.).
3521 1901 3567 2081 Errant
3518 1731 3565 1859 enim
3517 1359 3576 1695 vehementer,

3611 2955 3675 3037 qni
3610 2722 3658 2918 felicem
3623 2510 3656 2676 rerum
3605 2276 3652 2459 exitum
3600 1973 3664 2226 tragoedia
3598 1687 3660 1938 indignum
3613 1539 3643 1651 esse
3603 1453 3643 1504 et
3597 1360 3643 1418 ab

3690 2770 3740 3036 Aristotele
3688 2518 3736 2735 damnari
3690 2302 3750 2485 putant.
3683 2125 3730 2233 Non
3680 1936 3744 2090 magis
3678 1820 3724 1902 ille
3676 1591 3723 1786 felicem
3676 1359 3736 1560 exitum,

3788 2890 3834 3037 quam
3768 2560 3833 2856 implicatam
3767 2431 3813 2533 sive
3764 2155 3827 2403 duplicem
3762 1874 3818 2131 actionem,
3756 1566 3813 1836 damnavit,
3771 1358 3818 1529 quam-

3867 2890 3915 3035 quam
3852 2604 3913 2857 praestare
3846 2449 3894 2569 dixit
3844 2168 3891 2415 infelicem
3843 1947 3889 2131 exitum
3842 1851 3885 1900 et
3836 1529 3899 1805 simplicem
3837 1359 3883 1481 acti-

3946 2891 3979 3036 onem
3929 2790 3991 2853 (c.
3931 2685 3978 2763 13.
3925 2594 3989 2647 ξ.
3924 2472 3988 2568 4.):
3924 2306 3986 2435 quod
3923 2084 3985 2281 quidem
3922 1865 3976 2049 dicens,
3916 1711 3979 1827 quid
3916 1538 3975 1685 aliud,
3932 1358 3977 1501 quam

4009 2714 4074 3037 tragoediam,
4022 2537 4069 2678 quam
4020 2414 4053 2502 nos
4002 2128 4067 2377 appellare
4001 1862 4059 2101 solemus,
3998 1606 4044 1825 dramate
3995 1358 4058 1570 (Schau-

4089 2886 4152 3035 spiel)
4089 2603 4151 2870 graviorem
4101 2523 4133 2579 ac
4082 2085 4148 2494 praestantiorem
4095 1949 4128 2059 esse
4077 1704 4127 1925 censuit‘}
4075 1359 4122 1669 Etmaiorem

4168 2828 4217 3033 Graecis
4182 2534 4217 2794 numerum
4164 2342 4212 2501 fuisse
4160 1933 4223 2308 tragoediarum,
4173 1772 4221 1896 quae
4156 1540 4205 1739 felicem
4155 1359 4203 1511 habe-
