5010 3336
1007 2176 1059 2253 43

1153 2738 1218 2914 Pergit
1153 2517 1216 2715 suroris
1150 2308 1198 2486 socius.
1148 2072 1197 2236 Haud
1149 1895 1196 2038 illum
1150 1712 1196 1861 timor

1232 2643 1298 2911 Pudorque
1232 2410 1280 2610 tenuit.-
1234 2130 1293 2365 stupra
1232 2021 1275 2081 et
1229 1667 1275 1969 illicitos
1232 1441 1274 1619 toros

1312 2524 1361 2909 Acheronte
1308 2252 1357 2471 inimo
1307 1945 1373 2219 quaerit
1304 1526 1370 1893 Hippolyti
1322 1383 1370 1489 pa-

1383 1996 1434 2145 ter.''

1471 2964 1521 3041 Ad
1471 2748 1519 2930 inferos
1469 2586 1517 2712 enim
1467 2302 1515 2552 Theseum
1483 2156 1514 2264 cum
1466 1899 1513 2122 Pirithoo
1464 1578 1527 1854 profectum
1464 1378 1510 1530 fuisse

1566 2979 1599 3039 ex
1550 2756 1614 2931 fragm.
1547 2576 1597 2700 Vlll.
1546 2222 1610 2521 intelligitur.
1545 1882 1607 2143 Reliquam
1559 1637 1606 1828 quoque
1542 1374 1590 1590 Senecae

1630 2772 1678 3040 orationem
1643 2681 1676 2740 ex
1626 2378 1691 2647 Euripiden
1624 2080 1689 2332 prooemio
1638 1753 1687 2032 expressam
1638 1605 1670 1716 esse
1622 1376 1669 1545 verisi-

1710 2925 1757 3042 mile
1713 2802 1757 2889 est.
1707 2491 1757 2735 Venerem
1710 2293 1753 2455 autem
1706 2190 1752 2258 ibi
1704 1942 1751 2166 Phaedra
1706 1703 1762 1915 accusat,
1700 1521 1765 1667 quod,
1700 1374 1746 1485 odio

1788 2896 1836 3041 ducta
1787 2639 1835 2849 filiarum
1786 2421 1845 2583 Solis,
1785 2153 1833 2358 nefariis
1784 1862 1832 2106 amoribus
1796 1614 1831 1807 omnem
1779 1372 1843 1561 prolem

1868 2826 1916 3041 vexarit:

1946 2630 2012 2905 „Stirpem
1959 2414 2010 2603 perosa
1942 2242 1991 2378 Solis
1943 2054 1991 2209 invisi
1941 1844 1989 2010 Venus

2027 2808 2075 2908 Per
2043 2685 2074 2775 uos
2030 2439 2074 2649 catenas
2023 2173 2072 2405 vindicat
2021 1945 2070 2134 Martis
2021 1829 2068 1911 sui

2106 2643 2172 2908 Suasque5
2106 2415 2171 2617 probris
2120 2234 2153 2379 omne
2102 1913 2151 2199 Phoebeum
2114 1716 2164 1879 genus

2187 2710 2235 2902 Onerat
2184 2421 2249 2675 nefandis,
2183 2182 2231 2350 Nulla
2181 1950 2229 2141 Minois
2178 1813 2227 1914 levi

2266 2641 2330 2906 Defuncto
2281 2430 2313 2604 amore
2271 2288 2311 2394 est:
2262 2019 2324 2251 iungitur
2274 1789 2323 1988 semper
2255 1561 2322 1755 nefas.'’

2346 2871 2393 3037 Potuit
2345 2586 2393 2839 Phaedrae
2343 2368 2405 2552 magica
2358 2194 2388 2331 sacra
2340 1961 2386 2159 facienti
2337 1747 2384 1928 famuia
2338 1609 2384 1711 sive
2334 1369 2385 1558 Θέστυ-

2426 2956 2482 3034 mc,-
2428 2727 2487 2920 praesto
2439 2565 2481 2691 esse,
2439 2418 2469 2528 cum
2437 2288 2482 2381 qua
2420 1873 2482 2251 colloqueretur,
2417 1785 2464 1835 id
2418 1621 2479 1751 quod
2417 1368 2466 1595 Welcke-

2520 2950 2553 3035 rus
2503 2679 2562 2913 coniecit3
2502 2472 2566 2632 potuit
2501 2282 2548 2427 etiam
2499 2083 2546 2245 statim
2501 1919 2561 2034 post
2497 1541 2559 1872 prooemium,
2498 1362 2545 1494 nullo

2583 2743 2646 3034 interposito
2596 2455 2641 2707 sermone,
2580 2226 2626 2404 chorus
2577 1890 2624 2176 famularum
2575 1617 2638 1842 prodire,
2592 1361 2637 1568 quanam

2679 2919 2711 3033 cura
2667 2783 2709 2868 aut
2676 2641 2723 2736 quo
2660 2419 2707 2587 morbo
2658 2165 2704 2359 domina
2655 1781 2712 2108 cruciaretur,
2655 1362 2704 1725 sciscitantium.

2742 2854 2791 3034 Parodi
2756 2711 2788 2821 esse
2744 2489 2803 2679 partem
2739 2228 2801 2451 suspicor
2737 2019 2800 2196 fragm.
2736 1886 2781 1982 inc.
2736 1696 2791 1834 198„
2750 1553 2797 1646 quo
2735 1362 2782 1506 mire*-

2828 2952 2871 3033 tur
2822 2740 2881 2933 chorus,
2819 2584 2882 2713 quod
2834 2392 2865 2560 somno
2833 2192 2865 2362 carens
2822 2054 2863 2167 ante
2815 1871 2861 2030 lucem
2813 1678 2877 1847 regina
2815 1360 2861 1655 surrexerit:

2891 2553 2914 2717 0151·
2893 2246 2909 2313 ’aar

2896 2769 2968 2898 ἑῷος
2917 2618 2963 2735 ηνιχ
2896 2353 2955 2571 ιππότας
2897 2038 2959 2318 εςελαμψεν
2892 1823 2958 2001 ἀστήρ.

2982 2684 3029 2900 Alterius
2984 2504 3027 2640 actus
2983 2236 3026 2458 naturam
2982 2040 3038 2187 atque
2977 1665 3038 2004 argumentum
2986 1568 3018 1629 ex
2971 1359 3019 1533 eodem

3061 2842 3111 3030 Seneca
3076 2505 3123 2805 cognoscere
3060 2348 3106 2477 licet.
3056 2022 3104 2277 Contraria
3056 1860 3102 1986 enim
3053 1621 3108 1824 ratione,
3055 1439 3113 1583 atque
3052 1358 3098 1408 in

3144 2874 3191 3027 altero
3140 2567 3204 2840 Hippolyto
3139 2459 3198 2533 fit,
3151 2185 3202 2425 praeceps
3135 1898 3183 2149 ferebatur
3133 1672 3195 1863 regina,
3131 1478 3179 1623 nullis
3147 1360 3178 1442 ve—

3222 2767 3269 3028 recundiae
3219 2433 3283 2735 pudorisque
3217 2246 3265 2402 frenis
3220 1998 3273 2211 retenta3
3214 1703 3262 1962 coercebat
3218 1514 3259 1678 autem
3212 1356 3257 1496 casti<

3301 2787 3363 3026 gabatque
3298 2483 3345 2731 furentem
3297 2262 3343 2435 nutrix.
3295 1892 3357 2178 Congruunt
3298 1684 3339 1849 autem
3291 1354 3354 1628 fragmenta

3379 2775 3443 3029 Euripidis
3393 2610 3423 2718 cum
3376 2356 3422 2571 Senecae
3374 2091 3423 2321 carmine.
3374 1788 3419 2022 Hortatur
3371 1628 3434 1753 apud
3371 1354 3417 1591 Senecam

3459 2839 3519 3029 nutrix,
3462 2736 3505 2791 ut
3457 2537 3504 2701 obstet
3454 2232 3517 2504 principiis,
3468 2131 3499 2193 ne
3467 1984 3499 2095 sero
3454 1754 3514 1954 paretur
3450 1451 3498 1719 medicina:

3534 2341 3599 2614 „Quisquis
3533 2252 3580 2305 in
3533 2057 3598 2225 primo
3531 1826 3578 2020 obstitit

3616 2587 3682 2893 Pepulz‘tque
3630 2314 3673 2551 amorem,
3618 2136 3661 2277 tutus
3629 2038 3660 2098 ac
3612 1840 3659 2004 victor
3610 1674 3674 1817 fuit3

3698 2783 3759 2883 Qui
3694 2439 3744 2747 blandiendo
3694 2252 3742 2403 dulce
3693 2001 3740 2218 nutrivit
3692 1759 3749 1965 malum,

3776 2756 3825 2888 Sero
3781 2517 3824 2721 recusat
3777 2327 3838 2494 serre,
3773 2157 3839 2289 quod
3772 1942 3832 2124 subiit7
3772 1725 3833 1905 iugum
3774 1596 3817 1689 etc.

3856 2649 3906 2884 Honesta
3857 2394 3921 2620 primum
3860 2286 3902 2358 est
3854 2104 3911 2251 velle,
3868 1974 3899 2067 uec
3850 1833 3897 1936 labi
3851 1676 3907 1799 via,-

3936 2714 3985 2885 Pudor
3943 2604 3983 2676 est
3934 2300 3994 2569 secundm,
3949 2120 3981 2263 nosse
3930 1832 3996 2094 peccandi
3928 1584 3977 1800 modum.

4017 2726 4078 2884 Quo,
4017 2406 4075 2681 misera,
4014 2082 4079 2350 pergis?
4010 1870 4076 2024 quid
4009 1580 4057 1824 domum
4010 1384 4071 1527 insa

4108 1965 4140 2117 mem
4090 1589 4154 1928 adgravans

4175 2448 4240 2884 Superasque
4169 2073 4222 2413 matremtffl
