5010 3336
1146 2124 1202 2243 269

1305 2896 1356 2999 ὅτι
1300 2556 1369 2864 γαμήσας
1294 2419 1348 2525 καὶ
1294 2228 1361 2386 μίαν
1288 1946 1355 2196 ἡμέραν
1284 1705 1351 1911 μόνον
1279 1358 1345 1669 συγγενό-

1401 2794 1449 2999 μενος
1386 2683 1445 2747 τῇ
1375 2437 1444 2649 γυναικὶ
1370 2100 1440 2404 ἠναγκάσθη
1366 1940 1431 2064 μετὰ
1366 1802 1414 1907 τῶν
1357 1515 1427 1778 Ἑλλήνων
1357 1354 1409 1483 κατὰ

1463 2792 1528 2987 Τροίαν
1460 2498 1517 2756 ἀπελθεῖν,
1454 2376 1506 2463 καὶ
1452 2142 1516 2344 πρῶτος
1446 1926 1509 2107 ἐπιβὰς
1448 1804 1510 1894 τῆς
1442 1574 1505 1764 Τροίας
1438 1352 1490 1540 ἐτελεύ-

1555 2863 1608 2997 τησε.
1541 2689 1591 2793 Καί
1548 2466 1604 2655 φασιν,
1533 2341 1584 2417 ὅτι
1524 2184 1589 2309 τοὺς
1528 2015 1579 2152 κάτω
1524 1730 1589 1977 δαίμονας
1522 1470 1587 1696 ᾐτήσατο
1518 1347 1569 1435 καὶ

1622 2746 1687 2996 ἀφείθη
1620 2542 1685 2696 μίαν
1612 2254 1682 2509 ἡμέραν
1608 2134 1660 2221 καὶ
1602 1798 1670 2100 συνεγένετο
1607 1700 1666 1764 τῇ
1598 1474 1650 1664 ἑαυτοῦ
1616 1348 1663 1440 γυ-

1702 2840 1754 2995 ναικί.
1703 2653 1749 2789 Patet
1700 2492 1747 2619 enim
1711 2405 1743 2463 ex
1695 2285 1751 2377 his,
1697 1993 1751 2248 utrumque
1686 1738 1749 1963 spatium,
1682 1570 1744 1700 quod
1685 1494 1727 1545 et
1684 1345 1726 1457 ante

1782 2639 1847 2994 prosectionem
1785 2555 1826 2602 et
1781 2410 1840 2522 post
1773 2167 1819 2377 reditum
1780 1844 1816 2128 concessum
1762 1698 1820 1809 fuit,
1765 1345 1823 1670 permutatum

1879 2882 1910 2993 esse
1877 2809 1907 2835 a
1857 2417 1921 2765 scriptoribus,
1857 2139 1913 2368 tantoque
1845 1835 1911 2093 proclivior
1841 1697 1887 1789 fuit
1837 1345 1902 1653 permutatio,

1941 2863 2004 2993 quod
1955 2738 1986 2828 non
1936 2470 1984 2688 solebant
1928 2061 1979 2424 accuratissime
1931 1746 1985 2017 temporum
1919 1516 1981 1694 spatIa,
1931 1341 1978 1463 quae

2019 2723 2067 2993 actionibus
2015 2272 2067 2686 consumerentur,
2023 2211 2053 2236 a
2005 1981 2052 2185 scenicis
2001 1799 2065 1955 poetis
1998 1558 2045 1763 definiri.
1996 1340 2043 1524 Eadem

2103 2830 2146 2991 autem
2098 2731 2143 2793 de
2110 2643 2142 2698 re
2092 2500 2139 2607 fieri
2090 2290 2153 2465 potuit,
2092 2200 2133 2254 ut
2086 2022 2132 2166 etiam
2081 1769 2143 1987 Hyginus
2078 1629 2141 1735 ipse
2077 1549 2123 1595 in
2074 1340 2122 1512 delini-

2178 2865 2225 2991 endo
2181 2608 2237 2832 tempore
2174 2374 2218 2573 erraret.
2166 2207 2213 2306 Sed
2166 2022 2222 2172 haec,
2164 1857 2207 1967 utut
2163 1683 2215 1825 sunt,
2156 1509 2202 1630 levia
2157 1339 2200 1465 sunt.

2257 2666 2317 2990 Quamobrem
2250 2393 2314 2641 Hyginum
2247 2320 2293 2369 in
2241 1915 2306 2291 interpretandis
2244 1792 2285 1890 tam
2235 1501 2298 1777 Euripideis
2248 1337 2295 1479 quam

2334 2741 2382 2991 Laevianis
2329 2415 2391 2697 fragmentis
2324 2229 2387 2367 sequi
2338 2089 2371 2185 non
2318 1856 2366 2041 dubito.
2316 1671 2362 1789 Eius
2311 1336 2361 1625 narrationis

2413 2798 2460 2988 initium
2412 2670 2458 2765 hoc
2414 2533 2456 2633 est:
2405 2257 2465 2485 „Achivis
2403 2126 2449 2221 fuit
2412 1790 2461 2094 responsum,
2394 1671 2455 1751 qui
2393 1451 2454 1636 primus
2391 1335 2438 1414 lit-

2496 2882 2539 2987 tora
2490 2524 2536 2847 Troianorum
2485 2232 2548 2491 attigisset,
2481 1914 2543 2196 periturum.
2474 1723 2521 1845 Cum
2471 1502 2520 1673 Achivi
2470 1334 2516 1455 clas-

2587 2904 2618 2984 ses
2568 2543 2631 2867 appulissent,
2564 2293 2611 2498 caeteris
2558 1893 2611 2255 cunctantibus,
2554 1663 2611 1844 Iolaus,
2548 1417 2612 1615 Iphiclis
2552 1331 2595 1382 et

2648 2688 2697 2986 Diomedeae
2645 2527 2691 2656 filius
2642 2442 2708 2507 *),
2642 2222 2706 2404 primus
2656 2166 2686 2192 e
2638 2036 2685 2141 navi
2634 1773 2699 2015 prosiluit,
2631 1657 2692 1735 qui
2630 1573 2676 1629 ab
2629 1331 2675 1548 Hectore

2728 2724 2777 2982 confestim
2730 2580 2771 2656 est
2722 2245 2769 2536 interfectus
2716 2110 2779 2216 **):
2730 1898 2777 2040 quem
2711 1683 2758 1842 cuncti
2708 1329 2771 1632 appellarunt

2805 2646 2859 2983 Protesilaum,
2802 2370 2866 2593 quoniam
2799 2152 2861 2335 primus
2810 2055 2842 2114 ex
2793 1799 2840 2020 omnibus
2790 1538 2853 1762 perierat.
2786 1327 2846 1469 Quod

2901 2861 2933 2982 uxor
2883 2532 2941 2819 Laodamia,
2879 2310 2928 2477 Acasti
2876 2133 2935 2265 filia,
2890 1975 2921 2083 cum
2871 1710 2918 1928 audisset
2884 1569 2915 1675 eum
2865 1326 2929 1532 perisse,

2966 2862 3013 2983 flens
2963 2683 3027 2827 petiit
2978 2622 3008 2649 a
2961 2476 3021 2587 diis,
2965 2386 3006 2439 ut
2957 2261 3004 2351 sibi
2971 2119 3002 2225 cum
2969 2021 2999 2079 eo
2956 1885 2999 1986 tres
2950 1706 2996 1850 horas
2945 1468 3006 1676 colloqui
2944 1326 2990 1443 lice-

3050 2885 3092 2982 ret:
3058 2751 3105 2845 quo
3042 2439 3104 2717 impetrato,
3055 2375 3084 2401 a
3034 2095 3083 2339 Mercurio
3032 1799 3088 2060 reductus,
3033 1648 3075 1748 tres
3026 1470 3072 1613 horas
3037 1322 3069 1432 cum

3140 2922 3172 2981 ea
3123 2584 3183 2886 colloquutus
3124 2473 3166 2547 est
3118 2324 3177 2447 ²²²²³‘²'·²).
3112 2112 3175 2254 Quod
3112 1902 3158 2074 iterum
3124 1770 3155 1878 cum
3108 1558 3153 1739 obisset
3101 1322 3151 1534 Protesi-

3203 2860 3259 2981 lauS,
3201 2606 3248 2825 dolorem
3198 2469 3261 2571 pati
3212 2341 3245 2434 non
3194 2146 3257 2308 potuit
3189 1814 3237 2123 Laodamia.⁷’
3187 1690 3234 1779 His
3184 1320 3247 1661 supplementa

3280 2743 3344 2977 quaedam
3294 2635 3324 2694 ex
3277 2478 3323 2579 aliis
3273 2151 3321 2425 auctoribus
3269 1857 3316 2093 addimus,
3266 1544 3313 1777 Caussam
3260 1321 3309 1494 mortis

3360 2795 3416 2979 fuisse,
3355 2615 3418 2744 quod
3356 2394 3401 2567 domus
3366 2190 3399 2358 recens
3347 1901 3395 2153 aedificata
3344 1722 3391 1867 nullis
3358 1434 3390 1685 sacrorum
3354 1319 3386 1397 so·-

3437 2721 3494 2978 lemnibus,
3438 2441 3495 2701 antequam
3438 2275 3496 2423 nupta
3430 1917 3484 2260 deduceretur,
3423 1721 3471 1903 initiata
3427 1550 3480 1699 esset,
3417 1316 3468 1534 ostendit

3515 2757 3565 2975 Catullus
3516 2642 3573 2721 68,
3516 2544 3560 2605 79
3529 2511 3559 2523 :

3740 2870 3793 2919 ¹¹⁶)
3736 2658 3780 2840 Lucian.
3737 2573 3777 2626 D.
3735 2489 3775 2550 M.
3733 2378 3775 2458 23:
3731 2257 3786 2344 εἰμὶ
3729 2147 3785 2227 μὲν
3726 1804 3783 2117 Πρωτεσίλαος
3721 1751 3766 1773 ὁ
3719 1496 3775 1706 Ἰφίκλου,
3713 1312 3759 1463 Φυλά-

3823 2716 3857 2837 κιος,
3803 2397 3861 2673 στρατιώτης
3804 2278 3845 2369 τῶν
3798 2034 3855 2242 Ἀχαιῶν,
3796 1917 3839 1994 καὶ
3795 1711 3851 1889 πρῶτος
3785 1426 3833 1681 α’ποθανών
3785 1311 3828 1402 τῶν

3874 2768 3918 2836 ἐπ’
3872 2613 3933 2737 Ἰλίῳ.

3947 2861 4000 2942 ΣΗί)
3946 2649 3987 2831 Lucian.
3947 2564 3985 2617 D.
3944 2469 3984 2532 M.
3942 2356 3982 2437 19:
3937 2260 3989 2309 ὃς
3936 1928 3991 2229 ἐκλαθόμενος
3938 1817 3990 1900 τῆς
3930 1562 3985 1789 νεογάμου
3923 1306 3982 1532 γυναικός,

4015 2735 4058 2832 ἐπεὶ
4013 2361 4071 2693 προςεφέρεσθε
4011 2254 4067 2310 τῇ
4007 1993 4063 2194 Τρῳάδι,
4000 1818 4047 1936 οὕτω
3997 1434 4056 1767 φιλοκινδύνως
3992 1307 4036 1382 καὶ

4083 2460 4140 2832 οἷπονενοημένως
4079 2099 4138 2422 προεπήδησας
4078 1970 4118 2059 τῶν
4072 1756 4124 1925 ἄλλων,
4069 1571 4123 1708 δόξης
4064 1306 4121 1528 ἐρασθείς,

4152 2774 4197 2832 δι’
4150 2686 4209 2744 ἣν
4155 2480 4211 2657 πρῶτος
4151 2403 4195 2449 ἐν
4154 2326 4208 2382 τῇ
4146 2074 4205 2297 ἀποβάσει
4143 1806 4194 2050 ἀπέθανες.
4144 1651 4185 1776 Idem
4134 1307 4182 1636 dia1.23.0vid.

4224 2652 4266 2835 Heroid.
4225 2503 4276 2622 XIII,
4223 2410 4266 2478 93.
4227 2339 4263 2382 et
4220 2249 4263 2317 65.

4292 2859 4345 2965 aem)
4294 2664 4348 2831 Vulgo:
4309 2533 4336 2619 cum
4308 2453 4336 2499 eo
4293 2213 4336 2421 collocuta
4293 2104 4331 2179 est.
