5010 3336
3914 2117 3971 2238 206

3768 1342 3834 1537 Ulyssis
3770 1570 3832 1736 verba,
3765 1772 3815 1896 quae
3776 1931 3829 2114 dicens‘
3775 2135 3824 2273 illum
3760 2303 3821 2441 quasi
3770 2471 3821 2565 iam
3760 2593 3815 2915 constrictum
3757 2932 3803 3008 te-

3694 1340 3746 1441 net,
3703 1477 3750 1599 haec
3701 1636 3745 1774 sunt:

3623 1467 3674 1497 ὁ
3623 1531 3673 1577 δ’
3622 1613 3673 1711 ε’ίτε
3609 1746 3670 1940 Μυσὸς
3616 1977 3668 2076 εἴτε
3611 2108 3663 2371 κᾶλλοθὲν
3594 2402 3657 2589 ποθεν,

3541 1469 3592 1568 οὐκ
3540 1600 3595 1713 ἔσθ’
3528 1750 3591 1891 ὅπως
3537 1925 3587 1991 οὐ
3516 2032 3583 2268 Τήλεφος
3515 2301 3581 2606 γνωρίζεται
3509 2627 3577 2694 *).

3463 1331 3512 1431 lam
3461 1465 3494 1582 vero
3446 1618 3509 1800 Ulysse
3442 1833 3501 1979 atque
3436 2012 3501 2379 Agamemnone
3446 2397 3490 2606 mortem
3424 2634 3493 3004 intentantibus,

3370 1328 3415 1490 unam,
3366 1527 3413 1732 eamque
3363 1767 3426 2023 infirmam,
3358 2059 3406 2196 spem
3370 2234 3417 2325 sibi
3353 2361 3415 2568 relinqui
3363 2599 3413 2772 videns
3365 2803 3385 2872 Δ--·

3284 1460 3350 1616 λεπτή
3290 1651 3332 1727 τις
3287 1762 3351 1902 ἐλπίς
3281 1936 3348 2054 ἐστ’,
3276 2091 3343 2175 ἐφ’
3273 2208 3349 2272 ἧς
3271 2306 3338 2573 ὀχούμεθα
3269 2598 3335 2678 **)
3295 2712 3303 2778 —-

3223 1328 3270 1375 in
3220 1424 3267 1691 sacrarium
3218 1738 3250 1791 se
3212 1838 3263 2105 coniiciens
3208 2151 3260 2389 infantem
3206 2436 3253 2499 de
3201 2549 3250 2802 cunabulis
3180 2868 3244 2999 rapit

3127 1326 3174 1537 eumque
3140 1571 3172 1625 se
3134 1661 3187 2032 interfecturum
3131 2070 3164 2181 esse
3115 2214 3175 2481 minitatur,
3124 2520 3172 2615 nisi
3104 2643 3170 2994 Agamemnon,

3048 1324 3095 1468 quam
3061 1503 3109 1652 fidem
3043 1687 3106 1852 ignoto
3040 1887 3102 2133 pollicitus
3037 2171 3096 2251 sit,
3046 2288 3092 2493 eandem
3029 2521 3085 2742 praestet
3022 2772 3084 2990 cognito:

2965 1451 3031 1647 πληγὲν
2957 1680 3026 1911 μαχαίρᾳ
2956 1943 3022 2068 τῇδε
2955 2102 3018 2315 φοινίας
2948 2351 3017 2549 φλέβας

2882 1448 2946 1838 καθαιματώσει
2876 1870 2942 2054 βωμόν
2872 2076 2941 2198 ***).

2821 1315 2871 1427 Hoc
2817 1460 2865 1669 tumultu
2813 1706 2861 1864 excita
2809 1898 2857 2110 accurrit
2789 2142 2855 2309 regina
2789 2345 2836 2496 seque
2785 2541 2851 2808 interponit
2779 2837 2844 2987 ²²²²²²’¹⁵’'‘').

2723 1312 2791 1645 Indignantem
2720 1683 2784 2095 Agamemnonem
2710 2132 2777 2346 Telephi
2723 2380 2771 2536 oratio
2703 2572 2767 2788 mitigat:

2641 1436 2715 1781 Ἀγάμεμνον,
2652 1820 2703 1936 οὐδ’
2651 1971 2701 2015 εἰ
2646 2047 2699 2273 πέλεκυν
2645 2307 2697 2365 ἐν
2628 2396 2689 2574 χεροῖν
2624 2610 2692 2742 ἔχων

2564 1438 2629 1615 μέλλοι
2564 1649 2607 1726 τις
2563 1760 2623 1831 εἰς
2553 1863 2621 2120 τράχηλον
2549 2156 2619 2401 ἐμβαλεῖν
2546 2435 2614 2579 ἐμόν,

2480 1439 2546 1736 σιγήσομαι,
2490 1774 2541 1950 δίκαιοί
2472 1982 2535 2030 γ’
2483 2067 2536 2327 ἀντειπεῖν
2466 2361 2535 2494 ἔχων
2464 2520 2530 2593 †).

2408 1306 2467 1452 Tum,
2414 1488 2464 1709 fraudem
2395 1748 2442 2003 excusans,
2405 2038 2436 2133 non
2387 2170 2448 2453 speculandi
2400 2489 2431 2543 se
2398 2579 2431 2750 caussa
2392 2784 2442 2978 venisse

2327 1304 2383 1536 ostendit,
2317 1581 2365 1739 neque
2329 1789 2377 1903 ficta
2326 1940 2358 2051 esse
2310 2096 2356 2222 quae
2322 2273 2367 2334 de
2319 2380 2367 2601 remedio
2316 2637 2366 2850 vulneris
2312 2888 2361 2974 de-

2242 1302 2290 1397 que
2240 1432 2303 1673 Apollinis
2248 1712 2295 1907 oraculo
2231 1944 2294 2371 Clytaemnestrae
2237 2405 2285 2643 retulerit.
2220 2711 2284 2885 Neque
2231 2919 2265 2974 se

2176 1297 2227 1493 hostem
2171 1530 2222 1733 Graecis
2156 1770 2201 1910 esse,
2150 1948 2196 2132 neque,
2162 2171 2194 2279 cum
2159 2317 2206 2379 sit
2141 2413 2205 2662 sanguinis
2152 2698 2199 2972 necessitu-

2098 1297 2146 1409 dine
2095 1446 2127 1554 cum
2094 1590 2141 1650 iis
2074 1687 2136 2003 coniunctus,
2080 2054 2131 2386 dubitaturum
2077 2442 2125 2600 fuisse
2062 2648 2106 2762 eos,
2074 2807 2120 2846 si
2055 2879 2103 2970 per

2002 1293 2067 1480 legatos
2015 1517 2047 1571 se
1998 1607 2060 1864 adiissent,
1991 1919 2056 2135 hospitio
1986 2182 2047 2408 excipere
2000 2446 2041 2496 et
1996 2532 2043 2715 donare
1991 2751 2038 2968 muneri-

1939 1291 1986 1381 bus
1920 1412 1985 1522 ††).
1914 1589 1982 1823 Mitigato
1928 1860 1975 1953 iam
1908 1989 1973 2369 Agamemnone,
1904 2407 1960 2611 repente
1914 2638 1964 2859 Achilles
1912 2886 1943 2963 ar—

1790 1355 1844 1399 2)
1786 1432 1842 1687 Olympiod.
1796 1728 1837 1785 ad
1793 1827 1834 1939 Plat.
1776 1975 1832 2109 Gorg.
1776 2143 1815 2185 p.
1788 2214 1828 2311 521.
1787 2341 1827 2394 B.
1783 2452 1826 2597 Verba
1769 2629 1822 2962 corruptissima

1726 1426 1770 1681 traduntur:
1725 1725 1767 1767 in
1711 1811 1764 1969 quibus
1718 2002 1759 2286 emendandis
1715 2315 1751 2489 secutus
1713 2519 1740 2617 sum
1710 2648 1752 2794 virum
1695 2824 1734 2960 quen-

1659 1425 1701 1528 dam
1656 1560 1698 1737 doctum
1654 1768 1694 1811 in
1652 1843 1693 1952 actis
1649 1982 1691 2062 litt.
1646 2092 1689 2382 Hallensibus
1644 2414 1684 2516 anni
1642 2546 1685 2671 1840.
1639 2703 1680 2754 N.
1638 2785 1679 2825 8.
1624 2844 1677 2959 p.57

1576 1420 1616 1540 seqq.
1585 1602 1625 1670 Cf.
1583 1700 1624 1826 Jahn.
1569 1862 1607 1901 p.
1580 1933 1622 2002 28.

1507 1323 1560 1387 Η)
1503 1417 1559 1641 Aristoph.
1501 1671 1554 1751 Eq.
1513 1785 1539 1826 v.
1510 1858 1553 1983 1244.

1436 1300 1489 1387 ***)
1433 1418 1488 1641 Aristoph.
1443 1673 1483 1854 Thesm.
1428 1886 1482 2008 0¹93„
1426 2052 1464 2137 quo
1436 2175 1476 2273 loco
1433 2302 1474 2416 hacc
1431 2444 1473 2656 dramatis
1416 2684 1457 2788 pars
1427 2816 1470 2861 in
1425 2889 1468 2952 ri-

1375 1414 1417 1608 diculum
1372 1638 1412 1920 convertitur.

1297 1362 1348 1381 )
1307 1412 1347 1512 Ηοο
1303 1548 1346 1716 sactum
1301 1761 1328 1856 esse
1300 1900 1337 1991 tam
1298 2030 1325 2082 ex
1295 2122 1338 2365 imitatione
1279 2404 1335 2711 Aristophanis
1274 2740 1328 2946 (Thesm.

1228 1411 1279 1534 695.)
1223 1567 1261 1698 quam
1232 1730 1258 1783 ex
1217 1812 1272 1951 signis
1216 1980 1268 2188 caelatis,
1212 2229 1252 2339 quae
1223 2381 1264 2492 Iahn
1206 2522 1263 2833 interpretatus
1202 2865 1251 2943 est,

1151 1406 1209 1683 intelligitur.

1085 1321 1139 1373 †)
1095 1405 1138 1607 Imitatus
1093 1640 1130 1704 est
1091 1734 1132 1848 haec
1076 1878 1116 2050 quoque
1071 2079 1128 2303 Aristoph.
1081 2335 1125 2528 Acharn.
1078 2560 1121 2669 318:
1061 2700 1121 2814 ὑπὲρ
1073 2839 1118 2941 ἐπι-

1014 1407 1068 1548 ξήνου
1010 1579 1064 1763 θελήσω
1020 1794 1064 1873 τὸν
1005 1903 1060 2119 Κέφαλον
1001 2148 1056 2259 ἔχων
1001 2289 1057 2447 λέγειν.

944 1289 999 1375 ††)
940 1406 996 1561 Dictys
942 1587 992 1643 ΙΙ,
952 1667 994 1717 5:
937 1747 991 1979 „Ipsorum
933 2008 985 2167 potius,
931 2198 984 2272 ait,
929 2303 981 2434 culpa
928 2463 981 2647 factum,
925 2679 978 2795 quod
934 2824 976 2938 ami-

883 1400 926 1599 cissimos
881 1630 919 1673 et
880 1703 922 1870 iunctos
877 1908 918 1991 sibi
860 2033 913 2209 generis
870 2248 913 2467 affinitate
854 2495 896 2635 regno
868 2664 894 2743 suo
852 2774 904 2937 appul-

814 1400 842 1473 sos
798 1502 855 1797 ignoraverit:
796 1828 847 2172 praemittendos
801 2201 843 2364 etenim
785 2391 841 2553 fuisse,
785 2584 824 2663 per
784 2693 824 2826 quoS,
794 2860 822 2935 co-

730 1396 785 1520 gnito
738 1560 768 1713 eorum
723 1755 780 1968 adventu,
731 2022 774 2202 obviam
730 2253 774 2317 ire
716 2364 769 2640 gratulatum
713 2692 766 2934 oportuerit

1603 3180 1921 3190 ὴ-Π--μ-οῌ-ᾲ-ᾼ,
1942 3184 1954 3191 2
1974 3190 1977 3191 ι
1995 3190 1998 3191 ⁷
2014 3189 2036 3192 .-

1328 1274 1349 1357 ****
