5010 3336
3813 1355 3866 1608 adeundus
3812 1643 3855 1720 est
3806 1752 3858 1916 lumen
3801 1949 3849 2025 rei
3791 2058 3847 2291 allaturus
3790 2326 3840 2370 T
3832 3007 3854 3022 ’

3771 2370 3836 2645 hucydides
3764 2679 3826 2715 1,
3756 2752 3820 2891 108„
3749 2937 3810 3021 qui

3737 1351 3788 1475 haec
3733 1508 3783 1709 tradidit
3722 1740 3772 2027 memoriae:
3706 2069 3766 2277 „Paullo
3695 2311 3750 2426 post
3686 2452 3751 2645 accidit,
3697 2681 3741 2737 ut
3686 2764 3743 2935 Thasii
3683 2955 3732 3017 ab

3651 1347 3708 1731 Atheniensibus
3640 1761 3699 2042 deficerent.

3633 2090 3687 2274 Caussa
3626 2301 3672 2461 autem
3615 2494 3673 2786 defectionis
3590 2817 3643 3015 empo-

3582 1342 3630 1441 ria
3573 1489 3618 1675 erant
3571 1718 3620 1782 in
3561 1816 3615 2087 adversa

3548 2136 3606 2411 Thracia
3542 2462 3591 2583 sita
3538 2627 3581 2687 et
3512 2720 3576 3010 metalla,

3526 686 3551 730 >
3489 1342 3550 1518 quibus
3496 1551 3546 1621 illi
3484 1655 3539 1933 utebantur.
3480 2002 3530 2070 Et
3463 2102 3523 2318 profecti
3464 2352 3514 2552 navibus
3454 2588 3509 2807 Thasum
3446 2853 3498 3008 Athe-

3419 1338 3471 1536 nienses
3401 1581 3449 1739 pugna
3406 1785 3453 1941 navali
3396 1987 3448 2209 vicerunt
3376 2252 3436 2399 atque
3387 2433 3436 2481 in
3379 2516 3427 2696 terram
3366 2734 3424 3005 descende-

3336 1527 3389 1699 Missis
3314 1734 3365 1928 quoque
3321 1964 3368 2053 sub
3316 2078 3367 2209 idem
3296 2235 3358 2429 tempus
3306 2453 3354 2514 ad
3285 2541 3352 2803 Strymona
3286 2828 3339 3002 decem

3262 1328 3313 1543 millibus
3235 1580 3305 1887 colonorum,
3243 1925 3287 2028 tum
3236 2065 3272 2262 suorum
3231 2298 3275 2404 turn

3165 1323 3237 1639 Edonorum‚
3160 1686 3219 1816 quod
3165 1851 3211 1951 tum
3157 1988 3211 2214 Novem
3142 2262 3200 2430 viae,

3107 1319 3158 1404 lis
3082 1453 3149 1757 appellatur,
3083 1803 3139 2027 habitare
3074 2074 3127 2317 volebant.

3014 1321 3070 1460 sunt;
3002 1508 3062 1763 progressi
3006 1796 3050 1959 autem
3002 1994 3051 2041 in
2993 2077 3045 2339 mediterra

2969 630 3025 659 g
2945 1313 2993 1467 versis
2919 1515 2992 1821 ThracibuS‚
2913 1883 2974 1962 qui
2920 2015 2970 2134 illud
2898 2180 2961 2414 oppidum
2901 2461 2956 2647 Novem
2896 2693 2945 2795 vias
2888 2842 2940 2988 incoli

2849 1311 2913 1572 tenerique
2858 1618 2906 1678 ab
2841 1726 2902 2106 Atheniensibus
2821 2154 2869 2300 aegre
2824 2345 2880 2573 ferebant

2784 1306 2839 1529 Edonica
2777 1578 2828 1732 deleti
2770 1779 2817 1937 sunt'’
2750 1983 2815 2050 *).

2690 1304 2760 1603 doctumque
2693 1628 2749 1849 Rhesum
2676 1878 2722 2005 esse,
2668 2043 2714 2138 quo

2628 1299 2681 1467 divitia
2615 1490 2672 1820 Athenienses
2607 1857 2659 2039 colonis
2602 2076 2635 2163 occ

3144 2479 3179 2606 nunc
3115 2640 3186 2994 Amphipo-

3069 2386 3119 2451 Et
3064 2498 3115 2584 illo
3046 2619 3106 2816 quidem
3036 2851 3097 2994 potiti

2990 2347 3023 2436 nea
2968 2473 3036 2740 Thraciae,
2973 2786 3021 2846 ab
2970 2882 3016 2990 uni—

2811 2586 2834 2599 ,
2819 2647 2868 2695 in
2809 2730 2866 2984 Drabesco

2739 2150 2807 2308 Finge
2750 2366 2782 2423 eo
2729 2470 2789 2693 tempore
2718 2741 2782 2980 scriptum

2677 2165 2727 2271 loca
2673 2292 2722 2376 illa
2664 2405 2713 2614 metallis
2637 2643 2705 2977 emporiisque
2611 3187 2646 3191 1

2583 2168 2631 2318 upare
2571 2345 2635 2656 conabantur,
2581 2694 2623 2743 et
2571 2766 2626 2973 habebis
2540 3189 2604 3195 *d

2512 1891 2560 1953 ης
2504 1985 2558 2302 υπαργυρου
2497 2335 2558 2558 χθονός,
2499 2595 2551 2785 videbis
2491 2815 2541 2968 totius

2414 2367 2472 2799 opportunitatem.
2411 2880 2463 2966 Illa

2350 2365 2401 2439 Ol.
2338 2479 2394 2559 78,
2344 2595 2390 2639 3.
2338 2688 2388 2791 sive
2332 2836 2368 2962 anno

2270 2364 2321 2474 dem
2263 2496 2309 2662 natum
2258 2689 2292 2800 esse
2251 2822 2296 2959 recte

2391 1288 2438 1452 autem
2382 1499 2433 1686 colonia
2370 1733 2426 1941 deducta
2363 1989 2397 2100 esse
2355 2134 2408 2331 videtur

2314 1285 2363 1444 4661110
2300 1469 2362 1564 **).
2290 1620 2351 1810 Quodsi
2288 1845 2324 1970 anno
2286 1997 2332 2155 4841110
2260 2181 2328 2358 Euripi

2236 1280 2285 1330 in
2225 1373 2264 1617 marmore
2216 1665 2270 1812 Pario
2192 1861 2257 2096 scriptum
2186 2133 2243 2236 est,

2135 1278 2205 1510 deviginti
2140 1543 2178 1696 annos
2133 1730 2179 1870 natus

1666 1256 1713 1380 quae
1666 1426 1721 1614 Novem
1658 1660 1709 1768 viae
1629 1819 1698 2185 appellabatur,

1586 1252 1647 1445 priores
1589 1481 1636 1539 ab
1580 1574 1635 1746 incolis
1570 1783 1624 1973 deletae
1564 2010 1608 2121 sunt

1518 1248 1554 1350 ram
1513 1401 1556 1452 et
1502 1500 1554 1715 condere
1473 1763 1545 2079 Amphipolin
1466 2122 1527 2293 potuit.
1473 2362 1523 2459 Iam
1467 2496 1516 2624 enim
1454 2658 1513 2923 Phaedone

1422 627 1472 659 ἦ
1432 1246 1485 1480 archonte
1425 1531 1478 1606 Ol.
1409 1644 1469 1722 76,
1404 1759 1464 1830 1.‚
1394 1883 1452 2026 capta
1388 2070 1436 2161 per
1394 2210 1450 2460 Cimonem
1373 2496 1439 2682 Eione,
1367 2730 1427 2917 primos

1360 1242 1411 1360 illue
1349 1409 1401 1609 colonos
1319 1655 1389 1919 miserunt,
1313 1967 1374 2047 qui
1305 2097 1369 2227 caesi
1315 2272 1359 2384 sunt
1315 2417 1347 2443 a
1302 2479 1362 2754 Thracibus
1283 2790 1352 2914 ***).

1291 1236 1322 1685 ’Ἂ-

1230 1305 1283 1346 *)
1233 1375 1278 1500 Adde
1222 1531 1270 1674 Thuc.
1210 1704 1263 1774 IV,
1216 1804 1260 1900 102.
1211 1932 1249 1976 et
1205 2004 1250 2135 Diod.
1190 2167 1243 2244 XI,
1200 2274 1242 2343 70.

1159 1282 1211 1345 Η)
1162 1377 1207 1520 Thue.
1145 1553 1200 1624 lv,
1151 1656 1195 1764 102:

1082 1371 1140 1585 ἐλθόντες
1084 1616 1127 1660 οἱ
1067 1687 1125 1792 Ἀθη

1618 2239 1684 2503 miserunt,
1612 2556 1658 2758 quarum
1613 2803 1664 2930 duae

1551 2133 1575 2148 ,
1556 2195 1604 2341 tertia
1540 2388 1602 2584 demum
1540 2619 1588 2790 tenere
1535 2825 1581 2925 ter-

1145 1806 1188 1881 naz
1130 1916 1191 2056 αὖθις
1124 2083 1177 2211 ἑνὸς
1126 2240 1172 2437 δέοντι
1099 2465 1154 2791 τριακοστῷ
1107 2818 1154 2907 ἔτει

1075 1797 1114 1919 ναῖοι
1069 1940 1108 2031 κτλ.
1045 2082 1107 2390 Undetriginta
1053 2414 1095 2537 annis
1047 2557 1086 2656 ante
1038 2682 1083 2902 conditam

1008 1366 1068 1652 Amphipolin
1009 1682 1055 1809 illum
994 1838 1046 2033 priorem
989 2066 1030 2271 conatum
983 2300 1029 2467 factum
978 2497 1008 2593 esse
973 2623 1018 2729 dicit

978 647 1014 679 ss
993 1167 1010 1180 ἢ
954 1364 985 1476 anno
948 1507 994 1603 466.

879 1241 932 1327 ***)
879 1356 928 1563 Aeschin.
875 1596 920 1695 fals
856 1728 912 1819 leg·
855 1843 907 1999 11-755·

960 2739 981 2751 ,
970 2794 1013 2824 i.
968 2858 995 2897 e.

849 2063 899 2205 Vater.
846 2229 892 2394 Vindio.
839 2414 885 2553 Rhes.
825 2586 865 2628 p.
830 2652 875 2892 CXXXIII.
