<?xml version="1.0" encoding="UTF-8"?>
<!DOCTYPE html PUBLIC "-//W3C//DTD XHTML 1.0 Transitional//EN"
    "http://www.w3.org/TR/xhtml1/DTD/xhtml1-transitional.dtd">
<html xmlns="http://www.w3.org/1999/xhtml" xml:lang="en" lang="en">
 <head>
  <title>
</title>
<meta http-equiv="Content-Type" content="text/html;charset=utf-8" />
  <meta name='ocr-system' content='tesseract 3.04.00' />
  <meta name='ocr-capabilities' content='ocr_page ocr_carea ocr_par ocr_line ocrx_word'/>
</head>
<body>
  <div class='ocr_page' id='page_1' title='image "./euripidesrestitu00hartuoft_raw_0054.png"; bbox 0 0 5010 3336; ppageno 0'>
   <div class='ocr_carea' id='block_1_1' title="bbox 3924 2114 3978 2193">
    <p class='ocr_par' dir='ltr' id='par_1_1' title="bbox 3924 2114 3978 2193">
     <span class='ocr_line' id='line_1_1' title="bbox 3924 2114 3978 2193; textangle 270"><span class='ocrx_word' id='word_1_1' title='bbox 3924 2114 3978 2193; x_wconf 83' lang='lat'>36</span> 
     </span>
    </p>
   </div>
   <div class='ocr_carea' id='block_1_2' title="bbox 710 1311 3836 3035">
    <p class='ocr_par' dir='ltr' id='par_1_2' title="bbox 2876 1311 3836 3008">
     <span class='ocr_line' id='line_1_2' title="bbox 3758 1316 3836 2994; textangle 270"><span class='ocrx_word' id='word_1_2' title='bbox 3758 1316 3824 1608; x_wconf 81' lang='lat' dir='ltr'>Euripideus</span> <span class='ocrx_word' id='word_1_3' title='bbox 3780 1643 3828 1723; x_wconf 87' lang='lat' dir='ltr'>hic</span> <span class='ocrx_word' id='word_1_4' title='bbox 3782 1760 3831 1994; x_wconf 78' lang='lat' dir='ltr'><strong>dramatis</strong></span> <span class='ocrx_word' id='word_1_5' title='bbox 3783 2032 3831 2192; x_wconf 85' lang='lat' dir='ltr'>exitus</span> <span class='ocrx_word' id='word_1_6' title='bbox 3772 2229 3828 2333; x_wconf 70' lang='lat' dir='ltr'>est7</span> <span class='ocrx_word' id='word_1_7' title='bbox 3786 2384 3818 2497; x_wconf 80' lang='lat' dir='ltr'>vere</span> <span class='ocrx_word' id='word_1_8' title='bbox 3772 2534 3835 2806; x_wconf 85' lang='lat' dir='ltr'>Euripidea</span> <span class='ocrx_word' id='word_1_9' title='bbox 3787 2840 3836 2994; x_wconf 36' lang='lat' dir='ltr'>subtis</span> 
     </span>
     <span class='ocr_line' id='line_1_3' title="bbox 3682 1311 3756 2982; textangle 270"><span class='ocrx_word' id='word_1_10' title='bbox 3684 1311 3738 1441; x_wconf 67' lang='lat' dir='ltr'>litas,</span> <span class='ocrx_word' id='word_1_11' title='bbox 3682 1479 3728 1572; x_wconf 83' lang='lat' dir='ltr'>qua</span> <span class='ocrx_word' id='word_1_12' title='bbox 3699 1608 3743 1658; x_wconf 87' lang='lat' dir='ltr'>et</span> <span class='ocrx_word' id='word_1_13' title='bbox 3701 1695 3748 1756; x_wconf 87' lang='lat' dir='ltr'>de</span> <span class='ocrx_word' id='word_1_14' title='bbox 3702 1790 3750 2034; x_wconf 83' lang='lat' dir='ltr'>natalibus</span> <span class='ocrx_word' id='word_1_15' title='bbox 3705 2072 3752 2230; x_wconf 81' lang='lat' dir='ltr'>Rhesi</span> <span class='ocrx_word' id='word_1_16' title='bbox 3705 2267 3748 2318; x_wconf 87' lang='lat' dir='ltr'>et</span> <span class='ocrx_word' id='word_1_17' title='bbox 3706 2350 3753 2412; x_wconf 88' lang='lat' dir='ltr'>de</span> <span class='ocrx_word' id='word_1_18' title='bbox 3689 2450 3754 2768; x_wconf 77' lang='lat' dir='ltr'>religionibus</span> <span class='ocrx_word' id='word_1_19' title='bbox 3708 2821 3756 2982; x_wconf 85' lang='lat' dir='ltr'>sacris</span> 
     </span>
     <span class='ocr_line' id='line_1_4' title="bbox 3596 1312 3672 3000; textangle 270"><span class='ocrx_word' id='word_1_20' title='bbox 3596 1312 3643 1408; x_wconf 90' lang='lat' dir='ltr'>que</span> <span class='ocrx_word' id='word_1_21' title='bbox 3608 1444 3663 1707; x_wconf 85' lang='lat' dir='ltr'>docemur,</span> <span class='ocrx_word' id='word_1_22' title='bbox 3608 1752 3664 2010; x_wconf 87' lang='lat' dir='ltr'>totumque</span> <span class='ocrx_word' id='word_1_23' title='bbox 3625 2064 3671 2260; x_wconf 89' lang='lat' dir='ltr'>omnino</span> <span class='ocrx_word' id='word_1_24' title='bbox 3608 2306 3657 2429; x_wconf 83' lang='lat' dir='ltr'>opus</span> <span class='ocrx_word' id='word_1_25' title='bbox 3626 2484 3668 2582; x_wconf 82' lang='lat' dir='ltr'>tam</span> <span class='ocrx_word' id='word_1_26' title='bbox 3628 2630 3670 2766; x_wconf 79' lang='lat' dir='ltr'>certa</span> <span class='ocrx_word' id='word_1_27' title='bbox 3614 2801 3672 3000; x_wconf 85' lang='lat' dir='ltr'>tamque</span> 
     </span>
     <span class='ocr_line' id='line_1_5' title="bbox 3521 1311 3593 3002; textangle 270"><span class='ocrx_word' id='word_1_28' title='bbox 3532 1311 3583 1573; x_wconf 81' lang='lat' dir='ltr'>manifesta</span> <span class='ocrx_word' id='word_1_29' title='bbox 3521 1608 3571 1729; x_wconf 86' lang='lat' dir='ltr'>prae</span> <span class='ocrx_word' id='word_1_30' title='bbox 3542 1765 3573 1819; x_wconf 87' lang='lat' dir='ltr'>se</span> <span class='ocrx_word' id='word_1_31' title='bbox 3543 1853 3590 1950; x_wconf 84' lang='lat' dir='ltr'>fert</span> <span class='ocrx_word' id='word_1_32' title='bbox 3529 1983 3593 2243; x_wconf 80' lang='lat' dir='ltr'>Euripidei</span> <span class='ocrx_word' id='word_1_33' title='bbox 3531 2276 3593 2457; x_wconf 80' lang='lat' dir='ltr'>ingenii</span> <span class='ocrx_word' id='word_1_34' title='bbox 3535 2490 3593 2695; x_wconf 65' lang='lat' dir='ltr'>indicia,</span> <span class='ocrx_word' id='word_1_35' title='bbox 3548 2754 3589 2808; x_wconf 89' lang='lat' dir='ltr'>ut</span> <span class='ocrx_word' id='word_1_36' title='bbox 3532 2841 3580 3002; x_wconf 85' lang='lat' dir='ltr'>neque</span> 
     </span>
     <span class='ocr_line' id='line_1_6' title="bbox 3439 1312 3515 3001; textangle 270"><span class='ocrx_word' id='word_1_37' title='bbox 3439 1312 3501 1622; x_wconf 84' lang='lat' dir='ltr'>antiquorum</span> <span class='ocrx_word' id='word_1_38' title='bbox 3460 1668 3510 1954; x_wconf 78' lang='lat' dir='ltr'>criticorum</span> <span class='ocrx_word' id='word_1_39' title='bbox 3450 2004 3496 2296; x_wconf 85' lang='lat' dir='ltr'>quemquam</span> <span class='ocrx_word' id='word_1_40' title='bbox 3466 2333 3513 2394; x_wconf 89' lang='lat' dir='ltr'>de</span> <span class='ocrx_word' id='word_1_41' title='bbox 3466 2430 3507 2630; x_wconf 86' lang='lat' dir='ltr'>auctore</span> <span class='ocrx_word' id='word_1_42' title='bbox 3452 2665 3499 2876; x_wconf 88' lang='lat' dir='ltr'>unquam</span> <span class='ocrx_word' id='word_1_43' title='bbox 3469 2912 3515 3001; x_wconf 51' lang='lat' dir='ltr'>dua</span> 
     </span>
     <span class='ocr_line' id='line_1_7' title="bbox 3366 1314 3435 3001; textangle 270"><span class='ocrx_word' id='word_1_44' title='bbox 3372 1314 3419 1580; x_wconf 83' lang='lat' dir='ltr'>bitaturum</span> <span class='ocrx_word' id='word_1_45' title='bbox 3379 1617 3427 1772; x_wconf 84' lang='lat' dir='ltr'>fuisse</span> <span class='ocrx_word' id='word_1_46' title='bbox 3366 1807 3425 1994; x_wconf 81' lang='lat' dir='ltr'>putem,</span> <span class='ocrx_word' id='word_1_47' title='bbox 3386 2032 3432 2123; x_wconf 88' lang='lat' dir='ltr'>nisi</span> <span class='ocrx_word' id='word_1_48' title='bbox 3369 2162 3418 2250; x_wconf 85' lang='lat' dir='ltr'>per</span> <span class='ocrx_word' id='word_1_49' title='bbox 3369 2286 3432 2659; x_wconf 88' lang='lat' dir='ltr'>suppositieium</span> <span class='ocrx_word' id='word_1_50' title='bbox 3371 2693 3427 2888; x_wconf 86' lang='lat' dir='ltr'>poetam</span> <span class='ocrx_word' id='word_1_51' title='bbox 3389 2914 3435 3001; x_wconf 89' lang='lat' dir='ltr'>do-</span> 
     </span>
     <span class='ocr_line' id='line_1_8' title="bbox 3287 1315 3352 3003; textangle 270"><span class='ocrx_word' id='word_1_52' title='bbox 3290 1315 3333 1447; x_wconf 90' lang='lat' dir='ltr'>ctum</span> <span class='ocrx_word' id='word_1_53' title='bbox 3287 1500 3342 1707; x_wconf 70' lang='lat' dir='ltr'>fuisset7</span> <span class='ocrx_word' id='word_1_54' title='bbox 3288 1769 3333 1930; x_wconf 87' lang='lat' dir='ltr'>neque</span> <span class='ocrx_word' id='word_1_55' title='bbox 3304 1979 3351 2308; x_wconf 77' lang='lat' dir='ltr'>recentiorum</span> <span class='ocrx_word' id='word_1_56' title='bbox 3290 2357 3336 2650; x_wconf 72' lang='lat' dir='ltr'>quemquam</span> <span class='ocrx_word' id='word_1_57' title='bbox 3306 2698 3352 3003; x_wconf 72' lang='lat' dir='ltr'>inventurum</span> 
     </span>
     <span class='ocr_line' id='line_1_9' title="bbox 3199 1319 3272 3004; textangle 270"><span class='ocrx_word' id='word_1_58' title='bbox 3211 1319 3258 1474; x_wconf 69' lang='lat' dir='ltr'>Fuisse</span> <span class='ocrx_word' id='word_1_59' title='bbox 3199 1511 3247 1633; x_wconf 87' lang='lat' dir='ltr'>quae</span> <span class='ocrx_word' id='word_1_60' title='bbox 3220 1668 3267 1745; x_wconf 76' lang='lat' dir='ltr'>vel</span> <span class='ocrx_word' id='word_1_61' title='bbox 3221 1783 3270 2031; x_wconf 76' lang='lat' dir='ltr'>deteriora</span> <span class='ocrx_word' id='word_1_62' title='bbox 3210 2068 3267 2300; x_wconf 73' lang='lat' dir='ltr'>argueret</span> <span class='ocrx_word' id='word_1_63' title='bbox 3226 2334 3271 2410; x_wconf 67' lang='lat' dir='ltr'>vel</span> <span class='ocrx_word' id='word_1_64' title='bbox 3226 2448 3272 2650; x_wconf 81' lang='lat' dir='ltr'>meliora</span> <span class='ocrx_word' id='word_1_65' title='bbox 3216 2695 3257 2823; x_wconf 70' lang='lat' dir='ltr'>esse‚</span> <span class='ocrx_word' id='word_1_66' title='bbox 3211 2862 3259 3004; x_wconf 90' lang='lat' dir='ltr'>quam</span> 
     </span>
     <span class='ocr_line' id='line_1_10' title="bbox 3115 1316 3194 3006; textangle 270"><span class='ocrx_word' id='word_1_67' title='bbox 3115 1316 3163 1443; x_wconf 85' lang='lat' dir='ltr'>quae</span> <span class='ocrx_word' id='word_1_68' title='bbox 3135 1478 3181 1528; x_wconf 85' lang='lat' dir='ltr'>in</span> <span class='ocrx_word' id='word_1_69' title='bbox 3123 1563 3187 1817; x_wconf 79' lang='lat' dir='ltr'>Euripidis</span> <span class='ocrx_word' id='word_1_70' title='bbox 3143 1853 3185 2009; x_wconf 86' lang='lat' dir='ltr'>artem</span> <span class='ocrx_word' id='word_1_71' title='bbox 3132 2049 3190 2300; x_wconf 54' lang='lat' dir='ltr'>caderent5</span> <span class='ocrx_word' id='word_1_72' title='bbox 3146 2339 3191 2430; x_wconf 77' lang='lat' dir='ltr'>uisi</span> <span class='ocrx_word' id='word_1_73' title='bbox 3129 2466 3192 2738; x_wconf 74' lang='lat' dir='ltr'>praeissent</span> <span class='ocrx_word' id='word_1_74' title='bbox 3147 2772 3193 2845; x_wconf 89' lang='lat' dir='ltr'>illi</span> <span class='ocrx_word' id='word_1_75' title='bbox 3147 2881 3194 3006; x_wconf 64' lang='lat' dir='ltr'>anti&lt;</span> 
     </span>
     <span class='ocr_line' id='line_1_11' title="bbox 3034 1318 3113 3005; textangle 270"><span class='ocrx_word' id='word_1_76' title='bbox 3034 1318 3098 1531; x_wconf 84' lang='lat' dir='ltr'>quiores.</span> <span class='ocrx_word' id='word_1_77' title='bbox 3057 1603 3104 1668; x_wconf 84' lang='lat' dir='ltr'>Et</span> <span class='ocrx_word' id='word_1_78' title='bbox 3058 1702 3106 2037; x_wconf 83' lang='lat' dir='ltr'>recentiorum</span> <span class='ocrx_word' id='word_1_79' title='bbox 3048 2075 3111 2270; x_wconf 84' lang='lat' dir='ltr'>quidem</span> <span class='ocrx_word' id='word_1_80' title='bbox 3049 2307 3095 2483; x_wconf 64' lang='lat' dir='ltr'>nugas,</span> <span class='ocrx_word' id='word_1_81' title='bbox 3049 2534 3096 2690; x_wconf 84' lang='lat' dir='ltr'>nuper</span> <span class='ocrx_word' id='word_1_82' title='bbox 3050 2733 3113 3005; x_wconf 50' lang='lat' dir='ltr'>diligentisa</span> 
     </span>
     <span class='ocr_line' id='line_1_12' title="bbox 2963 1320 3031 3008; textangle 270"><span class='ocrx_word' id='word_1_83' title='bbox 2971 1320 3017 1443; x_wconf 87' lang='lat' dir='ltr'>sima</span> <span class='ocrx_word' id='word_1_84' title='bbox 2963 1480 3024 1897; x_wconf 84' lang='lat' dir='ltr'>subtilissimaque</span> <span class='ocrx_word' id='word_1_85' title='bbox 2979 1934 3029 2103; x_wconf 82' lang='lat' dir='ltr'>Vateri</span> <span class='ocrx_word' id='word_1_86' title='bbox 2967 2141 3030 2477; x_wconf 81' lang='lat' dir='ltr'>disputatione</span> <span class='ocrx_word' id='word_1_87' title='bbox 2968 2516 3031 2815; x_wconf 68' lang='lat' dir='ltr'>profligatas,</span> <span class='ocrx_word' id='word_1_88' title='bbox 2986 2870 3015 2893; x_wconf 86' lang='lat' dir='ltr'>a</span> <span class='ocrx_word' id='word_1_89' title='bbox 2986 2930 3018 3008; x_wconf 89' lang='lat' dir='ltr'>me</span> 
     </span>
     <span class='ocr_line' id='line_1_13' title="bbox 2876 1321 2943 1911; textangle 270"><span class='ocrx_word' id='word_1_90' title='bbox 2890 1321 2939 1482; x_wconf 77' lang='lat' dir='ltr'>omitti</span> <span class='ocrx_word' id='word_1_91' title='bbox 2876 1517 2926 1666; x_wconf 85' lang='lat' dir='ltr'>posse</span> <span class='ocrx_word' id='word_1_92' title='bbox 2882 1703 2943 1911; x_wconf 77' lang='lat' dir='ltr'>gaudeo.</span> 
     </span>
    </p>

    <p class='ocr_par' dir='ltr' id='par_1_3' title="bbox 710 1320 2871 3035">
     <span class='ocr_line' id='line_1_14' title="bbox 2800 1455 2871 3009; textangle 270"><span class='ocrx_word' id='word_1_93' title='bbox 2810 1455 2859 1530; x_wconf 81' lang='lat' dir='ltr'>Ad</span> <span class='ocrx_word' id='word_1_94' title='bbox 2800 1566 2862 1791; x_wconf 88' lang='lat' dir='ltr'>antiquos</span> <span class='ocrx_word' id='word_1_95' title='bbox 2818 1829 2865 2026; x_wconf 85' lang='lat' dir='ltr'>criticos</span> <span class='ocrx_word' id='word_1_96' title='bbox 2808 2055 2865 2221; x_wconf 65' lang='lat' dir='ltr'>redeo,</span> <span class='ocrx_word' id='word_1_97' title='bbox 2806 2260 2868 2340; x_wconf 88' lang='lat' dir='ltr'>qui</span> <span class='ocrx_word' id='word_1_98' title='bbox 2805 2372 2867 2500; x_wconf 86' lang='lat' dir='ltr'>quod</span> <span class='ocrx_word' id='word_1_99' title='bbox 2806 2532 2871 2864; x_wconf 77' lang='lat' dir='ltr'>Sophocleum</span> <span class='ocrx_word' id='word_1_100' title='bbox 2823 2893 2871 3009; x_wconf 77' lang='lat' dir='ltr'>cha-</span> 
     </span>
     <span class='ocr_line' id='line_1_15' title="bbox 2728 1320 2791 3003; textangle 270"><span class='ocrx_word' id='word_1_101' title='bbox 2728 1320 2773 1566; x_wconf 83' lang='lat' dir='ltr'>racterem</span> <span class='ocrx_word' id='word_1_102' title='bbox 2734 1600 2782 1717; x_wconf 88' lang='lat' dir='ltr'>huic</span> <span class='ocrx_word' id='word_1_103' title='bbox 2736 1752 2784 1961; x_wconf 78' lang='lat' dir='ltr'>dramati</span> <span class='ocrx_word' id='word_1_104' title='bbox 2738 1995 2785 2158; x_wconf 82' lang='lat' dir='ltr'>inesse</span> <span class='ocrx_word' id='word_1_105' title='bbox 2735 2200 2787 2446; x_wconf 78' lang='lat' dir='ltr'>dixerunt,</span> <span class='ocrx_word' id='word_1_106' title='bbox 2741 2484 2773 2580; x_wconf 89' lang='lat' dir='ltr'>non</span> <span class='ocrx_word' id='word_1_107' title='bbox 2730 2616 2789 2786; x_wconf 74' lang='lat' dir='ltr'>miror,</span> <span class='ocrx_word' id='word_1_108' title='bbox 2743 2825 2790 2866; x_wconf 90' lang='lat' dir='ltr'>si</span> <span class='ocrx_word' id='word_1_109' title='bbox 2729 2902 2791 3003; x_wconf 84' lang='lat' dir='ltr'>qui-</span> 
     </span>
     <span class='ocr_line' id='line_1_16' title="bbox 2645 1323 2710 3009; textangle 270"><span class='ocrx_word' id='word_1_110' title='bbox 2649 1323 2695 1437; x_wconf 89' lang='lat' dir='ltr'>dem</span> <span class='ocrx_word' id='word_1_111' title='bbox 2652 1481 2697 1681; x_wconf 87' lang='lat' dir='ltr'>ineunte</span> <span class='ocrx_word' id='word_1_112' title='bbox 2656 1727 2706 2062; x_wconf 86' lang='lat' dir='ltr'>adolescentia</span> <span class='ocrx_word' id='word_1_113' title='bbox 2661 2108 2707 2224; x_wconf 88' lang='lat' dir='ltr'>illud</span> <span class='ocrx_word' id='word_1_114' title='bbox 2660 2288 2706 2345; x_wconf 84' lang='lat' dir='ltr'>ab</span> <span class='ocrx_word' id='word_1_115' title='bbox 2645 2397 2709 2636; x_wconf 73' lang='lat' dir='ltr'>Euripide</span> <span class='ocrx_word' id='word_1_116' title='bbox 2648 2684 2710 3009; x_wconf 84' lang='lat' dir='ltr'>compositum</span> 
     </span>
     <span class='ocr_line' id='line_1_17' title="bbox 2567 1324 2628 3014; textangle 270"><span class='ocrx_word' id='word_1_117' title='bbox 2567 1324 2600 1437; x_wconf 84' lang='lat' dir='ltr'>esse</span> <span class='ocrx_word' id='word_1_118' title='bbox 2572 1474 2621 1691; x_wconf 83' lang='lat' dir='ltr'>Cratetis</span> <span class='ocrx_word' id='word_1_119' title='bbox 2576 1728 2624 2009; x_wconf 82' lang='lat' dir='ltr'>testimonio</span> <span class='ocrx_word' id='word_1_120' title='bbox 2579 2048 2625 2299; x_wconf 84' lang='lat' dir='ltr'>docemur.</span> <span class='ocrx_word' id='word_1_121' title='bbox 2582 2370 2628 2494; x_wconf 67' lang='lat' dir='ltr'>Nam</span> <span class='ocrx_word' id='word_1_122' title='bbox 2567 2532 2628 2637; x_wconf 87' lang='lat' dir='ltr'>quis</span> <span class='ocrx_word' id='word_1_123' title='bbox 2582 2674 2613 2771; x_wconf 89' lang='lat' dir='ltr'>non</span> <span class='ocrx_word' id='word_1_124' title='bbox 2568 2811 2615 3014; x_wconf 77' lang='lat' dir='ltr'>magnae</span> 
     </span>
     <span class='ocr_line' id='line_1_18' title="bbox 2476 1326 2549 3013; textangle 270"><span class='ocrx_word' id='word_1_125' title='bbox 2487 1326 2537 1597; x_wconf 79' lang='lat' dir='ltr'>carminum</span> <span class='ocrx_word' id='word_1_126' title='bbox 2476 1633 2541 1788; x_wconf 82' lang='lat' dir='ltr'>parti,</span> <span class='ocrx_word' id='word_1_127' title='bbox 2481 1827 2527 1950; x_wconf 83' lang='lat' dir='ltr'>quae</span> <span class='ocrx_word' id='word_1_128' title='bbox 2499 1988 2545 2231; x_wconf 74' lang='lat' dir='ltr'>Goetliius</span> <span class='ocrx_word' id='word_1_129' title='bbox 2487 2268 2548 2638; x_wconf 72' lang='lat' dir='ltr'>Schillerusque</span> <span class='ocrx_word' id='word_1_130' title='bbox 2502 2674 2549 3013; x_wconf 73' lang='lat' dir='ltr'>adolescentes</span> 
     </span>
     <span class='ocr_line' id='line_1_19' title="bbox 2393 1327 2469 3015; textangle 270"><span class='ocrx_word' id='word_1_131' title='bbox 2393 1327 2454 1657; x_wconf 80' lang='lat' dir='ltr'>scripserunt,</span> <span class='ocrx_word' id='word_1_132' title='bbox 2399 1705 2463 2142; x_wconf 59' lang='lat' dir='ltr'>Klopstoelx‘ianum</span> <span class='ocrx_word' id='word_1_133' title='bbox 2419 2181 2464 2515; x_wconf 75' lang='lat' dir='ltr'>characterem</span> <span class='ocrx_word' id='word_1_134' title='bbox 2422 2554 2467 2717; x_wconf 84' lang='lat' dir='ltr'>inesse</span> <span class='ocrx_word' id='word_1_135' title='bbox 2406 2751 2469 3015; x_wconf 60' lang='lat' dir='ltr'>intelligit?</span> 
     </span>
     <span class='ocr_line' id='line_1_20' title="bbox 2324 1329 2387 3014; textangle 270"><span class='ocrx_word' id='word_1_136' title='bbox 2327 1329 2375 1564; x_wconf 86' lang='lat' dir='ltr'>Ceterum</span> <span class='ocrx_word' id='word_1_137' title='bbox 2332 1599 2375 1732; x_wconf 83' lang='lat' dir='ltr'>tanta</span> <span class='ocrx_word' id='word_1_138' title='bbox 2336 1770 2383 1979; x_wconf 71' lang='lat' dir='ltr'>varietas</span> <span class='ocrx_word' id='word_1_139' title='bbox 2338 2013 2376 2089; x_wconf 79' lang='lat' dir='ltr'>est</span> <span class='ocrx_word' id='word_1_140' title='bbox 2324 2123 2387 2595; x_wconf 70' lang='lat' dir='ltr'>ingeniiEnripidei‚</span> <span class='ocrx_word' id='word_1_141' title='bbox 2329 2635 2383 2702; x_wconf 84' lang='lat' dir='ltr'>ut,</span> <span class='ocrx_word' id='word_1_142' title='bbox 2326 2742 2372 2890; x_wconf 90' lang='lat' dir='ltr'>quum</span> <span class='ocrx_word' id='word_1_143' title='bbox 2343 2931 2374 3014; x_wconf 81' lang='lat' dir='ltr'>ex·-</span> 
     </span>
     <span class='ocr_line' id='line_1_21' title="bbox 2230 1327 2308 3014; textangle 270"><span class='ocrx_word' id='word_1_144' title='bbox 2230 1327 2296 1595; x_wconf 88' lang='lat' dir='ltr'>primendis</span> <span class='ocrx_word' id='word_1_145' title='bbox 2253 1638 2300 1907; x_wconf 82' lang='lat' dir='ltr'>animorum</span> <span class='ocrx_word' id='word_1_146' title='bbox 2240 1944 2306 2395; x_wconf 68' lang='lat' dir='ltr'>perturbationibus</span> <span class='ocrx_word' id='word_1_147' title='bbox 2260 2432 2292 2624; x_wconf 86' lang='lat' dir='ltr'>summo</span> <span class='ocrx_word' id='word_1_148' title='bbox 2260 2661 2307 2823; x_wconf 80' lang='lat' dir='ltr'>studio</span> <span class='ocrx_word' id='word_1_149' title='bbox 2262 2859 2308 3014; x_wconf 65' lang='lat' dir='ltr'>inser</span> 
     </span>
     <span class='ocr_line' id='line_1_22' title="bbox 2159 1328 2229 3018; textangle 270"><span class='ocrx_word' id='word_1_150' title='bbox 2159 1328 2215 1503; x_wconf 78' lang='lat' dir='ltr'>vierit,</span> <span class='ocrx_word' id='word_1_151' title='bbox 2171 1550 2211 1713; x_wconf 84' lang='lat' dir='ltr'>tamen</span> <span class='ocrx_word' id='word_1_152' title='bbox 2173 1749 2219 1894; x_wconf 88' lang='lat' dir='ltr'>etiam</span> <span class='ocrx_word' id='word_1_153' title='bbox 2161 1933 2223 2234; x_wconf 84' lang='lat' dir='ltr'>reliquarum</span> <span class='ocrx_word' id='word_1_154' title='bbox 2166 2271 2210 2460; x_wconf 78' lang='lat' dir='ltr'>rerum,</span> <span class='ocrx_word' id='word_1_155' title='bbox 2164 2502 2209 2624; x_wconf 87' lang='lat' dir='ltr'>quae</span> <span class='ocrx_word' id='word_1_156' title='bbox 2180 2660 2226 2719; x_wconf 84' lang='lat' dir='ltr'>ad</span> <span class='ocrx_word' id='word_1_157' title='bbox 2180 2755 2226 2903; x_wconf 73' lang='lat' dir='ltr'>vitam</span> <span class='ocrx_word' id='word_1_158' title='bbox 2182 2941 2229 3018; x_wconf 67' lang='lat' dir='ltr'>vel</span> 
     </span>
     <span class='ocr_line' id='line_1_23' title="bbox 2069 1328 2148 3018; textangle 270"><span class='ocrx_word' id='word_1_159' title='bbox 2069 1328 2133 1567; x_wconf 72' lang='lat' dir='ltr'>privatam</span> <span class='ocrx_word' id='word_1_160' title='bbox 2091 1604 2138 1679; x_wconf 62' lang='lat' dir='ltr'>rel</span> <span class='ocrx_word' id='word_1_161' title='bbox 2076 1714 2140 1993; x_wconf 86' lang='lat' dir='ltr'>publicam,</span> <span class='ocrx_word' id='word_1_162' title='bbox 2096 2047 2141 2106; x_wconf 89' lang='lat' dir='ltr'>ad</span> <span class='ocrx_word' id='word_1_163' title='bbox 2098 2159 2128 2321; x_wconf 88' lang='lat' dir='ltr'>rerum</span> <span class='ocrx_word' id='word_1_164' title='bbox 2080 2359 2144 2707; x_wconf 66' lang='lat' dir='ltr'>cognitionem,</span> <span class='ocrx_word' id='word_1_165' title='bbox 2099 2745 2145 2805; x_wconf 86' lang='lat' dir='ltr'>ad</span> <span class='ocrx_word' id='word_1_166' title='bbox 2099 2842 2148 3018; x_wconf 89' lang='lat' dir='ltr'>artium</span> 
     </span>
     <span class='ocr_line' id='line_1_24' title="bbox 1993 1331 2066 3020; textangle 270"><span class='ocrx_word' id='word_1_167' title='bbox 2005 1331 2054 1549; x_wconf 87' lang='lat' dir='ltr'>studium</span> <span class='ocrx_word' id='word_1_168' title='bbox 1993 1597 2058 1876; x_wconf 72' lang='lat' dir='ltr'>pertinent,</span> <span class='ocrx_word' id='word_1_169' title='bbox 2011 1931 2061 2114; x_wconf 87' lang='lat' dir='ltr'>nullam</span> <span class='ocrx_word' id='word_1_170' title='bbox 2017 2150 2063 2388; x_wconf 87' lang='lat' dir='ltr'>omiserit.</span> <span class='ocrx_word' id='word_1_171' title='bbox 2003 2459 2065 2632; x_wconf 84' lang='lat' dir='ltr'>Neque</span> <span class='ocrx_word' id='word_1_172' title='bbox 2019 2667 2066 2796; x_wconf 91' lang='lat' dir='ltr'>enim</span> <span class='ocrx_word' id='word_1_173' title='bbox 2007 2833 2051 3020; x_wconf 67' lang='lat' dir='ltr'>earum,</span> 
     </span>
     <span class='ocr_line' id='line_1_25' title="bbox 1910 1332 1985 3021; textangle 270"><span class='ocrx_word' id='word_1_174' title='bbox 1910 1332 1957 1457; x_wconf 86' lang='lat' dir='ltr'>quae</span> <span class='ocrx_word' id='word_1_175' title='bbox 1918 1505 1972 1725; x_wconf 72' lang='lat' dir='ltr'>exstant,</span> <span class='ocrx_word' id='word_1_176' title='bbox 1916 1787 1980 2147; x_wconf 79' lang='lat' dir='ltr'>tragoediarum</span> <span class='ocrx_word' id='word_1_177' title='bbox 1935 2194 1967 2286; x_wconf 86' lang='lat' dir='ltr'>uua</span> <span class='ocrx_word' id='word_1_178' title='bbox 1922 2336 1982 2606; x_wconf 88' lang='lat' dir='ltr'>eademque</span> <span class='ocrx_word' id='word_1_179' title='bbox 1937 2648 1985 2771; x_wconf 88' lang='lat' dir='ltr'>ratio</span> <span class='ocrx_word' id='word_1_180' title='bbox 1926 2819 1980 2923; x_wconf 82' lang='lat' dir='ltr'>est,</span> <span class='ocrx_word' id='word_1_181' title='bbox 1941 2974 1981 3021; x_wconf 87' lang='lat' dir='ltr'>et</span> 
     </span>
     <span class='ocr_line' id='line_1_26' title="bbox 1834 1332 1905 3022; textangle 270"><span class='ocrx_word' id='word_1_182' title='bbox 1835 1332 1878 1519; x_wconf 78' lang='lat' dir='ltr'>earum,</span> <span class='ocrx_word' id='word_1_183' title='bbox 1834 1557 1880 1681; x_wconf 84' lang='lat' dir='ltr'>quae</span> <span class='ocrx_word' id='word_1_184' title='bbox 1850 1718 1897 1927; x_wconf 88' lang='lat' dir='ltr'>amissae</span> <span class='ocrx_word' id='word_1_185' title='bbox 1846 1965 1891 2093; x_wconf 85' lang='lat' dir='ltr'>sunt,</span> <span class='ocrx_word' id='word_1_186' title='bbox 1855 2133 1901 2222; x_wconf 88' lang='lat' dir='ltr'>sed</span> <span class='ocrx_word' id='word_1_187' title='bbox 1841 2259 1903 2426; x_wconf 85' lang='lat' dir='ltr'>quales</span> <span class='ocrx_word' id='word_1_188' title='bbox 1856 2462 1903 2648; x_wconf 84' lang='lat' dir='ltr'>suerint</span> <span class='ocrx_word' id='word_1_189' title='bbox 1858 2680 1890 2739; x_wconf 77' lang='lat' dir='ltr'>ex</span> <span class='ocrx_word' id='word_1_190' title='bbox 1842 2770 1905 3022; x_wconf 80' lang='lat' dir='ltr'>fragmen-</span> 
     </span>
     <span class='ocr_line' id='line_1_27' title="bbox 1754 1332 1826 3022; textangle 270"><span class='ocrx_word' id='word_1_191' title='bbox 1765 1332 1807 1499; x_wconf 85' lang='lat' dir='ltr'>torum</span> <span class='ocrx_word' id='word_1_192' title='bbox 1768 1548 1815 1666; x_wconf 87' lang='lat' dir='ltr'>satis</span> <span class='ocrx_word' id='word_1_193' title='bbox 1754 1702 1815 1835; x_wconf 80' lang='lat' dir='ltr'>larga,</span> <span class='ocrx_word' id='word_1_194' title='bbox 1755 1872 1819 2013; x_wconf 86' lang='lat' dir='ltr'>copia</span> <span class='ocrx_word' id='word_1_195' title='bbox 1774 2056 1822 2266; x_wconf 87' lang='lat' dir='ltr'>iudicari</span> <span class='ocrx_word' id='word_1_196' title='bbox 1760 2312 1820 2507; x_wconf 68' lang='lat' dir='ltr'>potest,</span> <span class='ocrx_word' id='word_1_197' title='bbox 1762 2559 1823 2795; x_wconf 87' lang='lat' dir='ltr'>quaedam</span> <span class='ocrx_word' id='word_1_198' title='bbox 1778 2841 1825 2899; x_wconf 87' lang='lat' dir='ltr'>ab</span> <span class='ocrx_word' id='word_1_199' title='bbox 1766 2946 1826 3022; x_wconf 72' lang='lat' dir='ltr'>iis,</span> 
     </span>
     <span class='ocr_line' id='line_1_28' title="bbox 1669 1336 1746 3023; textangle 270"><span class='ocrx_word' id='word_1_200' title='bbox 1669 1336 1718 1462; x_wconf 88' lang='lat' dir='ltr'>quae</span> <span class='ocrx_word' id='word_1_201' title='bbox 1674 1495 1735 1640; x_wconf 70' lang='lat' dir='ltr'>vulgo</span> <span class='ocrx_word' id='word_1_202' title='bbox 1688 1676 1731 1821; x_wconf 87' lang='lat' dir='ltr'>notae</span> <span class='ocrx_word' id='word_1_203' title='bbox 1680 1858 1731 1994; x_wconf 79' lang='lat' dir='ltr'>sunt,</span> <span class='ocrx_word' id='word_1_204' title='bbox 1694 2046 1742 2409; x_wconf 65' lang='lat' dir='ltr'>diversissimae</span> <span class='ocrx_word' id='word_1_205' title='bbox 1696 2454 1744 2675; x_wconf 86' lang='lat' dir='ltr'>suerunt.</span> <span class='ocrx_word' id='word_1_206' title='bbox 1697 2746 1744 2797; x_wconf 93' lang='lat' dir='ltr'>ln</span> <span class='ocrx_word' id='word_1_207' title='bbox 1682 2845 1746 3023; x_wconf 88' lang='lat' dir='ltr'>pleris-</span> 
     </span>
     <span class='ocr_line' id='line_1_29' title="bbox 1590 1336 1669 3024; textangle 270"><span class='ocrx_word' id='word_1_208' title='bbox 1590 1336 1636 1431; x_wconf 86' lang='lat' dir='ltr'>que</span> <span class='ocrx_word' id='word_1_209' title='bbox 1593 1480 1654 1696; x_wconf 62' lang='lat' dir='ltr'>„actoris</span> <span class='ocrx_word' id='word_1_210' title='bbox 1594 1743 1654 1912; x_wconf 86' lang='lat' dir='ltr'>partes</span> <span class='ocrx_word' id='word_1_211' title='bbox 1613 1963 1659 2143; x_wconf 89' lang='lat' dir='ltr'>chorus</span> <span class='ocrx_word' id='word_1_212' title='bbox 1599 2191 1662 2508; x_wconf 80' lang='lat' dir='ltr'>officiumque</span> <span class='ocrx_word' id='word_1_213' title='bbox 1615 2556 1663 2698; x_wconf 76' lang='lat' dir='ltr'>virile</span> <span class='ocrx_word' id='word_1_214' title='bbox 1606 2745 1669 3024; x_wconf 65' lang='lat' dir='ltr'>desendit,’&#39;</span> 
     </span>
     <span class='ocr_line' id='line_1_30' title="bbox 1511 1334 1585 3026; textangle 270"><span class='ocrx_word' id='word_1_215' title='bbox 1524 1334 1571 1383; x_wconf 90' lang='lat' dir='ltr'>in</span> <span class='ocrx_word' id='word_1_216' title='bbox 1511 1419 1575 1713; x_wconf 88' lang='lat' dir='ltr'>quibusdam</span> <span class='ocrx_word' id='word_1_217' title='bbox 1530 1746 1579 1993; x_wconf 89' lang='lat' dir='ltr'>intercinit</span> <span class='ocrx_word' id='word_1_218' title='bbox 1520 2026 1563 2111; x_wconf 86' lang='lat' dir='ltr'>ea,</span> <span class='ocrx_word' id='word_1_219' title='bbox 1518 2165 1564 2288; x_wconf 86' lang='lat' dir='ltr'>quae</span> <span class='ocrx_word' id='word_1_220' title='bbox 1518 2334 1582 2587; x_wconf 89' lang='lat' dir='ltr'>proposito</span> <span class='ocrx_word' id='word_1_221' title='bbox 1536 2635 1583 2795; x_wconf 88' lang='lat' dir='ltr'>minus</span> <span class='ocrx_word' id='word_1_222' title='bbox 1538 2843 1585 3026; x_wconf 85' lang='lat' dir='ltr'>condu-</span> 
     </span>
     <span class='ocr_line' id='line_1_31' title="bbox 1443 1339 1507 3027; textangle 270"><span class='ocrx_word' id='word_1_223' title='bbox 1444 1339 1488 1466; x_wconf 88' lang='lat' dir='ltr'>cant.</span> <span class='ocrx_word' id='word_1_224' title='bbox 1447 1536 1494 1730; x_wconf 83' lang='lat' dir='ltr'>Densae</span> <span class='ocrx_word' id='word_1_225' title='bbox 1450 1766 1492 1877; x_wconf 92' lang='lat' dir='ltr'>sunt</span> <span class='ocrx_word' id='word_1_226' title='bbox 1451 1912 1499 2167; x_wconf 86' lang='lat' dir='ltr'>sententiis</span> <span class='ocrx_word' id='word_1_227' title='bbox 1455 2206 1485 2293; x_wconf 91' lang='lat' dir='ltr'>eae</span> <span class='ocrx_word' id='word_1_228' title='bbox 1445 2327 1502 2553; x_wconf 84' lang='lat' dir='ltr'>fabulae,</span> <span class='ocrx_word' id='word_1_229' title='bbox 1457 2589 1502 2637; x_wconf 92' lang='lat' dir='ltr'>in</span> <span class='ocrx_word' id='word_1_230' title='bbox 1443 2672 1504 2849; x_wconf 89' lang='lat' dir='ltr'>quibus</span> <span class='ocrx_word' id='word_1_231' title='bbox 1460 2884 1507 3027; x_wconf 80' lang='lat' dir='ltr'>indu-</span> 
     </span>
     <span class='ocr_line' id='line_1_32' title="bbox 1354 1342 1424 3027; textangle 270"><span class='ocrx_word' id='word_1_232' title='bbox 1364 1342 1409 1522; x_wconf 88' lang='lat' dir='ltr'>cuntur</span> <span class='ocrx_word' id='word_1_233' title='bbox 1367 1555 1414 1782; x_wconf 89' lang='lat' dir='ltr'>homines</span> <span class='ocrx_word' id='word_1_234' title='bbox 1354 1817 1418 2041; x_wconf 77' lang='lat' dir='ltr'>gravibus</span> <span class='ocrx_word' id='word_1_235' title='bbox 1373 2094 1422 2450; x_wconf 86' lang='lat' dir='ltr'>calamitatibus</span> <span class='ocrx_word' id='word_1_236' title='bbox 1360 2506 1424 2733; x_wconf 87' lang='lat' dir='ltr'>oppressi</span> <span class='ocrx_word' id='word_1_237' title='bbox 1378 2783 1421 2832; x_wconf 89' lang='lat' dir='ltr'>et</span> <span class='ocrx_word' id='word_1_238' title='bbox 1377 2867 1408 3027; x_wconf 83' lang='lat' dir='ltr'>reme-</span> 
     </span>
     <span class='ocr_line' id='line_1_33' title="bbox 1271 1341 1344 3030; textangle 270"><span class='ocrx_word' id='word_1_239' title='bbox 1284 1341 1332 1478; x_wconf 84' lang='lat' dir='ltr'>dium</span> <span class='ocrx_word' id='word_1_240' title='bbox 1271 1525 1336 1843; x_wconf 81' lang='lat' dir='ltr'>aegritudinis</span> <span class='ocrx_word' id='word_1_241' title='bbox 1291 1892 1322 1951; x_wconf 78' lang='lat' dir='ltr'>ex</span> <span class='ocrx_word' id='word_1_242' title='bbox 1274 2003 1341 2318; x_wconf 85' lang='lat' dir='ltr'>philosophia</span> <span class='ocrx_word' id='word_1_243' title='bbox 1279 2373 1338 2629; x_wconf 88' lang='lat' dir='ltr'>petentes;</span> <span class='ocrx_word' id='word_1_244' title='bbox 1297 2687 1340 2858; x_wconf 86' lang='lat' dir='ltr'>contra</span> <span class='ocrx_word' id='word_1_245' title='bbox 1296 2904 1344 3030; x_wconf 87' lang='lat' dir='ltr'>aliae</span> 
     </span>
     <span class='ocr_line' id='line_1_34' title="bbox 1193 1342 1263 3028; textangle 270"><span class='ocrx_word' id='word_1_246' title='bbox 1197 1342 1253 1505; x_wconf 84' lang='lat' dir='ltr'>factis,</span> <span class='ocrx_word' id='word_1_247' title='bbox 1193 1541 1239 1687; x_wconf 86' lang='lat' dir='ltr'>quam</span> <span class='ocrx_word' id='word_1_248' title='bbox 1194 1724 1259 2165; x_wconf 82' lang='lat' dir='ltr'>disputationibus,</span> <span class='ocrx_word' id='word_1_249' title='bbox 1212 2217 1256 2266; x_wconf 89' lang='lat' dir='ltr'>et</span> <span class='ocrx_word' id='word_1_250' title='bbox 1215 2298 1246 2462; x_wconf 86' lang='lat' dir='ltr'>rerum</span> <span class='ocrx_word' id='word_1_251' title='bbox 1205 2500 1263 2685; x_wconf 74' lang='lat' dir='ltr'>turbis,</span> <span class='ocrx_word' id='word_1_252' title='bbox 1200 2739 1248 2881; x_wconf 88' lang='lat' dir='ltr'>quam</span> <span class='ocrx_word' id='word_1_253' title='bbox 1216 2917 1248 3028; x_wconf 81' lang='lat' dir='ltr'>sen-</span> 
     </span>
     <span class='ocr_line' id='line_1_35' title="bbox 1112 1342 1183 3029; textangle 270"><span class='ocrx_word' id='word_1_254' title='bbox 1112 1342 1175 1529; x_wconf 73' lang='lat' dir='ltr'>tentiis,</span> <span class='ocrx_word' id='word_1_255' title='bbox 1112 1561 1176 1931; x_wconf 85' lang='lat' dir='ltr'>locupletiores.</span> <span class='ocrx_word' id='word_1_256' title='bbox 1130 1999 1178 2139; x_wconf 87' lang='lat' dir='ltr'>Aliae</span> <span class='ocrx_word' id='word_1_257' title='bbox 1130 2162 1178 2212; x_wconf 89' lang='lat' dir='ltr'>in</span> <span class='ocrx_word' id='word_1_258' title='bbox 1116 2238 1182 2540; x_wconf 81' lang='lat' dir='ltr'>singulorum</span> <span class='ocrx_word' id='word_1_259' title='bbox 1134 2569 1183 2822; x_wconf 90' lang='lat' dir='ltr'>hominum</span> <span class='ocrx_word' id='word_1_260' title='bbox 1136 2854 1183 3029; x_wconf 86' lang='lat' dir='ltr'>discri-</span> 
     </span>
     <span class='ocr_line' id='line_1_36' title="bbox 1035 1343 1104 3029; textangle 270"><span class='ocrx_word' id='word_1_261' title='bbox 1035 1343 1093 1582; x_wconf 78' lang='lat' dir='ltr'>minibus,</span> <span class='ocrx_word' id='word_1_262' title='bbox 1047 1618 1094 1667; x_wconf 91' lang='lat' dir='ltr'>in</span> <span class='ocrx_word' id='word_1_263' title='bbox 1036 1700 1099 2132; x_wconf 70' lang='lat' dir='ltr'>muliercularum,</span> <span class='ocrx_word' id='word_1_264' title='bbox 1044 2168 1102 2585; x_wconf 80' lang='lat' dir='ltr'>adolescentium,</span> <span class='ocrx_word' id='word_1_265' title='bbox 1054 2624 1086 2795; x_wconf 90' lang='lat' dir='ltr'>senum</span> <span class='ocrx_word' id='word_1_266' title='bbox 1055 2833 1104 3029; x_wconf 87' lang='lat' dir='ltr'>calami-</span> 
     </span>
     <span class='ocr_line' id='line_1_37' title="bbox 950 1344 1024 3031; textangle 270"><span class='ocrx_word' id='word_1_267' title='bbox 964 1344 1012 1525; x_wconf 87' lang='lat' dir='ltr'>tatibus</span> <span class='ocrx_word' id='word_1_268' title='bbox 950 1559 1015 1865; x_wconf 82' lang='lat' dir='ltr'>exponendis</span> <span class='ocrx_word' id='word_1_269' title='bbox 952 1901 1013 2171; x_wconf 86' lang='lat' dir='ltr'>occupatae</span> <span class='ocrx_word' id='word_1_270' title='bbox 957 2206 1015 2334; x_wconf 75' lang='lat' dir='ltr'>sunt,</span> <span class='ocrx_word' id='word_1_271' title='bbox 972 2371 1020 2492; x_wconf 86' lang='lat' dir='ltr'>aliae</span> <span class='ocrx_word' id='word_1_272' title='bbox 972 2526 1021 2604; x_wconf 82' lang='lat' dir='ltr'>vel</span> <span class='ocrx_word' id='word_1_273' title='bbox 972 2638 1022 2873; x_wconf 90' lang='lat' dir='ltr'>nobilium</span> <span class='ocrx_word' id='word_1_274' title='bbox 976 2892 1024 3031; x_wconf 80' lang='lat' dir='ltr'>sami-</span> 
     </span>
     <span class='ocr_line' id='line_1_38' title="bbox 870 1345 939 3032; textangle 270"><span class='ocrx_word' id='word_1_275' title='bbox 885 1345 932 1518; x_wconf 89' lang='lat' dir='ltr'>liarum</span> <span class='ocrx_word' id='word_1_276' title='bbox 886 1565 934 1643; x_wconf 79' lang='lat' dir='ltr'>vel</span> <span class='ocrx_word' id='word_1_277' title='bbox 870 1690 919 1975; x_wconf 83' lang='lat' dir='ltr'>magnarum</span> <span class='ocrx_word' id='word_1_278' title='bbox 889 2022 937 2285; x_wconf 84' lang='lat' dir='ltr'>civitatium</span> <span class='ocrx_word' id='word_1_279' title='bbox 890 2340 938 2590; x_wconf 88' lang='lat' dir='ltr'>interitum</span> <span class='ocrx_word' id='word_1_280' title='bbox 876 2636 939 3032; x_wconf 80' lang='lat' dir='ltr'>repraesentant3</span> 
     </span>
     <span class='ocr_line' id='line_1_39' title="bbox 797 1347 862 3032; textangle 270"><span class='ocrx_word' id='word_1_281' title='bbox 804 1347 853 1473; x_wconf 88' lang='lat' dir='ltr'>aliae</span> <span class='ocrx_word' id='word_1_282' title='bbox 805 1506 854 1685; x_wconf 90' lang='lat' dir='ltr'>amoris</span> <span class='ocrx_word' id='word_1_283' title='bbox 805 1720 853 1797; x_wconf 72' lang='lat' dir='ltr'>vel</span> <span class='ocrx_word' id='word_1_284' title='bbox 806 1832 853 1936; x_wconf 86' lang='lat' dir='ltr'>irae</span> <span class='ocrx_word' id='word_1_285' title='bbox 806 1969 856 2048; x_wconf 74' lang='lat' dir='ltr'>vel</span> <span class='ocrx_word' id='word_1_286' title='bbox 807 2082 856 2294; x_wconf 88' lang='lat' dir='ltr'>libidinis</span> <span class='ocrx_word' id='word_1_287' title='bbox 810 2339 857 2435; x_wconf 66' lang='lat' dir='ltr'>vim</span> <span class='ocrx_word' id='word_1_288' title='bbox 797 2484 858 2818; x_wconf 86' lang='lat' dir='ltr'>effectumque</span> <span class='ocrx_word' id='word_1_289' title='bbox 798 2868 862 3032; x_wconf 80' lang='lat' dir='ltr'>expri-</span> 
     </span>
     <span class='ocr_line' id='line_1_40' title="bbox 710 1349 782 3035; textangle 270"><span class='ocrx_word' id='word_1_290' title='bbox 712 1349 781 1520; x_wconf 73' lang='lat' dir='ltr'>munt,</span> <span class='ocrx_word' id='word_1_291' title='bbox 725 1568 773 1692; x_wconf 86' lang='lat' dir='ltr'>aliae</span> <span class='ocrx_word' id='word_1_292' title='bbox 724 1741 758 1988; x_wconf 81' lang='lat' dir='ltr'>armorum</span> <span class='ocrx_word' id='word_1_293' title='bbox 710 2036 775 2328; x_wconf 65' lang='lat' dir='ltr'>strepitum,</span> <span class='ocrx_word' id='word_1_294' title='bbox 713 2378 760 2551; x_wconf 80' lang='lat' dir='ltr'>regum</span> <span class='ocrx_word' id='word_1_295' title='bbox 714 2599 779 2871; x_wconf 85' lang='lat' dir='ltr'>potentium</span> <span class='ocrx_word' id='word_1_296' title='bbox 734 2920 782 3035; x_wconf 72' lang='lat' dir='ltr'>vitia</span> 
     </span>
    </p>
   </div>
   <div class='ocr_carea' id='block_1_3' title="bbox 0 0 0 3336">
    <p class='ocr_par' dir='ltr' id='par_1_4' title="bbox 0 0 0 3336">
     <span class='ocr_line' id='line_1_41' title="bbox 0 0 0 3336; textangle 270"><span class='ocrx_word' id='word_1_297' title='bbox 0 0 0 3336; x_wconf 95' lang='lat' dir='ltr'>                                             </span> 
     </span>
    </p>
   </div>
   <div class='ocr_carea' id='block_1_4' title="bbox 736 3333 3907 3336">
    <p class='ocr_par' dir='ltr' id='par_1_5' title="bbox 736 3333 3907 3336">
     <span class='ocr_line' id='line_1_42' title="bbox 736 3333 3907 3336; textangle 270"><span class='ocrx_word' id='word_1_298' title='bbox 736 3333 3907 3336; x_wconf 95' lang='lat' dir='ltr'> </span> 
     </span>
    </p>
   </div>
  </div>
 </body>
</html>
