5010 3336
3983 2154 4038 2231 14

3831 1364 3891 1585 putamus
3846 1615 3894 1829 Graecos
3845 1865 3894 2014 duces
3844 2049 3892 2099 in
3842 2130 3893 2451 Troianorum
3839 2487 3888 2649 media
3837 2683 3881 2842 castra
3833 2876 3878 3020 noctu

3750 1362 3809 1566 repente
3766 1590 3814 1815 inductos
3752 1843 3797 1969 esse,
3765 2005 3797 2099 non
3764 2125 3811 2307 monito
3747 2334 3810 2543 theatro,
3746 2571 3807 2798 quidnam
3740 2822 3798 3019 agentes

3675 1360 3734 1619 venissent,
3671 1657 3718 1858 quanam
3686 1892 3729 1995 arte
3686 2025 3717 2083 eo
3669 2109 3726 2468 penetrassent,
3666 2503 3713 2709 quonam
3679 2736 3726 2811 vel
3662 2835 3724 3021 privato

3609 1360 3656 1436 vel
3592 1484 3654 1678 publico
3606 1732 3653 1933 consilio
3604 1992 3653 2209 laborem
3587 2265 3650 2593 periculosum
3581 2646 3644 3022 suscepissent?

3510 1360 3577 1736 Praecipitatum
3526 1770 3558 1880 esse
3526 1907 3574 2114 duorum
3523 2143 3572 2356 virorum
3521 2379 3570 2559 virtute
3505 2588 3568 2839 I-IectoriS,
3501 2875 3548 3020 quem

3447 1358 3495 1630 tremebant
3433 1676 3479 1870 omneS,
3448 1921 3495 2102 fastum
3446 2151 3490 2203 et
3427 2246 3491 2731 magniloquentiam,
3436 2782 3484 3019 sublatam

3368 1359 3401 1471 esse
3356 1496 3416 1667 Rhesi,
3352 1703 3399 1846 quem
3367 1881 3410 2013 teste
3366 2037 3415 2258 Minerva
3366 2293 3397 2354 ne
3361 2388 3411 2601 Achilles
3345 2638 3405 2834 quidem
3341 2863 3389 3021 neque

3277 1357 3337 1496 Aiax,
3272 1533 3334 1789 quominus
3287 1824 3330 1981 castra
3286 2016 3335 2204 navalia
3271 2239 3326 2508 everteret,
3267 2542 3328 2832 prohibituri
3263 2868 3319 3022 erant,

3194 1358 3242 1554 operam
3208 1591 3251 1642 et
3194 1676 3250 2001 momentum,
3206 2037 3254 2098 ad
3205 2133 3253 2324 irritum
3202 2363 3250 2603 cecidisse
3198 2638 3249 2836 Dolonis
3197 2872 3245 3019 auda-

3130 1356 3162 1462 cem
3114 1499 3176 1703 perinde
3111 1738 3170 1882 atque
3126 1916 3174 2137 dolosum
3115 2177 3165 2432 conatum,
3121 2486 3171 2690 fractam
3119 2726 3151 2836 esse
3117 2869 3164 3021 totius

3028 1356 3097 1604 exercituff
3047 1634 3095 1832 victoris
3046 1867 3093 2165 alacritatem
3029 2200 3088 2344 atque
3030 2368 3091 2615 fiduciam,
3040 2651 3084 2831 tantam
3037 2857 3070 3021 rerum

2968 1357 3016 1781 commutationem
2967 1825 3015 2003 factam
2965 2051 2998 2159 cum
2963 2204 3010 2466 ostendere
2945 2514 3004 2656 poeta
2945 2699 3007 2874 vellet,
2957 2921 3001 3020 tam

2877 1355 2939 1692 defunctorie,
2887 1736 2930 1836 tam
2872 1872 2934 2058 obiter,
2885 2103 2926 2206 tam
2871 2242 2930 2475 obscure,
2881 2520 2923 2618 tam
2863 2654 2927 2860 abrupte
2878 2893 2926 3021 viro·

2797 1354 2844 1491 rum,
2795 1541 2842 1747 quorum
2791 1783 2839 1933 opera
2806 1968 2848 2020 et
2805 2055 2851 2254 consilio
2805 2288 2851 2369 illa
2802 2404 2850 2579 effecta
2788 2614 2842 2754 sunt,
2798 2803 2842 3020 mentem

2714 1352 2779 1747 voluntatemque
2727 1776 2774 1972 theatro
2725 2000 2773 2262 exhibitam
2724 2302 2756 2411 esse
2708 2446 2769 2552 quis
2719 2589 2769 2791 credat?
2718 2827 2768 3021 Omissa

2652 1354 2684 1466 esse
2636 1512 2697 1698 omnia,
2649 1745 2696 1792 in
2633 1834 2693 2007 quibus
2646 2057 2678 2297 summum
2644 2332 2676 2495 rerum
2627 2531 2688 2740 positum
2640 2776 2684 2883 erat
2639 2915 2673 3021 mo-

2558 1352 2615 1596 mentum,
2569 1633 2616 1909 universum
2552 1945 2614 2090 plane
2549 2124 2613 2375 prologum
2562 2412 2610 2653 abiectum
2548 2679 2593 2814 esse,
2560 2852 2592 3022 carere

2491 1352 2539 1518 drama
2489 1554 2520 1644 una
2489 1681 2520 1739 ex
2474 1776 2535 1995 partibus
2477 2031 2533 2120 iis,
2471 2166 2531 2338 quibus
2469 2375 2530 2510 quasi
2481 2544 2528 2778 membris
2467 2812 2527 3017 nullum,

2399 1352 2460 1468 quin
2395 1503 2443 1593 pro
2409 1626 2458 1775 debili
2393 1806 2441 2073 mancoque
2393 2100 2453 2378 haberetur,
2402 2416 2435 2583 carere
2387 2612 2445 2822 poterat,
2383 2858 2432 3019 neque

2316 1350 2380 1613 quidquam
2317 1649 2377 1837 inesse,
2313 1876 2375 2005 quod
2326 2039 2373 2088 in
2326 2120 2374 2281 locum
2308 2316 2371 2492 partis,
2308 2531 2354 2654 quae
2309 2688 2370 3016 desideratur,

2251 1352 2299 1670 substitutum
2249 1707 2281 1818 esse
2247 1854 2295 2019 dicere
2230 2051 2293 2230 possis,
2243 2266 2292 2472 hoccine
2240 2498 2290 2737 eiusmodi
2227 2762 2284 2853 est,
2224 2887 2284 3018 quod

2171 1347 2205 1522 secure
2153 1558 2218 1863 negligatur‘?

2089 1477 2138 1685 Accedit
2088 1718 2135 1778 ad
2071 1813 2133 2087 argumenti
2068 2123 2132 2416 scriptorem
2083 2452 2132 2577 alter
2079 2609 2127 2749 testis
2078 2793 2112 2888 non
2078 2926 2125 3015 mi-

2010 1349 2043 1439 nus
1995 1474 2056 1658 gravis,
2008 1694 2055 1770 vel
2007 1806 2054 1951 etiam
1990 1987 2054 2308 locupletior,
1991 2345 2051 2536 Attius,
2000 2574 2048 2708 cuius
1983 2742 2049 3015 Nyctegre-

1929 1348 1977 1471 siam
1929 1517 1976 1579 de
1912 1612 1976 1863 Euripidis
1926 1909 1974 2076 Rheso
1909 2125 1957 2408 expressam
1922 2458 1972 2614 fuisse
1919 2660 1967 2871 ostendit
1917 2914 1967 3014 Va—

1837 1347 1891 1507 terus,
1849 1545 1897 1674 idem
1836 1713 1894 1918 erravit,
1830 1954 1886 2143 partem
1844 2179 1893 2410 dramatis
1827 2445 1889 2644 proprio
1826 2680 1886 2818 quasi
1837 2848 1887 3014 Marte

1770 1347 1816 1406 ab
1767 1443 1815 1578 Attio
1766 1612 1816 1855 inventam
1752 1891 1809 2038 atque
1749 2075 1811 2367 exemplari,
1749 2404 1811 2533 quod
1745 2568 1810 2874 imitaretur,
1758 2926 1806 3013 ad-

1689 1345 1736 1521 iectam
1688 1571 1720 1681 esse
1684 1731 1735 1989 arbitrans.
1685 2057 1733 2166 Nou
1684 2211 1731 2334 haec
1682 2383 1731 2480 fuit
1681 2524 1730 2717 illorum
1665 2754 1721 3012 poetarum

1609 1345 1670 1469 ratio
1596 1516 1656 1768 imitandi,
1606 1818 1649 1872 ut
1604 1916 1654 2233 immutarent
1591 2277 1635 2359 ea,
1588 2409 1635 2531 quae
1602 2567 1634 2661 non
1600 2695 1643 2781 aut
1599 2813 1647 3010 institu-

1529 1346 1570 1505 torum
1513 1552 1559 1839 morumque
1523 1885 1573 2169 diversitate
1524 2216 1566 2298 aut
1506 2344 1571 2539 linguae
1522 2597 1565 2770 natura
1518 2819 1563 3013 mutare

1435 1343 1495 1664 iubebantur,
1433 1702 1479 1862 neque
1431 1895 1492 2078 Attius,
1443 2115 1475 2225 cum
1427 2262 1492 2591 duodeviginti
1426 2614 1491 2867 Euripidis
1439 2900 1487 3011 dra-

1355 1342 1412 1496 mata,
1353 1531 1410 1764 quantum
1350 1802 1413 2029 equidem
1346 2066 1396 2365 cognoscere
1347 2399 1396 2630 possum,
1362 2665 1410 2813 latina
1359 2846 1409 3010 reddi—

1278 1340 1337 1520 disset,
1286 1556 1335 1731 horum
1285 1766 1332 1917 ullum
1284 1955 1331 2024 sic
1270 2058 1331 2357 immutavit,
1282 2391 1326 2446 ut
1284 2479 1331 2556 vel
1281 2591 1331 2812 demeret
1264 2844 1323 3010 partes

1193 1340 1256 1554 integras
1207 1588 1255 1664 vel
1205 1697 1253 1934 adiiceret
1192 1968 1236 2146 novas,
1202 2184 1250 2270 sed
1200 2306 1234 2495 summa
1187 2529 1250 2712 ubique
1199 2746 1249 3008 imitatoris

1128 1341 1160 1453 cum
1126 1489 1171 1690 auctore
1108 1726 1172 2019 conspiratio
1105 2062 1170 2464 deprehenditur.
1121 2533 1170 2693 Huius
1106 2738 1169 2885 igitur
1120 2930 1169 3008 fa*

1048 1340 1097 1502 bulam
1046 1538 1079 1636 uno
1045 1671 1088 1784 actu
1030 1820 1093 2065 ditiorem,
1026 2100 1073 2243 quam
1041 2281 1090 2523 Graecum
1025 2562 1090 2827 exemplar,
1026 2864 1090 3008 quale

967 1340 1002 1469 nunc
952 1502 1015 1735 habetur,
963 1783 1013 1940 fuisse
960 1984 1010 2225 intellexit
960 2259 1011 2501 Vaterus:
961 2555 1009 2832 continebat
962 2878 1010 3007 enim

872 1339 934 1548 primum
870 1582 932 1890 prooemium
867 1918 930 2310 Agamemnonis,
864 2350 912 2447 quo
880 2482 914 2700 caussam
881 2735 915 3006 convocan-

805 1338 855 1511 dorum
803 1545 855 1723 ducum
802 1758 847 1902 nocte
783 1935 850 2229 intempesta
783 2263 846 2565 exponebat,
800 2608 851 2785 deinde
801 2828 850 3005 ducum
