5010 3336
3816 2057 3872 2179 296

3675 1404 3725 1539 Idem
3660 1575 3723 1934 argumentum,
3676 1970 3726 2059 sed
3676 2096 3724 2283 ratione
3659 2318 3725 2461 plane
3656 2495 3723 2710 dispari,
3652 2759 3719 2955 Sopho-

3597 1277 3646 1378 cles
3586 1416 3639 1756 exornaverat3
3598 1802 3645 1914 vide
3596 1948 3645 2138 Welck.
3596 2175 3645 2235 Τ.
3596 2274 3644 2309 1.
3580 2345 3626 2394 p.
3594 2431 3639 2528 205
3576 2566 3625 2703 seqq.
3587 2773 3638 2955 Finxe-

3518 1273 3559 1351 rat
3517 1386 3564 1513 enim
3505 1552 3548 1755 senem,
3518 1792 3549 1818 a
3517 1855 3564 1954 suis
3515 1992 3564 2104 filiis
3500 2141 3547 2292 regno
3500 2327 3562 2552 pulsnm,
3511 2590 3558 2714 duce
3508 2749 3557 2956 muliere

3424 1272 3485 1479 quadam
3428 1516 3479 1788 errantem,
3438 1837 3485 1886 in
3436 1931 3484 2109 Phthia
3435 2146 3484 2276 forte
3435 2314 3465 2339 a
3418 2377 3481 2701 Neoptolemo
3429 2750 3477 2955 inveniri

3342 1270 3406 1665 vindicatumque
3357 1715 3403 1777 de
3358 1823 3405 1918 vita
3355 1973 3403 2233 decedere.
3354 2303 3401 2460 Huius
3351 2499 3399 2668 drama
3350 2702 3381 2728 a
3349 2767 3397 2956 scholi-

3279 1266 3321 1373 asta
3277 1407 3326 1656 Troadum
3277 1695 3323 1755 ad
3274 1791 3308 1831 v.
3275 1868 3322 2012 1118.
3259 2048 3321 2309 respicitur
3272 2355 3320 2494 hisce
3269 2540 3317 2732 verbis:
3268 2779 3319 2808 ὁ
3252 2857 3318 2955 μὲν

3181 1266 3248 1564 Εὐριπίδης
3195 1596 3247 1699 ὑπὸ
3195 1731 3251 1985 Ἀκάστου
3179 2022 3246 2184 φησιν
3174 2221 3245 2573 ἐκβεβλῆσθαι
3188 2607 3241 2700 τὸν
3171 2740 3238 2950 Πηλέα·

3118 1263 3170 1392 εἰσὶ
3116 1428 3168 1494 δὲ
3115 1532 3166 1600 οἴ
3101 1630 3153 1836 φασιν
3113 1870 3164 1971 ὑπὸ
3113 2008 3161 2115 τῶν
3111 2147 3162 2245 δύο
3110 2282 3161 2449 αὐτοῦ
3097 2478 3159 2701 παίδων,
3090 2733 3161 2947 Ἀρχάν-

3023 1263 3088 1400 δρου
3035 1429 3086 1517 καὶ
3018 1546 3088 1880 Ἀρχιτέλους,
3031 1915 3083 2045 κατὰ
3031 2072 3082 2164 τὸν
3015 2190 3079 2390 καιρόν,
3028 2429 3077 2490 ὃν
3013 2524 3080 2739 ἔμελλον
3007 2758 3080 2947 Ἕλλη-

2946 1259 2989 1345 νες
2943 1394 3007 1444 ἐξ
2953 1486 3009 1643 Ἰλίου
2944 1692 3004 1988 ἐπανιέναι,
2933 2042 3002 2411 ἐξεληλάσθαι,
2946 2466 2997 2555 καὶ
2942 2603 2996 2827 ἐλθόντα
2931 2874 2992 2947 εἰς

2860 1257 2926 1554 ἀπάντησιν
2857 1600 2916 1671 τῷ
2853 1720 2923 2073 Νεοπτολέμῳ
2855 2121 2913 2429 προςελθεῐν
2864 2475 2915 2562 διὰ
2847 2613 2910 2844 χειμῶνα
2844 2879 2905 2944 τῇ

2779 1259 2843 1355 Κῷ
2776 1389 2842 1533 νήσῳ
2782 1554 2802 1566 ,
2790 1600 2842 1685 καὶ
2778 1725 2840 2027 ξενισθέντα
2787 2062 2838 2166 ὑπὸ
2774 2206 2834 2469 ΑΜόλωνος
2773 2504 2815 2647 τινος
2767 2682 2837 2945 ’Ἀβαντος

2713 1255 2766 1366 ἐκεῖ
2708 1395 2760 1793 καταλύσασθαι
2707 1827 2758 1921 τὸν
2692 1956 2757 2092 βίον.
2706 2164 2753 2288 Uter
2688 2316 2744 2568 poetarum
2701 2597 2749 2805 alterum
2699 2834 2746 2942 imi-

2633 1254 2675 1387 tatus
2619 1426 2675 1520 sit,
2630 1556 2661 1651 non
2613 1690 2674 1857 liquet.
2614 1926 2673 2162 Augiam,
2610 2202 2671 2438 cyclicum
2606 2478 2663 2670 poetam
2610 2694 2632 2706 ,
2603 2743 2667 2943 utrique

2551 1252 2598 1506 materiam
2534 1555 2594 1843 praebuisse
2547 1895 2578 1953 ex
2546 2006 2594 2167 Procli
2528 2215 2589 2458 excerptis
2529 2498 2590 2815 intelligitur3
2536 2875 2586 2939 cf.

2471 1249 2522 1520 Dederichi
2468 1566 2508 1727 notam
2468 1784 2514 1841 ad
2466 1893 2514 2018 Dict.
2456 2059 2514 2153 Vl,
2465 2192 2509 2235 7.
2449 2277 2494 2321 p.
2463 2360 2509 2472 493.
2445 2544 2510 2793 Euripidis
2457 2832 2506 2939 sine

2392 1248 2442 1397 dubio
2390 1422 2437 1589 drama
2372 1626 2433 1845 respexit
2385 1869 2433 2103 Horatius
2384 2128 2430 2347 versibus
2383 2374 2430 2470 illis
2375 2502 2429 2612 (art.
2365 2638 2422 2768 poet.
2364 2800 2427 2935 om:

2300 1380 2358 1493 „El
2291 1530 2352 1761 tragicus
2288 1792 2352 2097 plerumque
2304 2133 2352 2271 dolet
2301 2307 2333 2537 sermone
2284 2565 2348 2804 pedestri

2212 1386 2279 1640 Telephus
2226 1668 2266 1717 et
2212 1747 2273 1946 Peleus,
2225 1975 2256 2107 cum
2206 2131 2254 2391 pauper
2222 2428 2261 2486 el
2220 2528 2267 2724 eoeszal
2216 2759 2259 2933 uter-

2124 2083 2173 2200 que

2066 1376 2116 1590 Proiicit
2046 1632 2109 1886 ampullas
2063 1925 2105 1974 et
2045 2010 2109 2393 sesquipedalia
2057 2427 2107 2635 verba.''

1973 1240 2039 1510 Utriusque
1970 1539 2029 1715 poetae
1968 1746 2015 1897 opera
1983 1925 2031 2090 dicere
1982 2112 2028 2302 videtur
1980 2328 2027 2619 Aristoteles
1978 2636 2027 2772 Poet.
1962 2791 2022 2927 c.18‚

1912 1238 1957 1286 2.
1894 1310 1941 1398 pro
1909 1426 1940 1474 m
1907 1492 1954 1700 oralis
1890 1727 1951 2011 tragoediae
1886 2038 1950 2274 exemplis
1900 2294 1948 2606 Phthiotides
1899 2641 1941 2691 et
1895 2721 1946 2925 Peleum

1830 1236 1877 1489 nominans
1816 1518 1878 1594 *):
1827 1631 1859 1741 nam
1823 1778 1873 2088 Phthiotidas
1821 2126 1869 2329 chorum
1804 2378 1868 2643 Sophoclei
1815 2691 1865 2925 dramatis

1751 1234 1800 1391 fuisse
1748 1437 1797 1606 docuit
1741 1654 1794 1960 Welckerus„
1726 2045 1790 2309 Euripides
1740 2360 1787 2421 ad
1738 2478 1771 2617 suum
1721 2654 1785 2763 ipse
1721 2799 1768 2923 opus

1656 1234 1717 1438 respicit
1669 1472 1716 1521 in
1667 1558 1715 1741 Troad.
1667 1779 1696 1823 v.
1663 1863 1709 2022 1118:

1618 1661 1635 1671 )

1578 1364 1639 1523 αὐτὸς
1586 1558 1637 1604 δ’
1566 1639 1630 1864 ανῆκται
1564 1901 1631 2171 δεσπότης,
1568 2208 1628 2375 κακάς
1566 2409 1609 2556 τινας

1492 1367 1556 1586 Πηλέως
1491 1621 1554 1855 ἀκούσας
1485 1893 1549 2192 συμφοράς,
1487 2231 1550 2302 ὥς
1496 2336 1528 2422 νιν
1480 2456 1545 2655 χθονὸς

1413 1356 1484 1618 ’Ἄκαστος
1404 1653 1474 1967 ἐκβέβληκεν
1417 2004 1469 2032 ὁ
1416 2068 1467 2267 Πελίου
1400 2304 1464 2478 γόνος.

1333 1227 1398 1492 Sepiadum
1326 1530 1390 1816 speluncam
1338 1873 1386 2077 Thetidi
1335 2129 1377 2463 consecratam
1335 2514 1382 2669 fnisse
1334 2719 1378 2770 et
1334 2816 1383 2912 Pe-

1256 1222 1318 1373 leum,
1265 1411 1296 1523 cum
1263 1561 1310 1627 ihi
1246 1666 1299 2063 commoraretur,
1256 2101 1305 2245 huius
1254 2283 1303 2403 deae
1254 2433 1301 2673 beneficio
1255 2709 1302 2757 in
1254 2794 1301 2910 bea-

1187 1223 1234 1388 torum
1184 1424 1233 1605 insulas
1180 1642 1228 1755 inde
1176 1791 1225 2132 transductum
1175 2170 1206 2281 esse
1159 2317 1222 2485 vulgus
1163 2540 1221 2804 credebat,
1175 2857 1222 2909 id

1096 1221 1157 1353 quod
1108 1389 1139 1448 ex
1087 1486 1153 1739 Euripidis
1098 1776 1144 1938 verbis
1079 1975 1142 2280 intelligitur,
1079 2318 1125 2444 quae
1092 2481 1142 2600 fecit
1094 2635 1141 2683 in
1093 2711 1142 2907 Andro-

1030 1220 1077 1395 macha
1021 1430 1075 1697 Thetidem
1017 1734 1065 2011 dicentem:

946 1349 1001 1522 ἐλθὼν
928 1556 989 1782 παλαιάς
922 1817 986 2067 χοιράδος
931 2101 981 2284 κοῖλον
915 2315 982 2488 μυχὸν

724 1269 778 1320 ὦ)
733 1351 778 1407 Ἡ
732 1431 776 1481 δὲ
714 1512 774 1672 ἠθική,
723 1707 768 1806 οἷον
712 1841 766 2099 Φθιώτιδες
718 2127 761 2205 καὶ
718 2234 763 2260 ὁ
706 2292 763 2484 Πηλεύς.
