5010 3336
3852 2095 3908 2215 344

3702 1314 3767 1604 tempestive
3701 1639 3752 1789 saepe
3715 1835 3749 1980 usum
3713 2027 3746 2140 esse
3696 2187 3760 2473 Euripidem
3691 2519 3757 2798 affirmant,
3699 2846 3749 2987 inane

3638 1313 3679 1406 est.
3623 1475 3687 1649 Neque
3637 1695 3684 1821 enim
3620 1868 3684 2175 frequentius
3632 2223 3674 2303 aut
3614 2339 3677 2489 magis
3626 2526 3675 2693 alienis
3624 2728 3673 2850 locis
3620 2884 3669 2984 hu-

3560 1311 3606 1388 ius
3544 1423 3604 1615 generis
3544 1652 3604 1931 sententias,
3539 1970 3585 2114 quam
3537 2151 3599 2381 reliquas,
3533 2418 3596 2613 posuit,
3546 2652 3593 2744 nisi
3544 2781 3591 2823 si
3528 2860 3574 2985 quae

3480 1310 3527 1371 ab
3462 1408 3526 1835 interpolatoribus
3474 1871 3521 2099 obtrusae
3460 2136 3515 2272 sunt,
3471 2310 3513 2361 et
3468 2395 3517 2547 multa
3464 2583 3514 2823 eiusmodi
3463 2858 3510 2987 dicta

3383 1310 3447 1467 magis
3382 1518 3445 1801 ingenuitati
3394 1836 3444 2027 illorum
3376 2065 3435 2363 temporum,
3375 2414 3421 2554 quam
3369 2593 3434 2845 Euripidis
3382 2881 3414 2986 ma-

3302 1307 3369 1530 lignitati,
3316 1566 3364 1852 tribuendae
3303 1889 3356 2016 sunt,
3313 2051 3360 2183 velut
3312 2215 3359 2334 illud
3293 2372 3362 2438 (v.
3294 2476 3353 2648 945.):
3364 2798 3365 2801 ⁷

3222 1444 3289 1584 εἴπερ
3221 1620 3283 1893 γυναικῶν
3234 1927 3286 2031 ἐστι
3231 2066 3281 2172 τῶν
3229 2206 3279 2381 ἄλλων
3213 2415 3277 2523 μία.

3156 1445 3208 1789 Destituerunt
3154 1822 3195 1872 et
3153 1908 3202 2134 Theseus
3148 2173 3199 2418 Ariadnen
3147 2472 3189 2520 et
3146 2568 3195 2733 Minos
3129 2770 3194 2984 Scyllam

3081 1312 3125 1362 et
3078 1394 3128 1585 Aeneas
3063 1638 3124 1907 Didonem,
3059 1960 3119 2178 quamvis
3066 2215 3117 2648 vehementissime
3066 2699 3097 2752 se
3066 2803 3111 2861 ab
3064 2906 3111 2985 his

3000 1309 3045 1461 amari
2983 1495 3045 1824 intelligerent
2994 1859 3035 1910 et
2980 1945 3039 2131 magnis
2991 2167 3038 2333 affecti
2988 2360 3029 2526 essent
2986 2560 3034 2824 beneficiis.
2984 2862 3032 2985 Ete-

2922 1306 2970 1405 nim
2920 1441 2952 1537 non
2917 1573 2959 1684 sunt
2915 1720 2961 2035 suavissimae
2911 2070 2962 2362 feminarum
2897 2399 2940 2503 eae,
2893 2541 2939 2665 quae
2905 2693 2937 2883 amores
2905 2915 2952 2985 vi-

2842 1306 2874 1475 rorum
2826 1529 2885 1665 quasi
2819 1713 2868 1992 expugnare
2832 2045 2881 2258 student.
2829 2343 2879 2548 Minime
2827 2600 2858 2714 vero
2823 2770 2872 2984 omnium

2761 1306 2811 1520 Medeae
2758 1569 2790 1732 mores
2755 1779 2802 2011 amabiles
2753 2059 2796 2211 erant.
2738 2283 2798 2390 Quo
2748 2428 2795 2583 minus
2746 2620 2789 2781 autem
2744 2820 2776 2985 amore

2680 1306 2729 1609 retinebatur
2666 1643 2726 1799 Iason,
2675 1836 2722 1929 hoc
2659 1965 2721 2121 magis
2672 2158 2704 2269 eum
2670 2306 2718 2528 utilitatis
2668 2558 2714 2721 studio
2666 2752 2714 2866 duci
2664 2896 2697 2983 ne-

2602 1307 2636 1449 cesse
2588 1485 2643 1617 erat3
2594 1667 2642 1934 accedente
2594 1987 2625 2102 vero
2592 2140 2640 2286 etiam
2575 2326 2637 2552 cupidine
2573 2588 2634 2852 potiundae
2585 2888 2631 2984 vir-

2508 1305 2570 1433 ginis
2508 1468 2566 1637 multo,
2503 1675 2548 1818 quam
2514 1857 2564 2036 Medea
2505 2073 2554 2193 erat,
2496 2230 2556 2538 venustioris,
2507 2575 2539 2669 non
2507 2699 2548 2775 est
2505 2802 2553 2984 miran-

2429 1304 2492 1438 dum,
2425 1475 2485 1603 quod
2436 1640 2486 1868 Medeam
2432 1906 2480 2141 deseruit.
2430 2211 2479 2414 Praeter
2427 2459 2476 2679 Iasonem
2425 2728 2475 2983 Medeam-

2348 1305 2395 1401 que
2360 1448 2406 1583 nulla
2357 1627 2405 1743 huic
2355 1790 2403 1987 fabulae
2337 2034 2383 2241 persona
2350 2296 2398 2425 inest
2332 2469 2394 2746 conspicua.
2345 2832 2393 2984 Chori

2283 1303 2315 1423 vero
2278 1459 2312 1660 munera
2276 1696 2318 1793 tam
2275 1832 2314 1942 sunt
2259 1975 2318 2170 gravia,
2271 2208 2312 2258 ut
2254 2294 2301 2451 paene
2268 2487 2314 2668 actoris
2266 2707 2312 2810 vice
2249 2845 2313 2985 fungi

2198 1303 2250 1542 videatur.
2198 1623 2244 1699 Ad
2194 1747 2242 2027 universum
2192 2080 2238 2205 enim
2190 2256 2222 2424 sexum
2187 2473 2236 2766 seminarum
2185 2804 2232 2983 iniuria

2122 1302 2165 1355 et
2105 1390 2165 1713 contumelia,
2102 1760 2147 1853 qua
2114 1888 2162 2067 Medea
2101 2102 2159 2341 afficitur,
2096 2392 2155 2642 pertinere
2108 2690 2153 2735 ei
2105 2788 2152 2981 videtur

2027 1299 2091 1516 ideoque
2037 1563 2082 1807 communi
2020 1854 2067 2004 opera
2033 2053 2074 2223 censet
2031 2271 2079 2598 ulciscendam
2024 2656 2059 2783 esse.
2024 2870 2073 2981 Hoc

1962 1300 2006 1493 tantum
1946 1530 2000 1696 curat,
1957 1732 1989 1794 ne
1957 1829 2003 1904 vel
1956 1942 1987 2059 suae
1955 2094 2000 2169 vel
1952 2205 2000 2472 liberorum
1950 2511 1996 2635 vitae
1948 2670 1994 2763 vim
1945 2800 1994 2979 inserat

1878 1299 1933 1498 Medea.
1866 1581 1927 1736 Quam
1877 1788 1924 1902 dum
1876 1953 1923 2011 ad
1860 2051 1921 2346 colloquium
1871 2394 1918 2530 chori
1868 2579 1909 2749 evocat
1851 2797 1913 2976 nutrix,

1788 1301 1846 1454 optat,
1802 1493 1843 1544 ut
1798 1581 1844 1790 carmina
1796 1826 1842 1900 vel
1795 1936 1843 2294 incantamenta
1792 2329 1839 2523 inventa
1778 2560 1836 2673 sint,
1772 2712 1833 2887 quibus
1786 2919 1832 2977 li-

1723 1299 1771 1493 bidines
1718 1539 1767 1791 hominum
1716 1840 1762 1984 nimis
1714 2022 1761 2251 incitatae
1696 2286 1751 2547 motusque
1706 2584 1755 2855 animorum
1705 2893 1737 2977 se-

1645 1300 1693 1405 dari
1625 1452 1688 1758 mitigarique
1622 1805 1683 1996 possint
1618 2035 1680 2110 ἧς);
1619 2165 1664 2289 quae
1631 2339 1676 2583 sententia
1613 2619 1674 2865 aptissime
1624 2902 1671 2977 in-

1563 1299 1604 1428 serta
1561 1466 1602 1541 est
1560 1577 1605 1621 ei
1546 1655 1606 1869 fabulae,
1555 1905 1603 1952 in
1540 1987 1586 2079 qua
1553 2116 1599 2290 amoris
1536 2324 1599 2526 iraeque
1548 2562 1597 2730 furore
1546 2756 1587 2853 tam
1545 2883 1592 2976 im-

1482 1297 1515 1439 mane
1480 1476 1527 1637 scelus
1463 1675 1525 1952 perficitur,
1459 2007 1514 2236 quantum
1458 2285 1520 2484 reliquis
1470 2533 1516 2679 animi
1453 2713 1511 2973 perturba-

1401 1296 1450 1512 tionibus
1384 1561 1445 1736 pertici
1397 1782 1443 1860 vix
1379 1906 1426 2054 posse
1394 2103 1440 2308 videtur.
1392 2396 1439 2502 Nec
1389 2549 1436 2705 minus
1372 2751 1434 2971 reliquae

1321 1297 1366 1569 sententiae
1318 1620 1364 1680 ad
1302 1734 1362 2045 aperiendam
1298 2080 1353 2259 poetae
1311 2294 1360 2591 voluntatem
1291 2627 1355 2972 docendasque

1242 1298 1274 1499 caussas
1238 1535 1271 1700 rerum
1234 1737 1284 1943 idoneae
1234 1979 1274 2122 sunt:
1232 2176 1279 2308 velut
1232 2342 1280 2458 illud
1231 2498 1276 2556 ad
1228 2594 1277 2815 Iasonem
1210 2854 1257 2967 spe-

1162 1297 1205 1435 ctans
1160 1471 1207 1656 dictum
1141 1694 1205 1761 (v.
1139 1799 1203 1918 85.),
1154 1955 1184 2008 se
1137 2044 1184 2285 quemque
1136 2321 1199 2491 magis,
1135 2535 1181 2674 quam
1133 2702 1195 2965 proximos,

1069 1296 1113 1487 amare,
1066 1536 1111 1680 quem
1060 1733 1107 1981 amorem,
1058 2036 1118 2255 quamvis
1056 2291 1118 2450 possit
1071 2485 1102 2593 cum
1069 2630 1116 2814 iustitia
1066 2851 1098 2965 con-

987 1294 1035 1489 gruere,
998 1526 1042 1687 tamen
979 1724 1028 1872 saepe
992 1907 1039 1965 ab
992 2002 1024 2058 ea
990 2092 1039 2300 alienum
979 2338 1024 2477 esse3
990 2526 1033 2630 tum
988 2667 1036 2729 de
984 2762 1035 2967 libidine

744 1350 798 1400 >¹²)
754 1431 797 1654 Laudavit
753 1684 795 1802 hanc
747 1822 790 2081 sententiam
744 2096 788 2359 Plutarchus
744 2379 787 2423 in
744 2446 787 2558 coni.
731 2575 774 2725 praec.
730 2739 770 2783 p.
742 2799 787 2895 143.
743 2913 785 2960 C.

684 1430 722 1471 et
684 1500 726 1544 in
668 1573 724 1729 Symp.
670 1760 721 1851 VII,
678 1880 721 1920 7.
665 1951 705 1994 p.
676 2028 718 2123 710.
676 2156 716 2206 Ε.
