5010 3336
1198 2142 1255 2263 305

1356 2978 1400 3030 et
1349 2789 1399 2943 ceteri
1346 2656 1411 2740 qui
1350 2491 1395 2605 sunt
1344 2181 1394 2457 robustiore
1347 1966 1392 2128 aetate
1341 1813 1402 1932 filii,
1356 1584 1390 1760 novum
1338 1368 1405 1539 perfu-

1432 2899 1497 3033 gium
1426 2575 1491 2862 quaesituri,
1426 2497 1472 2537 si
1441 2400 1471 2459 ex
1425 2272 1471 2367 hoc
1423 1968 1485 2237 abigantur.
1422 1712 1469 1898 Relicti
1422 1533 1482 1678 igitur
1424 1368 1480 1499 sunt,

1510 2950 1573 3031 qui
1506 2641 1557 2915 imbellibus
1505 2379 1552 2606 Herculis
1503 2164 1550 2329 liberis
1501 1722 1565 2117 patrocinentur,
1500 1573 1547 1670 duo
1515 1366 1559 1528 senes,

1589 2873 1636 3033 Iolaus
1591 2673 1648 2820 atque
1587 2368 1641 2625 Alcmene,
1598 2116 1643 2320 quorum
1580 1980 1627 2063 ille
1580 1804 1627 1935 nullo
1579 1524 1626 1754 dramatis
1578 1365 1626 1475 loco

1666 3168 1671 3170 ’
1666 2834 1729 3033 Iphiclis
1666 2671 1712 2799 filius
1681 2525 1712 2634 esse
1662 2191 1727 2491 perhibetur,
1676 2027 1723 2151 qnae
1667 1918 1706 1992 est
1658 1762 1705 1892 fama
1659 1512 1721 1736 vulgaris.
1658 1365 1706 1463 Ab-

1743 3285 1746 3290 *
1762 2860 1793 3032 sonum
1746 2698 1792 2823 enim
1749 2530 1791 2660 esset
1740 2355 1788 2495 simul
1745 2273 1787 2321 et
1740 2089 1785 2239 aviam
1742 2001 1786 2052 et
1743 1750 1802 1976 nepotem
1743 1476 1799 1703 tauquam
1753 1366 1784 1445 se·-

1841 2946 1872 3033 nes
1824 2621 1887 2894 decrepitos
1823 2520 1869 2568 in
1835 2275 1867 2468 scenam
1811 1988 1866 2238 inducere.
1818 1785 1865 1918 Usus
1821 1671 1863 1747 est
1817 1485 1880 1636 igitur
1832 1366 1864 1454 no-

1910 2928 1951 3032 ster
1903 2700 1950 2895 licentia
1906 2411 1965 2664 poetarum
1915 2282 1946 2376 non
1899 2031 1962 2246 fingendi
1901 1814 1945 2003 tantum
1897 1490 1955 1776 commode,
1896 1363 1943 1453 sed

1975 3281 1997 3286 ’
1983 2841 2030 3031 celandi
1996 2602 2043 2793 quoque
1980 2290 2043 2557 prudenter
1993 2108 2039 2233 quae
1978 1925 2041 2065 vulgo
1976 1687 2024 1873 credita
1992 1612 2022 1638 a
1991 1364 2034 1548 rerum,

2076 2914 2124 3032 quas
2061 2644 2122 2878 fingeret,
2059 2510 2106 2609 fide
2058 2133 2105 2476 abhorrebant.

2139 2593 2186 2898 Constitutus
2138 2412 2201 2557 igitur
2138 2248 2185 2377 inter
2138 2033 2183 2213 liberos
2136 1765 2184 1997 Herculis
2135 1571 2183 1729 Iolaus
2134 1471 2181 1533 de
2150 1364 2182 1440 ca-

2219 2899 2267 3033 sibus
2224 2812 2265 2864 et
2218 2582 2265 2779 fortuna
2217 2176 2264 2547 Heraclidarum
2216 1905 2279 2139 exponit,
2231 1711 2262 1850 orsus
2231 1640 2262 1666 a
2214 1361 2262 1603 sententia

2298 2769 2354 3032 communi,
2312 2636 2359 2733 qua
2297 2427 2344 2599 eadem
2297 2185 2359 2392 Ulysses
2297 2099 2343 2149 in
2295 1864 2343 2065 exordio
2295 1635 2343 1829 fabulae
2293 1361 2341 1612 Philocte-

2378 2970 2426 3034 tis
2378 2750 2437 2934 utitur,
2377 2589 2424 2714 mala
2383 2505 2425 2554 et
2378 2276 2425 2469 labores
2375 1918 2437 2240 perferendos
2390 1770 2421 1881 esse
2374 1650 2433 1735 iis,
2373 1512 2435 1595 qui
2387 1360 2434 1478 neg-

2456 2904 2503 3031 lecto
2471 2766 2502 2855 suo
2458 2460 2503 2718 commodo
2457 2151 2501 2413 amicorum
2454 1829 2515 2101 civiumque
2452 1512 2499 1782 commodis
2466 1358 2499 1475 con-

2535 2812 2582 3030 sulentes
2536 2550 2581 2777 iustitiam
2535 2336 2583 2510 colant.
2532 2185 2579 2267 Sic
2550 2095 2579 2148 se
2539 2012 2579 2059 et
2534 1872 2579 1977 vivo
2531 1637 2579 1841 Herculi
2536 1552 2578 1600 et
2530 1359 2578 1527 liberis

2614 2811 2662 3030 defuncti
2614 2614 2660 2778 officia
2614 2482 2660 2580 fide
2615 2272 2677 2447 pieque
2618 1914 2675 2244 praestantem
2617 1644 2674 1885 perpetuo
2611 1489 2657 1616 vitae
2608 1359 2656 1460 dis-

2694 2830 2741 3029 crimina
2693 2662 2740 2795 adire
2698 2575 2740 2626 et
2694 2388 2756 2541 patria
2708 2168 2750 2351 carere,
2707 1968 2753 2113 quum
2690 1778 2754 1931 possit
2690 1642 2736 1743 otio
2694 1556 2736 1605 et
2689 1356 2750 1522 quiete

2773 2921 2821 3031 frui.
2772 2730 2820 2852 Nam
2773 2333 2834 2693 Eurystheum,
2772 2080 2833 2283 stirpem
2770 1805 2817 2036 Herculis
2770 1590 2815 1758 delere
2769 1356 2830 1554 cupien-

2857 2904 2909 3031 tem,
2867 2762 2897 2856 non
2853 2454 2912 2708 quiescere
2866 2261 2911 2420 neque
2850 1947 2911 2225 perfugium
2849 1634 2895 1908 concedere
2847 1356 2912 1599 profugis,

2931 2943 2979 3031 sed
2946 2752 2991 2907 usque
2931 2486 2993 2718 persequi
2944 2156 2991 2451 praeconem
2928 1852 2983 2119 mittendo,
2928 1716 2988 1797 qui
2926 1488 2973 1670 bellum
2940 1356 2986 1445 po-

3010 2927 3075 3030 puli
3010 2604 3071 2893 Argivorum
3008 2243 3071 2568 potentissimi
3007 1943 3054 2209 minitando
3006 1750 3053 1906 minus
3010 1481 3068 1712 potentes
3004 1356 3051 1447 ho-

3090 2875 3154 3030 spites
3090 2770 3136 2828 ab
3088 2554 3136 2719 officio
3089 2240 3135 2507 deterreat.
3087 2081 3134 2170 His
3086 1798 3149 2034 expositis
3085 1586 3131 1749 statim
3098 1354 3146 1536 praeco

3187 3162 3212 3164 ι
3170 2925 3233 3033 ipse
3168 2687 3228 2900 advenit,
3184 2556 3231 2651 quo
3174 2268 3231 2531 conspecto
3167 2025 3214 2241 vestibus
3164 1880 3212 1999 Iolai
3165 1544 3227 1855 implicantur
3162 1354 3226 1520 pueri;

3249 2742 3297 3030 abstrahere
3263 2607 3294 2692 eos
3263 2317 3309 2559 praecone
3263 2206 3293 2267 ex
3261 2076 3291 2157 ara
3250 1883 3306 2029 atque
3260 1774 3292 1834 ex
3243 1520 3290 1740 manibus
3242 1352 3290 1483 senis

3332 2796 3385 3028 conante,
3326 2667 3372 2748 hic
3326 2571 3372 2620 in
3325 2252 3373 2537 reluctando
3326 2052 3386 2215 lapsus
3324 1880 3371 2016 humi
3321 1487 3386 1846 prosternitur;
3336 1353 3368 1441 ac-

3411 2823 3454 3027 currunt
3405 2729 3451 2789 ad
3405 2428 3451 2693 clamorem
3405 2274 3451 2379 eius
3404 1974 3466 2238 populares
3403 1676 3465 1935 edoctique
3400 1578 3447 1641 de
3415 1352 3459 1542 caussa,

3491 2975 3533 3028 et
3484 2848 3547 2942 ipsi
3499 2757 3530 2812 se
3489 2470 3546 2721 opponunt
3488 2384 3531 2435 et
3484 2244 3546 2349 regi
3488 2029 3540 2207 terrae,
3480 1808 3528 1994 Thesei
3481 1645 3541 1773 filio,
3478 1350 3527 1607 arbitrium

3565 2960 3612 3029 rei
3562 2707 3627 2926 permitti
3564 2491 3613 2675 iubent.

3643 2798 3690 2897 lam
3642 2582 3690 2749 audito
3642 2321 3690 2530 tumultu
3641 1994 3704 2285 Demophon
3639 1851 3702 1960 ipse
3655 1702 3687 1814 cum
3638 1512 3687 1665 fratre
3638 1349 3686 1474 Aca-

3727 2864 3771 3027 mante
3723 2622 3769 2830 accurrit
3722 2525 3784 2593 *).
3722 2373 3770 2456 Fit
3722 2211 3785 2339 apud
3721 2043 3767 2175 illum
3720 1793 3768 2006 iudicem
3719 1517 3766 1765 contentio
3733 1347 3781 1491 prae-

3803 2890 3851 3026 conis
3808 2707 3863 2854 atque
3801 2526 3861 2671 Iolai;
3802 2346 3849 2477 illius
3801 2149 3848 2301 oratio
3800 1944 3847 2098 omnis
3799 1848 3846 1896 in
3798 1577 3845 1801 utilitatis
3797 1345 3845 1534 ratione

3881 2701 3946 3029 praedicanda
3887 2423 3930 2667 versatur:
3881 2097 3945 2387 Argivorum
3880 1930 3926 2059 enim
3879 1687 3926 1899 amicitia
3883 1481 3940 1662 quanto
3876 1347 3924 1452 He-

3962 2735 4009 3027 raclidarum
3962 2354 4025 2680 praestantior
3961 2218 4017 2304 sit,
3959 1954 4006 2169 ostendit
3963 1856 4005 1906 et
3958 1627 4007 1812 bellum
3957 1347 4016 1575 minatur,

4155 2915 4208 2965 ⁹⁵)
4155 2737 4207 2883 Quum
4153 2447 4208 2705 saepissime
4152 2245 4209 2414 gemini
4154 2142 4194 2215 vel
4151 1953 4192 2115 fratres
4152 1849 4192 1923 vel
4164 1688 4205 1821 reges
4150 1617 4191 1659 in
4149 1345 4203 1585 antiquita-

4224 2831 4264 2886 tis
4224 2642 4265 2805 fabulis
4229 2407 4278 2620 tanquam
4238 2297 4265 2384 una
4236 2082 4278 2270 persona
4224 1871 4276 2053 agentes
4220 1524 4270 1849 inducerentur,
4224 1344 4274 1503 poetae
4242 852 4271 863 ,

4294 2726 4348 2889 tragici
4294 2627 4334 2697 his
4294 2534 4335 2597 sic
4293 2439 4335 2506 uti
4295 2185 4347 2411 solebant,
4296 2095 4334 2143 ut
4296 1918 4345 2067 partes
4290 1720 4332 1879 actoris
4291 1607 4331 1681 uni
4290 1347 4343 1579 deferrent,
4283 824 4286 826 ’

4364 2693 4406 2883 alterum
4369 2495 4408 2664 mutam
4378 2232 4419 2465 personam
4377 2121 4419 2203 pro
4361 1935 4406 2094 comite
4360 1839 4403 1906 illi
4360 1500 4417 1808 adiungerent.

4432 1701 4478 1769 20
