5010 3336
1046 2116 1102 2231 201

1203 2630 1254 2995 Mendicantem
1197 2385 1262 2596 produnt
1195 2141 1242 2352 haecce.

1283 2747 1345 2867 νικᾷ
1277 2657 1328 2711 δὲ
1275 2458 1351 2623 χρεία
1274 2397 1336 2447 μ’
1270 2327 1335 2361 ή
1269 2122 1325 2293 κακῶς
1267 2046 1314 2089 τ’
1262 1751 1326 2009 ὀλουμένη

1358 2654 1426 2865 γαστήρ,
1355 2525 1417 2616 αφ’
1353 2428 1416 2490 ἡς
1349 2328 1414 2392 δὴ
1348 2123 1398 2295 πάντα
1344 1860 1408 2090 γίγνεται
1340 1695 1392 1827 κακά
1340 1605 1404 1672 *).

1442 2793 1490 2995 Perficit
1438 2544 1494 2758 tandem,
1437 2459 1480 2510 ut
1432 2261 1493 2425 regina
1431 1982 1476 2227 evocetur.
1424 1772 1481 1915 Huic
1420 1610 1483 1735 quod
1418 1471 1465 1573 eius
1416 1346 1463 1446 ani-

1536 2865 1568 2995 mum
1520 2629 1580 2828 propter
1513 2397 1560 2593 caedem
1508 2082 1573 2361 Iphigeniae
1506 1802 1551 2057 alienatum
1500 1725 1547 1783 ab
1502 1344 1559 1700 Agamemnone

1598 2695 1658 2993 ducibusque
1592 2462 1641 2660 Achivis
1606 2314 1637 2426 esse
1592 1899 1635 2279 consentaneum
1586 1762 1640 1865 est,
1579 1621 1640 1727 quis
1578 1496 1633 1584 sit,
1590 1345 1637 1459 ape-

1677 2896 1723 2994 rire
1690 2767 1723 2862 uon
1673 2527 1721 2730 dubitat.
1669 2320 1730 2455 Quae
1668 2124 1715 2284 statim
1664 1899 1726 2085 cognito
1661 1758 1719 1877 vilo,
1658 1586 1705 1720 cuius
1656 1343 1702 1566 virtutem

1770 2905 1820 2995 per
1769 2703 1802 2869 omnes
1756 2515 1800 2668 terras
1749 2350 1795 2480 fama
1746 1967 1801 2313 celebraverat
1737 1601 1788 1933 misericordia
1737 1340 1789 1572 movetur,

1850 2782 1895 2990 eumque
1846 2551 1880 2746 selvare
1834 2373 1891 2517 atque
1826 2112 1874 2338 adiuvare
1839 1990 1887 2078 pro
1820 1774 1868 1955 viribus
1815 1554 1866 1734 statuit.
1812 1339 1859 1486 Tele-

1914 2905 1977 2991 phi
1914 2725 1961 2870 verha
1915 2581 1958 2691 sunt
1909 2337 1955 2547 haecce.

1989 2815 2040 2856 εἰ
1991 2672 2048 2779 τοῖς
1986 2588 2037 2645 ἐν
1986 2428 2053 2554 οἴκῳ
1984 2136 2050 2393 χρήμασιν
1978 1773 2072 2103 λελείμμεθα,

2070 2824 2136 2858 ἦ
2069 2744 2119 2789 δ’
2067 2479 2133 2708 εὐγένεια
2064 2359 2116 2446 καὶ
2064 2269 2114 2327 τὸ
2064 1990 2128 2237 γενναῖον
2057 1773 2121 1956 μὲνει
2058 1701 2113 1767 ³¹².)

2153 2802 2215 2986 Quibus
2152 2640 2198 2765 addo
2164 2482 2212 2603 quae
2146 2094 2208 2446 Aristophanes
2133 1602 2199 2066 Thesm.(v.179.)
2130 1336 2180 1569 inseruit:

2228 2754 2294 2856 ἐγὼ
2227 2662 2279 2717 δὲ
2225 2425 2291 2627 (καινῇ)
2224 2142 2289 2386 ξυμφορᾷ
2215 1756 2283 2109 πεπληγμένος

2308 2683 2375 2851 ἱκέτης
2307 2424 2373 2650 ἀφῖγμαι
2303 2262 2368 2390 πρὸς
2301 2146 2352 2224 σέ·

2382 2035 2442 2165 ,φεοῦ
2375 1826 2443 2001 χρείαν
2370 1602 2439 1792 ε’χων;”

2470 2560 2534 2978 Clytaemnestrae
2470 2418 2512 2531 sunt
2464 2186 2511 2391 haecce:

2547 2646 2610 2848 „Nam
2546 2546 2593 2601 is
2544 2249 2591 2497 demum
2542 2009 2589 2204 miser
2542 1836 2593 1960 est,
2533 1591 2581 1776 cuius
2531 1330 2579 1557 nobili—

2626 2056 2667 2155 tas
2614 1713 2663 2020 miserias

2704 2746 2753 2842 No
2702 2459 2752 2729 bilitat”
2699 2309 2761 2430 )

2785 2751 2848 2977 Telepho
2788 2516 2846 2717 recepto
2785 2338 2843 2482 atque
2779 2253 2825 2302 in
2777 2072 2825 2219 aedes
2776 1881 2834 2045 ducto,
2773 1645 2820 1846 chorum
2769 1424 2832 1620 prodire
2785 1323 2815 1405 ue-

2881 2835 2913 2974 cesse
2863 2681 2920 2801 suit,
2863 2554 2926 2633 qui
2862 2406 2909 2510 sine
2859 2226 2907 2372 dubio
2856 1942 2904 2189 constabat
2868 1847 2899 1905 ex
2851 1631 2898 1810 civibus
2849 1406 2909 1595 Argivis
2854 1319 2895 1371 et

2945 2769 2992 2973 canebat
2942 2672 2990 2733 de
2941 2486 3005 2637 priori
2939 2146 3003 2451 expeditione
2934 1887 2997 2113 turpique
2930 1621 2978 1859 exercitus
2929 1416 2986 1591 reditu,
2927 1319 2975 1381 de

3023 2642 3071 2972 immolatione
3019 2312 3084 2607 Iphigeniae,
3016 2146 3064 2277 unde
3020 2061 3061 2112 et
3029 1943 3060 2029 rex
3013 1866 3059 1910 in
3011 1670 3057 1830 odium
3008 1462 3055 1646 venerit
3023 1319 3054 1439 uxo-

3104 2904 3150 2971 ris
3106 2819 3149 2867 et
3100 2677 3149 2785 odio
3101 2460 3148 2643 habere
3099 2307 3161 2414 ipse
3094 1984 3143 2259 Menelaum
3091 1693 3153 1933 coeperit,
3088 1578 3135 1639 de
3087 1317 3134 1534 redinte-

3181 2795 3246 2966 grandi
3179 2647 3228 2763 belli
3178 2319 3227 2609 necessitate
3177 2127 3236 2285 deque
3169 1720 3234 2091 Agamemnonis
3167 1393 3231 1685 poenitentia
3171 1314 3214 1363 et

3260 2850 3309 2966 belli
3257 2654 3307 2816 taedio
3257 2470 3319 2629 *'‘'‘'‘).
3255 2292 3302 2402 Huc
3252 2040 3317 2255 pertinet
3252 1838 3313 2009 fragm.
3248 1683 3296 1799 Attii
3263 1604 3295 1649 n.
3249 1511 3293 1566 1:

3358 2725 3426 2831 449
3382 2482 3425 2701 invenitur
3377 2274 3421 2441 ἄπελθε
3376 2073 3418 2238 λαΐνων
3374 1804 3426 2035 σταθμῶν,
3373 1658 3426 1771 quod
3372 1413 3426 1630 tragicum
3370 1315 3409 1380 di-

3459 2706 3497 2826 ctum
3458 2635 3494 2676 et
3452 2429 3505 2604 quidem
3446 2186 3500 2405 Euripidis
3460 2068 3485 2160 esse
3444 1930 3484 2037 vidit
3444 1755 3483 1909 Bothe.
3442 1541 3483 1698 Nescio
3454 1467 3480 1521 an
3439 1312 3480 1443 etlam

3536 2670 3567 2825 versus
3522 2546 3564 2642 456.
3522 2419 3561 2517 inde
3519 2227 3572 2384 petitus
3516 2125 3556 2199 sit:
3512 1886 3569 2083 λυπηρὸς
3510 1758 3555 1849 ἴσθ’
3507 1664 3552 1725 ὢν
3506 1310 3565 1633 κάποχώρησον

3593 2653 3647 2822 δόμων.
3590 2529 3632 2595 Cf.
3590 2340 3644 2504 frfflm
3586 2273 3626 2313 6.
3586 2092 3627 2252 Matth

3664 2848 3717 2890 *)
3664 2636 3718 2819 Fragm
3661 2522 3702 2606 inc.
3659 2336 3700 2487 CLIX.
3655 2212 3696 2277 Cf.
3654 2012 3694 2181 Wclck.
3668 1939 3706 1981 p.
3650 1814 3692 1909 483.

3735 2841 3788 2901 ⁸¹⁵)
3734 2628 3787 2811 Fr.ag1n
3729 2515 3770 2597 inc
3729 2372 3770 2485 LXI.
3728 2249 3767 2314 Ex
3724 2010 3776 2211 Telepho
3722 1789 3775 1970 petitum
3733 1662 3761 1758 esse
3718 1449 3761 1633 ostendit
3717 1305 3769 1421 Attii,

3815 2684 3856 2816 quam
3814 2524 3854 2655 supra
3797 2257 3852 2493 posuimus
3792 1915 3846 2226 inteipretatio.

3874 2846 3927 2952 *Μή
3872 2710 3914 2817 Attii
3870 2518 3925 2681 fragm.
3868 2417 3909 2485 12.

3943 2839 3997 2950 ****)
3942 2760 3985 2810 Si
3954 2532 3994 2731 usquam
3940 2416 3979 2501 hoc
3939 2292 3978 2389 loco
3930 1896 3975 2259 commemorandi
3932 1743 3970 1866 erant
3929 1584 3969 1715 duces
3926 1301 3969 1559 tesserislu-

4013 2649 4053 2816 dentes.
4008 2417 4050 2592 Atenim
4005 2282 4047 2388 nihil
4005 2164 4046 2251 tale
4001 1957 4043 2135 infuisse
4000 1876 4042 1921 in
3999 1657 4052 1857 Telepho
3996 1430 4038 1626 scholion
3996 1300 4036 1410 illud

4081 2668 4135 2812 ipsum
4079 2565 4131 2644 (ad
4077 2317 4129 2539 Aristoph.
4069 1922 4123 2278 Ra11.v.1400.)
4070 1777 4111 1881 satis
4068 1508 4109 1740 manifesto
4066 1300 4107 1479 demon-

4154 2688 4193 2810 strat
4147 2485 4192 2631 Inanis
4146 2330 4190 2447 enim
4146 2228 4186 2291 est
4142 2123 4184 2200 illa
4142 2039 4183 2093 de
4139 1849 4196 2011 duplici
4138 1676 4193 1821 operis
4135 1396 4179 1649 recensione
4134 1297 4176 1367 sa·-

4220 2687 4261 2807 bula.
