5010 3336
984 2150 1038 2225 15

1138 2792 1200 3004 ipsorum
1132 2490 1181 2756 consillum.
1129 2357 1176 2421 Et
1128 2170 1175 2310 huius
1126 1934 1186 2123 quidem
1128 1751 1170 1884 actus
1123 1507 1186 1709 plurlma
1137 1374 1169 1474 ser-

1220 2835 1263 3005 vantur
1214 2535 1277 2803 fragmenta
1208 2312 1256 2505 fabulae
1207 2054 1262 2287 Attianae,
1207 1967 1249 2017 ct
1207 1744 1265 1935 praeter
1202 1632 1248 1710 illa
1202 1463 1262 1601 haec,
1217 1370 1249 1428 ex

1295 2834 1357 3003 quibus
1294 2599 1340 2798 eandem
1287 2355 1335 2563 fabulam
1286 2205 1332 2322 Attii
1290 2027 1345 2169 atque
1280 1756 1343 2001 Euripidis
1280 1370 1343 1731 Nyctegresiam

1374 2852 1421 3003 fuisse
1371 2528 1431 2818 intelligatur
1364 2420 1427 2495 *):

1450 2822 1512 2872 1)
1450 2543 1510 2775 „Cuncta
1442 2232 1508 2507 empedz'bo:
1440 2129 1488 2183 id
1439 1952 1487 2096 modo
1436 1568 1485 1919 iusiurandmn
1438 1367 1487 1532 date'’.

1530 2804 1577 3000 Dolonis
1529 2626 1575 2770 verba
1531 2465 1584 2592 sunt,
1538 2280 1585 2428 equos
1521 2045 1569 2243 Achillis
1519 1918 1566 2009 sibi
1516 1609 1564 1883 mercedem
1521 1363 1581 1573 suscepti

1609 2800 1673 2999 periculi
1605 2650 1653 2754 dari
1610 2554 1651 2603 et
1600 2208 1650 2511 iureiurando
1598 1869 1663 2158 promissum
1596 1637 1643 1822 firmari
1596 1361 1654 1593 iubentisj,

1689 2934 1737 2997 cf.
1703 2856 1734 2899 v.
1688 2702 1734 2820 161:
1682 2464 1733 2664 οὐκοῦν
1682 2248 1731 2431 πονεῖν
1677 2111 1742 2205 μὲν
1677 1944 1742 2066 χρή,
1677 1630 1725 1899 πονοῦντα
1673 1539 1723 1585 δ’
1672 1358 1735 1503 ἄξιον

1765 2805 1829 2997 μισθὸν
1761 2520 1827 2771 φέρεσθαι
1763 2383 1811 2486 κτλ.
1760 2241 1807 2314 Cf.
1760 2062 1805 2205 etiam
1775 1986 1805 2029 v.
1759 1838 1802 1948 191.

1845 2815 1907 2869 2)
1844 2682 1905 2780 „Id
1843 2516 1909 2649 quod
1842 2354 1906 2495 facis
1846 2116 1904 2321 gratnm
1845 2032 1885 2080 et
1852 1840 1901 1995 grave
1835 1683 1884 1803 est’⁷.

1926 2902 1973 2993 His
1925 2715 1972 2871 verbis
1924 2494 1970 2681 Hector
1922 2235 1970 2469 Dolonem
1922 2013 1965 2208 strenue
1931 1795 1979 1991 operam
1914 1483 1961 1768 offerentem
1913 1377 1960 1452 col

2004 2803 2062 2991 laudat3
2003 2695 2050 2758 cs.
2018 2620 2049 2660 v.
2004 2460 2049 2581 158:
1996 2141 2060 2412 ἐπώνυμος
1992 2000 2059 2094 μὲν
1992 1803 2056 1968 κάρτα
1991 1682 2042 1769 καὶ
1991 1350 2055 1650 φιλόπτολις

2081 2800 2132 2989 Δόλων
2082 2664 2130 2770 κτλ.
2076 2014 2089 2021 ”

2163 2807 2225 2860 3)
2162 2525 2224 2771 „lamque
2173 2253 2205 2489 auroram
2155 2005 2202 2220 rutilare
2153 1749 2218 1976 procul”.

2244 2852 2291 2987 Haec
2240 2624 2303 2818 egregie
2238 2312 2300 2590 conspirant
2251 2170 2282 2278 cum
2233 1858 2297 2137 Euripideis
2231 1757 2293 1821 (v.
2232 1554 2292 1717 521.):

2314 2564 2374 2666 ἀὼς
2312 2464 2378 2528 δὴ
2312 2248 2371 2429 πέλας,
2309 2108 2371 2211 ἀὼς

2394 2435 2460 2664 γίγνεται
2395 2298 2444 2401 κτλ.

2479 2781 2541 2985 Reliqua
2477 2477 2539 2747 fragmenta
2474 2288 2521 2442 omnia
2487 2194 2518 2253 ex
2471 1961 2533 2162 prologo
2470 1676 2532 1927 depromta
2484 1533 2516 1642 esse
2470 1350 2516 1499 video,

2574 2862 2622 2983 quae
2558 2759 2604 2828 sic
2555 2505 2617 2726 dispono.
2552 2273 2599 2438 Prodit
2567 2172 2597 2229 ex
2550 1896 2611 2136 praetorio
2550 1534 2611 1861 Agamemnon
2548 1343 2595 1499 media

2641 2813 2696 2983 nocte,
2650 2658 2697 2779 quae
2632 2547 2680 2625 his
2632 2356 2679 2512 verbis
2630 1997 2693 2320 significatur:

2714 2556 2761 2657 νῦν
2708 2244 2774 2520 εὐσέληνον
2706 2016 2771 2209 φέγγος
2705 1950 2771 1983 ἡ
2705 1584 2770 1914 διφρήλατος,

2808 2635 2858 2979 exponensque
2792 2524 2839 2603 illa
2792 2429 2838 2490 de
2790 2217 2837 2394 Graeci
2788 1939 2836 2182 exercitus
2787 1632 2834 1906 discrimine
2787 1446 2847 1603 deque
2800 1336 2831 1421 sna

2874 2612 2936 2979 desperatione,
2886 2454 2933 2576 quae
2869 2250 2916 2418 eadem
2868 2003 2915 2213 ostendit
2867 1730 2914 1971 Homerus
2866 1643 2912 1693 ll.
2882 1559 2923 1604 x,
2866 1337 2919 1529 1ffl20„

2968 2688 3017 2978 praeconem
2969 2626 2998 2653 a
2967 2537 2999 2591 se
2950 2306 2996 2504 missum
2964 2166 2995 2274 esse
2947 1982 3006 2139 docet,
2947 1868 3009 1946 qui
2947 1793 2993 1838 in
2945 1514 2991 1766 consilium
2945 1336 2991 1485 duces

3032 2785 3080 2977 acciret.
3031 2644 3079 2718 Ne
3032 2488 3095 2610 ignis
3029 2275 3092 2450 („aura
3026 2044 3075 2247 Volcani
3023 1812 3083 2014 vorax⁷⁷)
3024 1588 3072 1775 navium
3023 1338 3070 1553 trabibus

3113 2648 3170 2975 admoveatur,
3111 2572 3157 2611 si
3110 2321 3173 2538 proxima
3108 2189 3153 2296 luce
3106 1979 3153 2165 Hector
3105 1818 3152 1957 ferox
3109 1737 3151 1785 et
3102 1516 3150 1714 victoria
3101 1334 3149 1488 elatus

3190 2790 3252 2973 proelia
3190 2395 3252 2759 redintegrarit,
3191 2137 3235 2360 veretur:

3266 2587 3326 2841 „Scandit
3282 2423 3312 2550 aura
3266 2171 3311 2388 laterum
3269 1991 3310 2138 tescia
3262 1736 3310 1948 Volcani
3260 1517 3309 1706 vorax''
3256 1397 3320 1488 **).

3348 2873 3395 2969 lam
3347 2709 3394 2837 enim
3350 2564 3393 2674 ante
3346 2425 3407 2529 ipsa
3348 2233 3389 2389 castra
3343 2018 3387 2197 navalia
3341 1739 3387 1982 exercitus
3340 1490 3386 1703 hostium
3353 1330 3384 1441 con-

3427 2809 3483 2969 sedit,
3425 2726 3472 2774 id
3424 2559 3487 2687 quod
3422 2251 3469 2522 ostenditur
3420 1968 3482 2218 Euripidis
3420 1773 3465 1933 verbis
3434 1695 3465 1738 v.
3420 1570 3464 1659 20:

3529 2581 3537 2641 —
3500 2446 3550 2544 οὐκ
3494 2252 3549 2413 οἶσθα
3496 2064 3561 2217 δορὸς

3579 2486 3639 2642 πέλας
3578 2220 3644 2453 Ἀργείου
3575 2001 3641 2186 νυχίαν
3573 1836 3639 1968 ἡμᾶς

3660 2456 3711 2637 κοίταν
3659 2118 3717 2424 πανόπλους
3653 1755 3720 2087 κατέχονταςς

3796 2858 3846 2897 *)
3795 2734 3837 2828 Non
3809 2504 3847 2705 premam
3795 2280 3846 2477 silentio,
3792 2050 3846 2248 quumvis
3790 1844 3831 2023 minime
3788 1759 3829 1813 sit
3786 1478 3841 1731 probabile,
3786 1322 3838 1434 quod

3864 2644 3906 2825 Schoell
3866 2520 3916 2593 (de
3864 2238 3918 2484 teti-alogiis
3867 2085 3915 2198 trag.
3861 1960 3900 2042 Att.
3875 1882 3912 1923 p.
3857 1722 3910 1842 455.)
3855 1434 3909 1671 suspicatus
3860 1320 3903 1395 esu

3938 2652 3987 2825 partem
3934 2248 3975 2615 Antenoridairum
3931 1977 3983 2211 Sophoclis
3930 1886 3969 1940 ab
3927 1740 3968 1855 Attio
3925 1499 3966 1710 redditam
3923 1320 3964 1468 fuisso.

4002 2851 4054 2915 **)
4004 2683 4043 2820 Recte
4003 2447 4045 2655 Bothius:
4001 2162 4055 2403 „cuns-suf7
4000 1962 4053 2122 inquit,
4002 1666 4050 1929 „nocturnae
3992 1316 4035 1636 consultationis

4072 2216 4088 2223 '
4070 2065 4111 2159 vNon
4083 1928 4109 2038 nunc
4069 1810 4109 1899 iam
4066 1560 4106 1780 incensam
4077 1421 4109 1537 esse,
4062 1316 4102 1390 sed

4071 2505 4114 2819 incendium
4072 2229 4115 2475 classis?

4155 2662 4193 2817 parum
4144 2456 4192 2631 abesse,
4143 2326 4195 2425 quin
4140 2015 4185 2285 incendatur,
4137 1881 4178 1985 dicit
4138 1541 4189 1853 Agamemnon.
