5010 3336
2011 3269 2028 3330 ⁴⁴⁴⁴⁴⁴

2470 3270 2503 3302 ιι,

1038 2148 1094 2267 505

1194 2833 1245 3033 millima
1196 2713 1239 2788 est
1188 2411 1245 2663 carminis,
1187 2317 1232 2365 in
1200 2176 1246 2271 quo
1197 1990 1229 2127 sacra
1178 1752 1226 1947 Deliaca
1176 1381 1229 1704 celebrantur,

1276 2908 1322 3031 ratio
1276 2728 1333 2873 atque
1270 2588 1316 2692 eius
1266 2302 1322 2550 carminis,
1264 2219 1308 2267 in
1278 2088 1323 2180 quo
1260 1861 1307 2055 Siciliae
1258 1625 1303 1826 virtutes
1270 1565 1300 1590 a
1254 1379 1300 1529 choro

1352 2780 1400 3028 Troadum
1349 2694 1409 2756 (v.
1350 2579 1395 2674 200
1348 2399 1407 2555 seqq.)
1340 2011 1405 2363 praedicantur.
1338 1664 1396 1941 Utrumque
1332 1378 1380 1642 Athenien-

1433 2905 1478 3030 sium
1428 2673 1491 2853 populo
1427 2461 1472 2624 datum
1438 2307 1470 2415 esse
1434 2059 1466 2262 necesse
1424 1905 1473 2007 est,
1416 1678 1477 1855 quippe
1427 1487 1473 1631 quum
1408 1376 1454 1439 ad

1511 2726 1557 3026 Graecorum
1505 2414 1568 2689 principes,
1518 2342 1546 2366 a
1498 2130 1559 2304 quibus
1495 1874 1541 2084 feminae
1492 1603 1553 1823 captivae
1491 1373 1536 1569 domum

1588 2640 1642 3018 abducebantur,
1599 2449 1631 2611 earum
1578 2166 1626 2423 insularum
1579 1970 1621 2138 neutra
1571 1684 1633 1942 quidquam
1568 1371 1631 1652 pertineret.

1665 2807 1711 2895 Illo
1669 2536 1725 2756 tempore
1671 2198 1721 2489 magnopere
1653 2010 1701 2163 Cleon
1652 1922 1698 1969 in
1649 1630 1712 1877 republica
1646 1370 1703 1595 florebat,

1745 2820 1793 3023 Periclis
1744 2590 1804 2784 quidem
1740 2315 1795 2554 imitator,
1733 2190 1780 2277 sed
1732 1951 1779 2155 multum
1729 1871 1774 1913 ei
1726 1646 1789 1837 ingenio
1724 1369 1772 1613 moribus-

1840 2926 1886 3021 que
1822 2628 1869 2889 dissimilis.
1818 2482 1865 2558 Ad
1814 2304 1862 2447 huius
1810 1995 1872 2267 exemplum
1806 1776 1869 1968 Ulyssis
1820 1486 1868 1741 personam
1818 1365 1849 1450 ex-

1918 2801 1966 3019 pressam
1915 2655 1947 2764 esse
1895 2421 1961 2609 pridem
1892 1989 1939 2372 animadversum
1890 1848 1945 1951 est,
1889 1745 1931 1794 et
1884 1462 1947 1699 imprimis
1882 1367 1929 1427 ad

1981 2878 2029 3016 illum
1981 2659 2028 2842 directa
1991 2511 2023 2622 esse
1973 2256 2020 2477 videntur
1969 2043 2032 2222 probra
1966 1930 2013 2009 illa
1963 1828 2026 1894 (v.
1963 1628 2026 1789 129.):

2052 2471 2067 2485 ,-

2084 2825 2093 2890 -
2085 2697 2092 2761 —-
2082 2567 2090 2629 -—
2071 2472 2102 2498 ο
2047 2057 2111 2435 ποικιλόφρων,

2136 2723 2197 2889 κόπις,
2132 2410 2201 2687 ήδυλόγος,
2124 1978 2193 2371 δημοχαριστής,

2221 2964 2264 3015 et
2232 2887 2267 2932 v.
2220 2754 2264 2849 251
2232 2550 2277 2717 seqq.:

2295 2603 2360 2884 άχάριστον
2291 2420 2355 2570 ὑμῶν
2288 2185 2352 2385 σπέρμ’,
2286 2034 2335 2148 ὅσοι
2282 1664 2347 2000 δημηγόρους

2378 2670 2439 2884 ζηλοῦτε
2372 2460 2434 2637 τιμάς·
2368 2294 2433 2423 μηδὲ
2360 1881 2431 2258 γι-γνώσκοισθὲ
2379 1740 2427 1847 μοι,

2456 2833 2505 2884 οἳ
2446 2675 2511 2802 τοὺς
2451 2454 2516 2640 φίλους
2448 2104 2511 2417 βλάπτοντες
2445 2006 2494 2069 οὐ
2442 1656 2508 1970 φροντίζετε,

2534 2818 2601 2886 ἢν
2536 2650 2583 2785 τοῖσι
2532 2406 2587 2618 πολλοῖς
2528 2242 2590 2371 πρὸς
2525 2057 2591 2207 χάριν
2520 1849 2588 2023 λέγητε
2539 1751 2584 1815 τι,

2617 2829 2680 3008 quibus
2612 2556 2661 2778 conferas
2609 2200 2671 2507 Thucydidis
2607 2005 2653 2151 verba
2606 1894 2651 1955 de
2604 1667 2650 1850 Cleone
2602 1492 2650 1621 dicta
2601 1347 2663 1456 (lv,

2694 2872 2757 3009 22.):
2689 2703 2757 2836 ἀνὴρ
2687 2362 2753 2673 δημαγωγὸς
2686 2227 2736 2337 κατ’
2683 1999 2734 2199 ἐκεῖνον
2682 1874 2731 1968 τὸν
2682 1656 2746 1850 χρόνον
2678 1554 2730 1627 ὣν
2678 1442 2731 1529 καὶ
2680 1346 2749 1418 τῷ

2774 2821 2839 3009 πλήθει
2770 2412 2826 2789 πιθανώτατος.
2769 2300 2815 2344 ls
2768 2086 2828 2264 igitur,
2764 1799 2827 2050 Spartanis
2778 1598 2826 1765 pacem
2762 1342 2825 1562 petenti-

2855 2917 2902 3008 bus
2890 2881 2912 2896 ,
2852 2598 2918 2833 populum
2851 2502 2896 2562 ad
2847 2167 2909 2467 iniquissima
2844 1844 2907 2133 postulanda
2842 1565 2905 1811 instigavit
2841 1342 2888 1530 effecit-

2949 2893 2995 3005 que,
2938 2803 2980 2858 ut
2932 2596 2979 2777 infecta
2945 2518 2976 2573 re
2927 2140 2973 2497 dimitterentur
2922 1956 2985 2119 legati,
2921 1782 2968 1919 cuius
2922 1685 2968 1758 rei
2920 1496 2983 1658 paullo
2923 1340 2983 1454 post

3011 2677 3061 3005 Athenienses
3006 2390 3071 2643 poenituit.
3004 2227 3064 2320 Qui
3008 2018 3065 2191 quanto
3001 1845 3048 1982 bonis
3001 1696 3047 1807 odio
3000 1490 3057 1662 fuerit,
2997 1338 3045 1454 inde

3090 2698 3149 3003 intelligitur,
3086 2534 3148 2663 quod
3086 2354 3131 2498 etiam
3082 2131 3128 2317 cladem
3081 1968 3138 2095 illos,
3080 1892 3126 1933 si
3078 1712 3125 1859 modo
3078 1493 3125 1677 Cleone
3077 1339 3125 1463 libe—

3172 2751 3226 3001 rarentur,
3182 2606 3212 2701 nou
3179 2416 3226 2562 aegre
3162 2185 3207 2367 laturos
3158 1977 3205 2134 fuisse
3156 1614 3218 1933 Thucydides
3156 1337 3203 1564 affirmat.

3247 2851 3295 3000 Tales
3245 2591 3292 2816 homines
3248 2328 3303 2556 tanquam
3239 2167 3286 2282 belli
3238 1990 3284 2125 faces
3251 1833 3285 1943 cum
3235 1623 3281 1798 Paride
3249 1337 3298 1587 compara-

3328 2913 3375 2998 bat
3330 2683 3374 2867 noster.
3322 2531 3371 2606 Ad
3320 2176 3367 2473 calamitates
3323 1954 3365 2117 autem
3315 1780 3364 1900 belli
3312 1334 3377 1732 Peloponnesiaci

3403 2724 3469 2996 respiciens
3402 2505 3449 2688 haecce
3400 2352 3446 2468 dicit
3414 2274 3447 2317 v.
3399 2109 3443 2237 641:

3480 2699 3531 2863 στένει
3478 2610 3530 2665 δὲ
3477 2488 3530 2575 καί
3495 2378 3535 2452 τις
3474 2208 3539 2342 άμφὶ
3475 2082 3524 2174 τὸν
3476 1855 3537 2046 εὔροον
3470 1560 3536 1820 Εὐρώταν

3562 2624 3612 2866 Λάκαινα
3558 2190 3620 2589 πολυδάκρυτος
3554 2100 3605 2155 ἐν
3555 1882 3619 2065 δόμοις
3553 1691 3616 1849 κόρα·

3640 2708 3692 2865 πολιὰ
3639 2616 3690 2672 δὲ
3643 2418 3702 2583 κρᾶτα
3637 2215 3702 2382 μάτηρ

3721 2667 3772 2863 τέκνων
3719 2354 3769 2633 θανόντων
3716 2041 3779 2317 ὁρύπτεται
3712 1775 3776 2007 παρειάν.

3803 2609 3865 2863 Diagoram
3802 2360 3849 2567 Melium
3815 2266 3846 2323 eo
3800 2029 3845 2225 demum
3811 1844 3855 1996 anno,
3808 1707 3857 1801 quo
3789 1328 3853 1672 Aristophanis

3884 2854 3932 2982 Aves
3890 2677 3930 2817 actae
3888 2504 3939 2641 sunt,
3884 2383 3926 2465 aut
3894 2264 3935 2349 eo,
3878 2144 3939 2227 qui
3876 1815 3939 2108 praecessit,
3872 1689 3922 1767 Ol.
3873 1558 3927 1653 91,
3871 1456 3928 1519 L,
3869 1328 3915 1420 im—

3963 2790 4025 2986 pietatis
3967 2475 4009 2753 accusatum
3958 2236 4007 2439 Athenis
3957 2002 4019 2187 fugisse
3955 1724 4003 1967 Diodorus
3950 1487 3998 1680 Siculus
3946 1325 4006 1453 Xffl,

4045 2937 4091 2985 6.
4047 2851 4088 2899 et
4041 2550 4104 2805 Aristoph.
4040 2405 4087 2494 Av.
4039 2214 4086 2357 1072.
4036 1882 4092 2167 ostendunt3
4031 1539 4079 1834 diffamatam
4030 1324 4073 1487 autem

4120 2679 4182 2982 impietatem
4119 2425 4167 2634 hominis
4117 2285 4163 2380 iam
4132 2174 4163 2233 eo
4120 1907 4178 2130 tempore
4112 1682 4166 1863 fuisse,
4122 1540 4169 1634 quo
4104 1324 4153 1492 Nubes

4199 2629 4261 2980 Aristophanes
4198 2392 4259 2584 docuit,
4196 2244 4245 2358 inde
4194 1897 4258 2212 intelligitur,
4190 1718 4256 1849 quod
4189 1622 4238 1672 in
4203 1518 4235 1575 ea
4183 1322 4232 1486 fabula
