5010 3336
3915 2167 3976 2289 540

3771 1390 3836 1650 Licymnio
3769 1694 3833 1971 Apollinem
3758 2020 3829 2358 Liberumque
3770 2393 3805 2545 unum
3750 2581 3818 2893 eundemque
3759 2926 3811 3073 deum

3707 1389 3738 1503 esse
3691 1539 3753 1821 significans
3700 1859 3748 2059 scribit:

3623 1523 3676 1748 δέσποτα
3604 1768 3670 2068 φιλόδαφνε
3598 2098 3664 2296 Βάκχε,
3609 2334 3661 2515 Παιὰν
3603 2536 3665 2804 ’Ἄπολλον
3586 2836 3650 3072 εὔλυρε.”

3544 1517 3593 1658 Haec
3542 1695 3589 1800 sine
3539 1836 3588 1987 dubio
3537 2023 3568 2083 ex
3534 2119 3582 2259 chori
3516 2295 3575 2541 carmine,
3512 2592 3573 2724 quod
3508 2769 3565 2884 post
3519 2919 3566 3074 nuntii

3462 1386 3510 1716 narrationem
3461 1755 3502 1803 et
3457 1837 3508 2047 lamenta
3452 2085 3503 2351 Alcmenae
3433 2386 3497 2730 interpositum
3429 2769 3490 2876 suit,
3425 2911 3487 3071 petita

3384 1384 3427 1515 sunt.
3380 1585 3430 1776 Eodem
3378 1813 3426 1978 refero
3359 2028 3423 2267 Hesychii
3369 2312 3418 2518 lemma:
3348 2554 3413 2899 θριαζειν,
3345 2938 3404 3071 φυλ-

3287 1382 3349 1640 λολογεῖν,
3283 1678 3353 1995 ἐνθουσιὰν,
3278 2033 3348 2423 ένθουσιοέζειν,
3266 2460 3336 2759 Εὐριπίδης
3261 2778 3328 3069 Λικυμνίῳ.

3220 1382 3268 1460 Ad
3203 1498 3266 1911 consolationem,
3200 1960 3246 2054 qua
3210 2103 3259 2282 chorus
3206 2333 3256 2554 dolorem
3199 2590 3249 2810 mulieris
3181 2845 3245 3071 mitigare

3128 1382 3187 1595 studuit„
3137 1632 3186 1818 haecce
3121 1852 3182 2127 pertinent:

3058 1524 3115 1632 ἀλλ’
3057 1667 3112 1724 εὖ
3041 1762 3108 1943 φέρειν
3038 1979 3106 2077 χρὴ
3034 2114 3098 2396 συμφορὰς
3043 2430 3095 2525 τὸν
3021 2560 3091 2765 εὐγενῆ.

2977 1377 3026 1562 Merito
2977 1598 3019 1760 autem
2959 1798 3022 2110 affligebatur
2954 2146 3017 2407 Alcmena,
2961 2455 3011 2614 fratre
2943 2668 3004 2857 privata
2956 2906 3000 2958 et
2955 3006 3003 3066 ab

2897 1376 2946 1606 Herculis
2880 1657 2943 1811 ipsius
2893 1860 2942 2027 liberis
2876 2076 2936 2297 prodita,
2886 2349 2927 2401 ut
2879 2436 2929 2706 mirandum
2878 2742 2909 2838 non
2864 2875 2923 2966 sit,
2875 3021 2923 3065 si

2800 1377 2865 1723 desperatione
2814 1760 2861 1819 ad
2813 1855 2859 2041 atrocia
2809 2077 2858 2286 (licenda
2789 2323 2850 2575 compulsa
2799 2614 2839 2718 est:
2795 2757 2843 2939 etenim

2735 1504 2786 1564 τὸ
2717 1598 2780 1691 τῆς
2716 1725 2783 1959 ἀνάγκης
2731 1994 2780 2058 οὐ
2713 2093 2779 2290 λέγειν,
2723 2329 2775 2460 ὅσον
2705 2497 2770 2675 ζυγόν.

2653 1374 2703 1673 Exsecranti
2635 1720 2701 2070 Tlepolemum
2644 2129 2693 2311 chorus
2624 2374 2689 2703 adstipulatus
2636 2764 2669 2877 esse
2632 2925 2682 3064 vide-

2572 1374 2617 1484 tur:

2476 1501 2541 1718 θάρσει·
2473 1753 2545 1858 τάχ’
2487 1896 2539 1962 ἂν
2471 1996 2538 2231 γένοιτο·
2480 2269 2531 2438 πολλά
2477 2473 2510 2555 τοι
2466 2589 2525 2715 θεὸς

2409 1501 2459 1603 κοξκ
2409 1639 2457 1745 τῶν
2406 1782 2459 2021 ἀέλπτων
2389 2056 2450 2238 εὔπορ’
2384 2276 2450 2586 ἀνθρώποις
2379 2619 2444 2838 τελεῖ*).

2327 1503 2377 1753 Reversus
2308 1791 2374 2115 Tlepolemus
2318 2152 2361 2416 accusatus
2316 2454 2357 2529 est
2298 2567 2345 2889 caussamque
2308 2924 2358 3061 dixit.

2247 1366 2295 1641 Accusator
2245 1690 2293 1847 fuisse
2243 1895 2291 2029 idem
2239 2072 2289 2289 famulus
2237 2339 2284 2419 vel
2233 2471 2280 2670 satelles
2216 2720 2279 3063 (θεραπεύων

2166 1367 2213 1427 ab
2151 1477 2214 1781 Apollodoro
2147 1828 2212 2014 dictus)
2147 2077 2207 2297 videtur,
2143 2353 2189 2497 quem
2138 2557 2193 2821 percutere
2131 2875 2196 3062 Tlepo—

2088 1366 2134 1524 lemus
2086 1574 2133 1744 volens
2085 1795 2115 1906 cum
2067 1960 2130 2220 Licymnio
2064 2284 2117 2671 permutaverat.
2070 2754 2117 2877 Eius
2069 2930 2114 3059 enim

2006 1365 2053 1513 verba
2007 1550 2054 1675 haec
2005 1711 2047 1847 sunt:

1927 1498 1978 1578 οέεὶ
1926 1613 1980 1660 δ’
1909 1693 1976 1932 ἀρέσκειν
1912 1966 1969 2078 τοῖς
1907 2112 1963 2391 κρατοῦσι·
1914 2429 1960 2598 ταῦτα
1898 2632 1963 2735 γὰρ

1834 1495 1896 1709 δούλοις
1829 1744 1891 1961 ἄριστα,
1827 1997 1894 2119 κάφ’
1821 2160 1889 2263 ὅτῳ
1819 2298 1884 2614 τεταγμένος

1748 1489 1813 1567 εἴη
1750 1602 1796 1707 τις,
1760 1744 1813 2049 ἁνδάνοντα
1744 2084 1808 2363 δεσπόταις
1751 2398 1798 2583 ποιεῖν.

1672 1362 1735 1645 Orationis,
1666 1696 1713 1790 qua
1663 1837 1728 2160 Tlepolemus
1674 2208 1706 2328 usus
1658 2377 1713 2485 est,
1670 2538 1719 2796 exordium
1668 2834 1713 3057 servatur

1604 1362 1654 1488 hoc:

1520 1493 1571 1523 ὁ
1504 1558 1570 1757 φόβος,
1518 1796 1569 1927 ὅταν
1507 1960 1549 2037 τις
1499 2074 1565 2316 σώματος
1494 2351 1562 2510 μέλλῃ
1494 2546 1561 2666 πέρι

1425 1489 1490 1690 λέγειν,
1425 1725 1487 1989 καταστὰς
1424 2025 1485 2096 εἰς
1418 2132 1487 2289 ἀγῶν’
1418 2326 1483 2588 ἐναντίον,

1357 1490 1407 1550 τό
1357 1586 1390 1639 τε
1339 1680 1412 1820 στόμ’
1344 1859 1404 1930 εἰς
1336 1966 1406 2211 ἔκπληξιν
1334 2245 1400 2553 ἀνθρώπων
1333 2588 1394 2703 ἄγει

1275 1489 1324 1583 τὸν
1274 1616 1321 1756 νοῦν
1273 1789 1330 1826 τ’
1256 1865 1322 2102 ἀπείργει
1253 2137 1320 2208 μὴ
1251 2244 1319 2415 λέγειν
1265 2449 1313 2482 ἃ
1252 2518 1315 2777 βούλεται.

1175 1488 1243 1560 τῷ
1180 1595 1246 1693 μὲν
1178 1728 1244 1830 γὰρ
1191 1868 1245 1945 ἔνι
1175 1980 1239 2257 κίνδυνος,
1185 2297 1236 2327 ό
1184 2363 1235 2411 δ’
1176 2447 1234 2628 οέθῶος
1170 2662 1236 2817 μένει.

1100 1490 1164 1635 ὅμως
1113 1671 1163 1718 δ’
1097 1756 1162 1939 οὲγῶνα
1108 1974 1158 2127 τόνδε
1106 2164 1156 2245 δεῖ
1091 2276 1160 2322 μ’
1088 2359 1154 2743 ὑπερδραμεῖν’

1016 1484 1082 1663 ψυχὴν
1016 1698 1082 1799 γὰρ
1028 1837 1086 1979 ἆθλα
1010 2013 1076 2297 τιθεμένην
1006 2333 1075 2463 ἐμὴν
1009 2498 1073 2623 ὁρῶ.

844 1410 898 1459 Λε’)
843 1489 898 1632 Vulgo
854 1670 898 1815 πολλὰ
842 1859 890 1956 τοῖς
841 1998 891 2200 θεοῖς-
848 2226 893 2362 πέλει.
850 2422 892 2640 Lobeckii
848 2691 891 3045 emendationem

785 1496 829 1670 admisi.
