5010 3336
1200 2735 1265 3029 persecutus
1207 2540 1255 2700 neque
1193 2306 1253 2506 pontum
1201 2112 1247 2269 neque
1188 1898 1231 2078 terram
1178 1745 1227 1864 (licit
1173 1523 1224 1715 feminis
1170 1364 1234 1502 quid-

1316 3263 1321 3269 ι
1295 2881 1343 3023 quam
1277 2648 1338 2844 gignere
1272 2400 1318 2611 atrocius
1269 2296 1329 2361 ²²².)

1364 3320 1367 3327 ’
1358 3262 1401 3280 ’ἰ
1355 2738 1403 2893 Facili
1352 2510 1416 2705 negotio
1350 2416 1395 2474 ab
1342 2163 1394 2371 Hecuba
1338 1916 1403 2129 speciosi
1339 1602 1401 1885 praetextus
1332 1357 1382 1567 barbaro

1453 3262 1483 3328 *·ἰιε·
1437 2675 1491 3025 detrahuntur,
1443 2348 1489 2631 meramque
1422 2194 1470 2298 auri
1420 1886 1467 2159 aviditatem
1417 1615 1478 1837 improbo
1428 1355 1460 1579 caussam

1519 3261 1574 3328 *Pii
1534 3174 1539 3175 ¹
1517 2870 1564 3027 fuisse
1512 2620 1560 2821 sceleris
1506 2351 1573 2575 patrandi
1500 1990 1550 2291 ostenditur:
1497 1710 1543 1939 debuisse
1495 1533 1543 1662 enim
1508 1355 1548 1488 eum,

1605 3262 1640 3318 lta.-
1596 2981 1642 3023 si
1594 2640 1640 2942 Graecorum
1606 2502 1636 2604 rem
1586 2229 1633 2451 adiuvare
1578 2023 1636 2195 vellet,
1594 1950 1623 1976 a
1575 1632 1622 1916 florentibus
1572 1353 1630 1598 Troianis,

1690 2930 1722 3025 non
1690 2869 1719 2894 a
1668 2371 1722 2833 succumbentibus,
1660 2031 1716 2335 desciscere3
1657 1763 1703 1995 debuisse
1670 1560 1702 1729 aurum
1653 1352 1700 1526 subre-

1774 3261 1803 3326 -ute
1759 2883 1816 3022 ptum
1751 2654 1799 2858 Graecis
1750 2494 1810 2635 longa
1740 2078 1807 2470 peregrinatione
1736 1726 1785 2052 laborantibus
1734 1472 1791 1699 reddere,
1745 1351 1778 1448 non

1848 3262 1883 3326 1.1
1875 3172 1880 3173 ,
1834 2974 1879 3021 in
1848 2797 1879 2936 suam
1832 2565 1878 2762 domum
1824 2287 1872 2528 conferre.
1818 2085 1866 2217 Nihil
1818 1889 1879 2035 igitur
1816 1615 1877 1846 impetrat
1811 1348 1874 1570 perfidus

1954 3330 1957 3331 ¹
1921 3264 1963 3307 tm-
1914 2959 1959 3018 ab
1913 2576 1973 2940 Agamemnone
1909 2354 1969 2548 praeter
1900 2082 1957 2336 monitum,
1903 1988 1955 2055 ut,
1896 1728 1959 1949 quoniam
1891 1499 1955 1701 patrarit
1904 1348 1951 1470 quae

2011 3262 2048 3333 1111.
2007 2923 2039 3019 11011
1992 2727 2045 2885 liceat,
1986 2511 2034 2691 toleret
1998 2351 2044 2475 quae
1996 2222 2027 2316 non
1978 2010 2031 2185 libeat,
1991 1847 2037 1972 quae
1972 1573 2020 1813 sententia
1976 1346 2017 1538 contra-

2095 3262 2128 3333 trum,
2111 3170 2115 3171 ,
2072 2949 2116 3017 ria
2075 2839 2116 2915 est
2068 2713 2114 2806 illi:
2062 2648 2113 2676 ὅ
2080 2574 2113 2623 τι
2058 2376 2112 2539 καλὸν
2058 2182 2123 2340 φίλον
2054 2030 2117 2145 αἰεί,
2056 1722 2103 1995 honesta
2051 1468 2099 1685 eadem
2048 1345 2093 1433 iu-

2160 3268 2205 3322 ‹z'tae-
2148 2810 2196 3015 cunda
2152 2599 2205 2775 sunt,
2160 2454 2206 2548 qua
2143 2374 2189 2418 in
2140 2134 2187 2338 Bacchis
2143 1955 2186 2098 utens
2132 1657 2197 1918 Euripides
2131 1498 2179 1623 haec
2126 1344 2177 1465 effa-

2242 3277 2284 3321 ni-
2234 2938 2276 3017 tus
2234 2799 2276 2901 est:

2302 2768 2353 2818 τί
2301 2675 2352 2734 τὸ
2300 2467 2363 2640 σοφὸν
2298 2402 2365 2433 ἢ
2297 2316 2348 2366 τί
2293 2226 2347 2283 τὸ
2294 1978 2346 2191 κάλλιον

2382 2673 2446 2817 παρὰ
2383 2495 2431 2639 θεῶν
2379 2308 2445 2461 γέρας
2375 2218 2427 2273 ἐν
2377 1953 2441 2181 βροτοῖς,

2463 2783 2530 2816 ἢ
2465 2621 2529 2745 χεῖρ’
2460 2452 2524 2585 ὑπὲρ
2463 2170 2523 2415 κορυφᾶς

2578 3168 2627 3170 4
2546 2703 2594 2811 τῶν
2540 2460 2607 2668 ἐχθρῶν
2541 2207 2603 2427 κρείσσω
2534 1914 2601 2170 κατέχειν;

2628 3168 2653 3170 ¹
2623 2786 2674 2814 ὅ
2642 2701 2674 2751 τι
2623 2504 2674 2668 καλὸν
2622 2310 2687 2468 φίλου
2618 2161 2669 2272 αἰεί.

2688 3168 2720 3169 ¹
2707 2719 2754 2883 Unum
2705 2453 2752 2681 solatium
2702 2128 2763 2419 relinquitur
2695 1906 2744 2094 homini
2692 1664 2757 1860 penitus
2705 1517 2737 1627 cum
2688 1335 2737 1482 domo

2773 3168 2821 3169 l
2801 2920 2833 3009 sua
2786 2539 2849 2886 pessumdato,
2782 2371 2845 2501 quod
2787 2284 2827 2334 et
2779 2012 2826 2249 Hecubae
2781 1928 2822 1977 et
2772 1583 2821 1892 Cassandrae
2774 1498 2817 1549 et
2770 1334 2832 1464 Aga-

2897 3276 2925 3321 ,w
2865 2736 2911 3008 memnonis
2865 2466 2910 2700 miserum
2860 2184 2908 2440 interitum
2874 2134 2903 2159 a
2855 1890 2902 2105 Thracio
2853 1649 2915 1859 quodam
2855 1510 2896 1622 vate
2864 1333 2912 1476 prae-

2976 3279 3005 3336 ca.
2945 2819 2992 3008 dictum
2959 2680 2991 2792 esse
2943 2357 2990 2662 recordatur.
2939 2150 2985 2287 Haec
2932 1742 2983 2115 commemorari
2931 1634 2977 1712 lex
2928 1328 2993 1610 tragoediae

3055 3265 3085 3333 Q
3022 2705 3083 3006 Euripideae
3023 2441 3078 2668 iubebat,
3036 2296 3082 2390 qua
3019 2153 3078 2260 lege
3016 1936 3063 2120 nullum
3012 1792 3059 1898 sere
3010 1591 3057 1757 drama
3010 1452 3055 1557 Sine
3008 1329 3054 1417 ali-

3120 3260 3165 3307 Ἰξῑ.
3117 2909 3162 3004 qua
3100 2595 3147 2874 suturarum
3116 2396 3147 2561 rerum
3096 2009 3160 2348 praedictione
3093 1776 3148 1967 finitur-3
3094 1678 3136 1730 et
3088 1328 3150 1633 Polyphemo

3203 3261 3245 3329 ,Ag-3,-
3180 2831 3226 3001 similis
3186 2719 3226 2794 est
3179 2387 3241 2697 Polymestor
3193 2242 3224 2351 cum
3176 2167 3221 2214 in
3174 2022 3219 2128 aliis
3172 1847 3218 1993 rebus
3175 1716 3217 1820 tum
3170 1641 3214 1689 in
3167 1496 3226 1608 hoc,
3164 1328 3227 1459 quod

3259 2822 3307 3003 futuris
3259 2665 3317 2785 eius,
3274 2602 3304 2628 a
3273 2471 3319 2566 quo
3256 2236 3320 2435 punitus
3260 2106 3309 2198 est,
3252 1930 3299 2070 malis
3266 1840 3296 1893 se
3246 1520 3294 1814 consolatur.
3243 1327 3304 1470 Quod

3362 3261 3407 3301 p„
3340 2958 3386 2999 si
3354 2701 3400 2923 quaeras,
3353 2569 3400 2663 quo
3337 2337 3384 2538 consilio
3336 2211 3381 2301 hac
3332 1823 3394 2185 tragoediarum
3326 1579 3374 1796 clausula
3340 1429 3371 1545 usus
3323 1326 3370 1391 sit

3424 2815 3475 3000 noster,
3433 2558 3464 2776 caussam
3418 2185 3477 2520 rationemque
3408 1773 3459 2136 consuetudinis
3407 1465 3453 1727 ostendere
3418 1324 3453 1422 non

3497 2738 3545 2999 admodum
3496 2494 3543 2699 difficile
3501 2369 3544 2458 est.

3576 2722 3623 2866 Nulla
3591 2531 3638 2687 neque
3590 2361 3621 2495 mera
3573 2114 3634 2338 voluptas
3586 1934 3632 2091 neque
3584 1776 3616 1909 mera
3564 1485 3629 1741 aegritudo
3576 1324 3610 1457 mor-

3655 2819 3702 2998 talibus
3672 2755 3702 2782 a
3656 2626 3702 2719 diis
3656 2347 3711 2591 tribuitur„
3652 2011 3708 2309 curantibuS,
3665 1914 3696 1975 ne
3647 1701 3695 1881 laetitia
3645 1524 3692 1665 nimis
3641 1321 3690 1488 exsul-

3738 2888 3782 2995 tent
3751 2731 3783 2854 neve
3733 2389 3796 2695 aegritudine
3732 2219 3779 2361 nimis
3730 1862 3787 2195 afflictentur3
3732 1776 3774 1826 et
3726 1450 3789 1742 plerumque
3722 1320 3769 1415 lae-

3940 3262 3969 3322 T·
3929 2887 3982 2937 ²²)
3929 2763 3971 2857 Non
3929 2568 3971 2715 omisit
3931 2328 3970 2531 veterum
3926 1997 3979 2287 interpretum
3922 1778 3977 1957 quidam
3920 1678 3962 1735 ad
3919 1523 3959 1641 hanc
3918 1319 3957 1493 senten-

4021 3260 4053 3333 ›1:³-
3999 2743 4039 2854 tiam
4000 2460 4041 2713 adscribere
3998 2148 4037 2427 decantatum
3996 1987 4037 2117 illud:
3994 1861 4037 1940 καὶ
3991 1648 4034 1821 ἐκείνου
3987 1523 4043 1607 γὰρ
3985 1466 4040 1492 ἠ
3983 1319 4039 1434 γυνὴ

4066 2589 4124 2848 ἐμοιχεύθη,
4069 2482 4112 2558 καὶ
4064 2306 4121 2450 εὑρών
4065 2109 4120 2273 ἀρτίως
4061 1864 4120 2078 ἀφορμὴν
4061 1727 4115 1843 λέγει
4084 1652 4091 1707 -
4072 1483 4111 1624 neque
4060 1318 4096 1463 reten-

4140 2781 4178 2851 tus
4143 2686 4180 2750 est
4153 2590 4193 2655 eo,
4140 2442 4193 2557 quod
4136 2191 4189 2425 Euripides
4134 2014 4177 2164 statim
4132 1634 4175 1982 criminationem
4129 1516 4182 1611 ipse
4126 1316 4167 1481 refutat

4209 2632 4251 2854 malarum
4210 2301 4261 2605 bonarumque
4218 2040 4247 2272 numerum
4204 1921 4246 2018 fere
4203 1661 4258 1896 aequalem
4212 1539 4241 1635 esse
4194 1315 4239 1517 dicendo.
