5010 3336
3949 2165 4003 2244 18

3796 1494 3849 1694 Tertius
3805 1754 3854 1896 testis
3808 1956 3857 2153 concilii
3810 2211 3858 2273 ad
3797 2318 3862 2618 praetorium
3799 2668 3864 3043 Agamemnonis

3713 1367 3766 1617 convocati
3708 1646 3773 1911 Euripides
3711 1950 3774 2057 ipse
3715 2091 3777 2283 prodit,
3732 2320 3779 2382 ad
3717 2416 3781 2630 priorem
3735 2667 3781 2899 dramatis
3719 2933 3767 3044 par—

3624 1366 3674 1482 tem,
3622 1514 3671 1639 quae
3624 1659 3692 1825 periit,
3630 1853 3695 2142 respiciens,
3650 2180 3696 2295 dum
3651 2319 3700 2525 chorum
3653 2551 3702 2667 facit
3656 2690 3702 2813 haec
3655 2840 3703 3048 Hectori

3554 1367 3604 1697 nuntiantem:

3473 1698 3527 1800 πᾶς
3484 1836 3534 1883 δ’
3471 1920 3540 2339 Ἀγαμεμνονίαν
3475 2375 3542 2607 προςέβοι
3479 2643 3546 2864 στρατὸς

3387 1699 3452 1940 ἐννύχιος
3390 1974 3457 2199 θορύβῳ
3393 2235 3460 2456 σκηνάν,

3320 1701 3373 1829 νέαν
3323 1863 3370 1960 τιν’
3309 1999 3376 2265 ἐφιέμενοι
3314 2301 3379 2467 βάξιν.

3236 1502 3287 1789 Gravissimi
3243 1822 3274 1938 vero
3244 1974 3294 2210 momenti
3231 2234 3293 2573 argumentum
3252 2601 3284 2662 ex
3237 2687 3299 2792 ipsa
3255 2821 3304 3053 dramatis

3155 1372 3198 1543 natura
3143 1589 3206 1831 gignitur:
3147 1879 3210 2063 quippe
3154 2110 3197 2252 cum,
3151 2304 3215 2673 quibuscunque
3173 2720 3219 2814 hoc
3174 2860 3207 3056 carmen

3075 1371 3123 1500 vitiis
3077 1552 3125 1776 laborare
3064 1821 3124 2050 putatur,
3069 2100 3119 2419 quaecunque
3091 2466 3138 2668 crimina
3094 2713 3141 2891 merito
3096 2924 3143 3058 illata

2985 1374 3038 1503 sunt,
2998 1540 3046 1737 dissolvi
2984 1773 3049 1982 possint,
3003 2020 3050 2062 si
2988 2096 3053 2353 prologum
3009 2394 3056 2497 eins
2995 2528 3059 2737 generis,
3014 2776 3061 2913 cuins
3008 2941 3065 3059 dixi,

2898 1375 2964 1698 praemissum
2918 1734 2966 1894 fuisse
2921 1932 2963 2219 statuamus⁸
2927 2278 2975 2417 Ilaec
2929 2444 2978 2668 lustratis
2932 2694 2980 2914 omnibus
2937 2946 2983 3059 dra«

2835 1375 2883 1520 matis
2821 1567 2884 1787 partibus
2839 1838 2887 2035 facilius
2829 2079 2892 2440 intelligentur:
2849 2492 2898 2581 sed
2851 2619 2899 2715 hoc
2853 2750 2900 2915 statim
2856 2952 2903 3062 loco

2739 1376 2798 1582 apparet
2757 1625 2789 1721 non
2759 1757 2807 1944 duabus
2760 1982 2793 2044 ex
2762 2079 2812 2353 actionibus
2767 2387 2816 2605 fabulam
2772 2639 2819 2768 male
2758 2804 2808 3062 coagmen—

2675 1377 2720 1530 tatam
2676 1567 2708 1692 esse.
2664 1763 2726 1937 Neque
2682 1985 2730 2115 enim
2684 2163 2729 2247 aut
2687 2292 2732 2339 in
2689 2375 2737 2577 Dolonis
2675 2615 2740 2952 speculatione
2696 2982 2740 3066 aut

2595 1378 2642 1426 in
2593 1455 2644 1611 Rhesi
2597 1648 2645 1801 caede
2600 1837 2633 2083 summum
2605 2113 2649 2413 momentum
2593 2439 2655 2654 ponitur,
2613 2694 2658 2782 sed
2615 2809 2660 2859 in
2617 2886 2666 3069 Graeci

2509 1379 2561 1627 exercitus
2518 1688 2564 1883 fortuna
2521 1939 2567 2147 duorum
2525 2193 2572 2410 virorum
2531 2468 2577 2653 virtute
2532 2703 2564 2758 ac
2518 2806 2585 3070 prudentia

2428 1382 2479 1546 subito
2435 1583 2479 1788 mutata.
2425 1856 2485 2123 Stuporem
2446 2160 2492 2258 hoc
2447 2292 2494 2422 dicto
2450 2457 2499 2593 iniici
2452 2630 2497 2730 scio
2441 2766 2501 2853 iis,
2439 2890 2503 2973 qui
2458 3006 2508 3069 ad

2335 1385 2400 1600 singulos
2350 1647 2403 1905 homines,
2346 1966 2393 2109 quam
2348 2166 2413 2414 appellant
2352 2460 2404 2722 personam
2357 2769 2423 3068 primariam,

2269 1387 2304 1557 omnes
2274 1593 2322 1805 omnium
2279 1844 2327 2117 dramatum
2267 2152 2325 2320 partes
2287 2356 2337 2579 revocari
2291 2614 2338 2799 debere
2295 2828 2343 3069 arbitran-

2187 1387 2230 1485 tur.
2179 1553 2239 1772 Quorum
2198 1809 2230 2025 errorem
2202 2063 2249 2157 alio
2204 2195 2250 2302 loco
2191 2337 2240 2543 arguere
2210 2581 2260 2838 constitui:
2215 2874 2263 3073 interim

2108 1391 2142 1476 eos
2095 1510 2157 1742 reputare
2107 1778 2164 1950 iubeo,
2104 1989 2168 2274 quibusnam
2126 2311 2168 2533 veterum
2129 2569 2176 2646 vel
2115 2682 2182 2962 praeceptis
2135 2996 2184 3076 vel

2015 1393 2079 1632 exemplis
2034 1660 2081 1792 docti
2037 1818 2082 1963 istam
2023 1988 2088 2267 opinionem
2031 2293 2097 2625 conceperint.
2050 2661 2099 2893 Afflictae
2055 2918 2103 3075 Grae—

1948 1395 1981 1563 corum
1952 1598 1983 1679 res
1954 1717 1996 1767 et
1955 1802 2003 2067 discrimen
1961 2103 2010 2350 exercitus
1966 2386 2014 2607 oratione
1957 2641 2021 2952 imperatoris
1976 3005 2023 3076 sic

1868 1396 1917 1672 declaratae
1866 1721 1917 1887 erant,
1877 1937 1920 1993 ut
1866 2039 1913 2211 magna
1876 2257 1935 2617 sollicitudine,
1876 2663 1923 2838 magna
1895 2887 1943 3077 miseri-

1787 1398 1838 1566 cordia
1793 1616 1841 1762 animi
1798 1808 1843 2127 afficerentur
1804 2177 1846 2225 et
1788 2270 1838 2509 prospere
1810 2556 1857 2735 cedere
1813 2770 1861 3079 duumvirum

1708 1400 1755 1627 conatum
1716 1661 1763 1984 vehementer
1706 2021 1766 2273 cuperent.
1725 2325 1774 2437 Non
1727 2472 1775 2626 caruit
1713 2660 1777 2811 igitur
1733 2844 1780 2969 haec
1735 3004 1783 3080 fa—

1629 1399 1678 1514 bula
1633 1547 1679 1605 iis
1627 1640 1684 1933 virtutibuS‚
1626 1986 1687 2161 quibus
1645 2211 1676 2316 eam
1647 2366 1679 2533 carere
1650 2579 1681 2674 non
1650 2722 1697 2907 debere
1654 2942 1697 3082 recte

1549 1401 1598 1529 dixit
1546 1561 1604 1800 Beckius„
1559 1836 1606 1975 hisce
1562 2013 1604 2151 utens
1565 2187 1612 2379 verbis:
1556 2415 1617 2603 „Modo
1556 2638 1615 2974 argumentum
1576 3010 1623 3081 fa-

1468 1402 1518 1547 bulae
1474 1582 1525 1823 eiusmodi
1466 1859 1525 1951 sit,
1481 1998 1523 2054 ut
1467 2102 1530 2286 capiat,
1479 2338 1534 2586 detineat,
1492 2635 1538 2849 delectet
1478 2882 1538 3084 specta-

1391 1406 1433 1569 torum
1385 1604 1438 1825 mentes,
1399 1873 1441 1925 et
1400 1970 1441 2026 ut
1402 2072 1450 2169 vim
1405 2215 1452 2395 habeat
1409 2441 1455 2491 in
1409 2537 1442 2707 eorum
1413 2743 1460 2931 animos
1415 2966 1463 3084 hos-

1296 1410 1344 1505 que
1314 1541 1346 1650 cum
1317 1698 1363 1759 ad
1319 1809 1369 2199 misericordiam
1325 2241 1367 2344 tum
1328 2392 1375 2453 ad,
1330 2498 1377 2690 virtutis
1323 2726 1364 2967 amorem,
1335 3013 1381 3083 vi-

1232 1408 1279 1588 tiorum
1236 1625 1284 1789 odium
1239 1836 1287 2065 adducat.
1227 2134 1290 2285 igitur
1247 2327 1295 2465 initio
1249 2510 1300 2766 excitanda
1252 2812 1295 2890 est
1254 2931 1300 2979 in
1255 3025 1303 3084 iis

1137 1413 1202 1657 cupiditas
1158 1709 1199 1759 et
1143 1805 1207 1946 quasi
1160 1999 1208 2146 ardor
1164 2204 1214 2357 totius
1169 2415 1215 2489 rei
1153 2548 1220 2947 cognoscendae,
1159 3008 1221 3088 qui

1072 1415 1122 1599 sensim
1072 1647 1125 1824 debet,
1062 1876 1129 2181 procedente
1075 2227 1134 2419 fabula,
1074 2477 1137 2779 aliquantum
1077 2832 1144 3086 restingui,

992 1417 1041 1509 sed
986 1540 1043 1725 satiari,
997 1759 1046 1844 ubi
1000 1876 1048 2042 fabula
1002 2074 1054 2290 finitur.''
993 2358 1055 2532 Neque
993 2573 1059 2798 migravit
1012 2830 1060 2917 has
999 2952 1063 3088 leges

900 1418 964 1705 Euripides,
917 1739 966 1827 sed
919 1856 968 2068 servavit
906 2089 970 2290 optime.
926 2337 973 2415 An
911 2444 976 2607 magni
922 2630 980 2895 exercitus,
919 2928 983 3091 magni

819 1420 884 1761 imperatoris,
820 1794 873 2081 magnorum
842 2113 889 2293 ducum
846 2328 890 2603 extremum
851 2635 900 2901 discrimen
854 2932 901 3091 minus

740 1424 788 1568 quam
741 1601 805 1902 singulorum
759 1937 808 2187 hominum
764 2222 814 2347 mala
752 2381 811 2526 atque
752 2560 819 2775 pericula
772 2809 821 2871 ad
773 2892 808 3090 moven-
