<?xml version="1.0" encoding="UTF-8"?>
<!DOCTYPE html PUBLIC "-//W3C//DTD XHTML 1.0 Transitional//EN"
    "http://www.w3.org/TR/xhtml1/DTD/xhtml1-transitional.dtd">
<html xmlns="http://www.w3.org/1999/xhtml" xml:lang="en" lang="en">
 <head>
  <title>
</title>
<meta http-equiv="Content-Type" content="text/html;charset=utf-8" />
  <meta name='ocr-system' content='tesseract 3.04.00' />
  <meta name='ocr-capabilities' content='ocr_page ocr_carea ocr_par ocr_line ocrx_word'/>
</head>
<body>
  <div class='ocr_page' id='page_1' title='image "./euripidesrestitu00hartuoft_raw_0398.png"; bbox 0 0 5010 3336; ppageno 0'>
   <div class='ocr_carea' id='block_1_1' title="bbox 3831 0 5010 3332">
    <p class='ocr_par' dir='ltr' id='par_1_1' title="bbox 3831 0 5010 3332">
     <span class='ocr_line' id='line_1_1' title="bbox 3831 0 5010 3332; textangle 270"><span class='ocrx_word' id='word_1_1' title='bbox 3831 0 5010 3332; x_wconf 95' lang='lat' dir='ltr'> </span> 
     </span>
    </p>
   </div>
   <div class='ocr_carea' id='block_1_2' title="bbox 3865 2111 3921 2235">
    <p class='ocr_par' dir='ltr' id='par_1_2' title="bbox 3865 2111 3921 2235">
     <span class='ocr_line' id='line_1_2' title="bbox 3865 2111 3921 2235; textangle 270"><span class='ocrx_word' id='word_1_2' title='bbox 3865 2111 3921 2235; x_wconf 77' lang='lat'>380</span> 
     </span>
    </p>
   </div>
   <div class='ocr_carea' id='block_1_3' title="bbox 890 1300 3776 3011">
    <p class='ocr_par' dir='ltr' id='par_1_3' title="bbox 3231 1328 3776 3011">
     <span class='ocr_line' id='line_1_3' title="bbox 3706 1338 3776 3011; textangle 270"><span class='ocrx_word' id='word_1_3' title='bbox 3709 1338 3770 1560; x_wconf 72' lang='lat' dir='ltr'>oportet,</span> <span class='ocrx_word' id='word_1_4' title='bbox 3727 1602 3775 1871; x_wconf 83' lang='lat' dir='ltr'>imitantem</span> <span class='ocrx_word' id='word_1_5' title='bbox 3713 1916 3776 2206; x_wconf 74' lang='lat' dir='ltr'>ii·acundOS‚</span> <span class='ocrx_word' id='word_1_6' title='bbox 3723 2259 3772 2493; x_wconf 80' lang='lat' dir='ltr'>socordes</span> <span class='ocrx_word' id='word_1_7' title='bbox 3722 2546 3765 2594; x_wconf 88' lang='lat' dir='ltr'>et</span> <span class='ocrx_word' id='word_1_8' title='bbox 3706 2628 3767 2709; x_wconf 90' lang='lat' dir='ltr'>qui</span> <span class='ocrx_word' id='word_1_9' title='bbox 3718 2746 3765 2840; x_wconf 86' lang='lat' dir='ltr'>alia</span> <span class='ocrx_word' id='word_1_10' title='bbox 3714 2873 3763 3011; x_wconf 87' lang='lat' dir='ltr'>eius-</span> 
     </span>
     <span class='ocr_line' id='line_1_4' title="bbox 3621 1333 3694 3008; textangle 270"><span class='ocrx_word' id='word_1_11' title='bbox 3645 1333 3692 1466; x_wconf 87' lang='lat' dir='ltr'><strong>modi</strong></span> <span class='ocrx_word' id='word_1_12' title='bbox 3647 1498 3694 1614; x_wconf 88' lang='lat' dir='ltr'>vitia</span> <span class='ocrx_word' id='word_1_13' title='bbox 3647 1649 3694 1696; x_wconf 91' lang='lat' dir='ltr'>in</span> <span class='ocrx_word' id='word_1_14' title='bbox 3645 1731 3694 1950; x_wconf 88' lang='lat' dir='ltr'>moribus</span> <span class='ocrx_word' id='word_1_15' title='bbox 3635 1985 3694 2196; x_wconf 87' lang='lat' dir='ltr'>habent,</span> <span class='ocrx_word' id='word_1_16' title='bbox 3642 2234 3691 2510; x_wconf 87' lang='lat' dir='ltr'>decoros</span> <span class='ocrx_word' id='word_1_17' title='bbox 3621 2548 3692 2828; x_wconf 79' lang='grc' dir='ltr'><strong>(ἐπιεικεῖς)</strong></span> <span class='ocrx_word' id='word_1_18' title='bbox 3634 2865 3683 3008; x_wconf 82' lang='lat' dir='ltr'>effin-</span> 
     </span>
     <span class='ocr_line' id='line_1_5' title="bbox 3542 1331 3614 3010; textangle 270"><span class='ocrx_word' id='word_1_19' title='bbox 3550 1331 3598 1476; x_wconf 82' lang='lat' dir='ltr'>gere,</span> <span class='ocrx_word' id='word_1_20' title='bbox 3551 1526 3614 1670; x_wconf 85' lang='lat' dir='ltr'>quale</span> <span class='ocrx_word' id='word_1_21' title='bbox 3550 1720 3613 1971; x_wconf 84' lang='lat' dir='ltr'>exemplar</span> <span class='ocrx_word' id='word_1_22' title='bbox 3564 2019 3611 2223; x_wconf 84' lang='lat' dir='ltr'>duritiae</span> <span class='ocrx_word' id='word_1_23' title='bbox 3564 2267 3607 2345; x_wconf 83' lang='lat' dir='ltr'>est</span> <span class='ocrx_word' id='word_1_24' title='bbox 3560 2389 3608 2606; x_wconf 85' lang='lat' dir='ltr'>Achilles</span> <span class='ocrx_word' id='word_1_25' title='bbox 3542 2644 3606 2912; x_wconf 81' lang='lat' dir='ltr'>Agathonis</span> <span class='ocrx_word' id='word_1_26' title='bbox 3555 2960 3597 3010; x_wconf 88' lang='lat' dir='ltr'>et</span> 
     </span>
     <span class='ocr_line' id='line_1_6' title="bbox 3460 1330 3535 3007; textangle 270"><span class='ocrx_word' id='word_1_27' title='bbox 3486 1330 3533 1591; x_wconf 74' lang='lat' dir='ltr'>Homeri.”</span> <span class='ocrx_word' id='word_1_28' title='bbox 3486 1666 3535 1798; x_wconf 87' lang='lat' dir='ltr'>Vera</span> <span class='ocrx_word' id='word_1_29' title='bbox 3484 1844 3532 2095; x_wconf 77' lang='lat' dir='ltr'><strong>imitantur</strong></span> <span class='ocrx_word' id='word_1_30' title='bbox 3468 2143 3530 2226; x_wconf 86' lang='lat' dir='ltr'>qui</span> <span class='ocrx_word' id='word_1_31' title='bbox 3482 2260 3525 2508; x_wconf 87' lang='lat' dir='ltr'>certorum</span> <span class='ocrx_word' id='word_1_32' title='bbox 3478 2546 3527 2800; x_wconf 88' lang='lat' dir='ltr'>hominum</span> <span class='ocrx_word' id='word_1_33' title='bbox 3460 2836 3524 3007; x_wconf 82' lang='lat' dir='ltr'>imagi-</span> 
     </span>
     <span class='ocr_line' id='line_1_7' title="bbox 3384 1329 3453 3008; textangle 270"><span class='ocrx_word' id='word_1_34' title='bbox 3405 1329 3437 1416; x_wconf 85' lang='lat' dir='ltr'>nes</span> <span class='ocrx_word' id='word_1_35' title='bbox 3390 1451 3453 1685; x_wconf 83' lang='lat' dir='ltr'>pingunt,</span> <span class='ocrx_word' id='word_1_36' title='bbox 3405 1731 3447 1780; x_wconf 92' lang='lat' dir='ltr'>at</span> <span class='ocrx_word' id='word_1_37' title='bbox 3404 1812 3437 1908; x_wconf 91' lang='lat' dir='ltr'>non</span> <span class='ocrx_word' id='word_1_38' title='bbox 3388 1942 3451 2152; x_wconf 80' lang='lat' dir='ltr'>vulgaria</span> <span class='ocrx_word' id='word_1_39' title='bbox 3403 2187 3450 2263; x_wconf 79' lang='lat' dir='ltr'>vel</span> <span class='ocrx_word' id='word_1_40' title='bbox 3388 2310 3448 2536; x_wconf 79' lang='lat' dir='ltr'>sordida,</span> <span class='ocrx_word' id='word_1_41' title='bbox 3399 2581 3430 2608; x_wconf 87' lang='lat' dir='ltr'>a</span> <span class='ocrx_word' id='word_1_42' title='bbox 3384 2641 3445 2815; x_wconf 90' lang='lat' dir='ltr'>quibus</span> <span class='ocrx_word' id='word_1_43' title='bbox 3394 2845 3440 3008; x_wconf 91' lang='lat' dir='ltr'>tamen</span> 
     </span>
     <span class='ocr_line' id='line_1_8' title="bbox 3309 1328 3373 3007; textangle 270"><span class='ocrx_word' id='word_1_44' title='bbox 3325 1328 3373 1378; x_wconf 92' lang='lat' dir='ltr'>in</span> <span class='ocrx_word' id='word_1_45' title='bbox 3309 1426 3372 1703; x_wconf 86' lang='lat' dir='ltr'>quotidiana</span> <span class='ocrx_word' id='word_1_46' title='bbox 3324 1763 3372 1892; x_wconf 88' lang='lat' dir='ltr'>vitae</span> <span class='ocrx_word' id='word_1_47' title='bbox 3321 1942 3369 2296; x_wconf 89' lang='lat' dir='ltr'>cousuetudine</span> <span class='ocrx_word' id='word_1_48' title='bbox 3318 2342 3367 2587; x_wconf 90' lang='lat' dir='ltr'>neminem</span> <span class='ocrx_word' id='word_1_49' title='bbox 3316 2637 3366 2847; x_wconf 90' lang='lat' dir='ltr'>liberum</span> <span class='ocrx_word' id='word_1_50' title='bbox 3313 2895 3347 3007; x_wconf 88' lang='lat' dir='ltr'>esse</span> 
     </span>
     <span class='ocr_line' id='line_1_9' title="bbox 3231 1329 3295 1815; textangle 270"><span class='ocrx_word' id='word_1_51' title='bbox 3245 1329 3293 1451; x_wconf 80' lang='lat' dir='ltr'><strong>dixit</strong></span> <span class='ocrx_word' id='word_1_52' title='bbox 3243 1487 3293 1725; x_wconf 84' lang='lat' dir='ltr'>Goethius</span> <span class='ocrx_word' id='word_1_53' title='bbox 3231 1746 3295 1815; x_wconf 81' lang='lat'>*).</span> 
     </span>
    </p>

    <p class='ocr_par' dir='ltr' id='par_1_4' title="bbox 1056 1302 3211 3006">
     <span class='ocr_line' id='line_1_10' title="bbox 3140 1456 3211 3005; textangle 270"><span class='ocrx_word' id='word_1_54' title='bbox 3148 1456 3211 1677; x_wconf 77' lang='lat' dir='ltr'>Regibus</span> <span class='ocrx_word' id='word_1_55' title='bbox 3163 1723 3211 1908; x_wconf 91' lang='lat' dir='ltr'>similes</span> <span class='ocrx_word' id='word_1_56' title='bbox 3161 1942 3204 2080; x_wconf 86' lang='lat' dir='ltr'>erant</span> <span class='ocrx_word' id='word_1_57' title='bbox 3146 2114 3208 2308; x_wconf 80' lang='lat' dir='ltr'>heroes,</span> <span class='ocrx_word' id='word_1_58' title='bbox 3141 2343 3204 2508; x_wconf 86' lang='lat' dir='ltr'>itaque</span> <span class='ocrx_word' id='word_1_59' title='bbox 3140 2544 3203 2796; x_wconf 86' lang='lat' dir='ltr'>epopoeiis</span> <span class='ocrx_word' id='word_1_60' title='bbox 3152 2833 3186 3005; x_wconf 83' lang='lat' dir='ltr'>eorum</span> 
     </span>
     <span class='ocr_line' id='line_1_11' title="bbox 3058 1324 3130 3006; textangle 270"><span class='ocrx_word' id='word_1_61' title='bbox 3067 1324 3115 1566; x_wconf 82' lang='lat' dir='ltr'>personae</span> <span class='ocrx_word' id='word_1_62' title='bbox 3071 1602 3130 1981; x_wconf 78' lang='lat' dir='ltr'>conveniebant,</span> <span class='ocrx_word' id='word_1_63' title='bbox 3067 2032 3127 2163; x_wconf 91' lang='lat' dir='ltr'>quod</span> <span class='ocrx_word' id='word_1_64' title='bbox 3063 2209 3110 2417; x_wconf 84' lang='lat' dir='ltr'>poeseos</span> <span class='ocrx_word' id='word_1_65' title='bbox 3062 2452 3108 2605; x_wconf 80' lang='lat' dir='ltr'>genus</span> <span class='ocrx_word' id='word_1_66' title='bbox 3058 2641 3122 2805; x_wconf 90' lang='lat' dir='ltr'>ipsum</span> <span class='ocrx_word' id='word_1_67' title='bbox 3058 2838 3121 3006; x_wconf 85' lang='lat' dir='ltr'>regale</span> 
     </span>
     <span class='ocr_line' id='line_1_12' title="bbox 2986 1326 3050 3005; textangle 270"><span class='ocrx_word' id='word_1_68' title='bbox 3003 1326 3047 1404; x_wconf 85' lang='lat' dir='ltr'>est</span> <span class='ocrx_word' id='word_1_69' title='bbox 3003 1460 3044 1511; x_wconf 89' lang='lat' dir='ltr'>et</span> <span class='ocrx_word' id='word_1_70' title='bbox 3002 1561 3050 1608; x_wconf 90' lang='lat' dir='ltr'>in</span> <span class='ocrx_word' id='word_1_71' title='bbox 2986 1666 3049 1936; x_wconf 83' lang='lat' dir='ltr'><strong>principum</strong></span> <span class='ocrx_word' id='word_1_72' title='bbox 3000 1990 3047 2112; x_wconf 90' lang='lat' dir='ltr'>aulis</span> <span class='ocrx_word' id='word_1_73' title='bbox 2997 2159 3044 2371; x_wconf 81' lang='lat' dir='ltr'><strong>maxime</strong></span> <span class='ocrx_word' id='word_1_74' title='bbox 2995 2421 3043 2687; x_wconf 78' lang='lat' dir='ltr'>colebatur.</span> <span class='ocrx_word' id='word_1_75' title='bbox 2991 2777 3042 3005; x_wconf 87' lang='lat' dir='ltr'>Dramata</span> 
     </span>
     <span class='ocr_line' id='line_1_13' title="bbox 2911 1322 2971 3002; textangle 270"><span class='ocrx_word' id='word_1_76' title='bbox 2924 1322 2971 1429; x_wconf 88' lang='lat' dir='ltr'>sere</span> <span class='ocrx_word' id='word_1_77' title='bbox 2925 1476 2970 1524; x_wconf 90' lang='lat' dir='ltr'>in</span> <span class='ocrx_word' id='word_1_78' title='bbox 2923 1561 2971 1726; x_wconf 89' lang='lat' dir='ltr'>liberis</span> <span class='ocrx_word' id='word_1_79' title='bbox 2920 1776 2969 2052; x_wconf 80' lang='lat' dir='ltr'>civitatibus</span> <span class='ocrx_word' id='word_1_80' title='bbox 2918 2103 2964 2235; x_wconf 89' lang='lat' dir='ltr'>nasci</span> <span class='ocrx_word' id='word_1_81' title='bbox 2916 2273 2965 2430; x_wconf 86' lang='lat' dir='ltr'>solent</span> <span class='ocrx_word' id='word_1_82' title='bbox 2916 2480 2957 2531; x_wconf 91' lang='lat' dir='ltr'>et</span> <span class='ocrx_word' id='word_1_83' title='bbox 2916 2565 2963 2614; x_wconf 90' lang='lat' dir='ltr'>in</span> <span class='ocrx_word' id='word_1_84' title='bbox 2912 2649 2962 2823; x_wconf 88' lang='lat' dir='ltr'>iisdem</span> <span class='ocrx_word' id='word_1_85' title='bbox 2911 2859 2959 3002; x_wconf 86' lang='lat' dir='ltr'>thea-</span> 
     </span>
     <span class='ocr_line' id='line_1_14' title="bbox 2820 1322 2891 3000; textangle 270"><span class='ocrx_word' id='word_1_86' title='bbox 2843 1322 2891 1411; x_wconf 86' lang='lat' dir='ltr'>tris</span> <span class='ocrx_word' id='word_1_87' title='bbox 2843 1460 2891 1710; x_wconf 86' lang='lat' dir='ltr'>domicilia</span> <span class='ocrx_word' id='word_1_88' title='bbox 2828 1756 2888 2019; x_wconf 75' lang='lat' dir='ltr'>collocant,</span> <span class='ocrx_word' id='word_1_89' title='bbox 2839 2077 2887 2127; x_wconf 88' lang='lat' dir='ltr'>iu</span> <span class='ocrx_word' id='word_1_90' title='bbox 2823 2174 2884 2347; x_wconf 89' lang='lat' dir='ltr'>quibus</span> <span class='ocrx_word' id='word_1_91' title='bbox 2820 2395 2882 2687; x_wconf 85' lang='lat' dir='ltr'>populorum</span> <span class='ocrx_word' id='word_1_92' title='bbox 2832 2740 2879 3000; x_wconf 89' lang='lat' dir='ltr'>conciones</span> 
     </span>
     <span class='ocr_line' id='line_1_15' title="bbox 2742 1319 2811 3000; textangle 270"><span class='ocrx_word' id='word_1_93' title='bbox 2762 1319 2811 1581; x_wconf 76' lang='lat' dir='ltr'>habentur.</span> <span class='ocrx_word' id='word_1_94' title='bbox 2762 1642 2809 1789; x_wconf 91' lang='lat' dir='ltr'>Unde</span> <span class='ocrx_word' id='word_1_95' title='bbox 2759 1824 2790 1917; x_wconf 91' lang='lat' dir='ltr'>non</span> <span class='ocrx_word' id='word_1_96' title='bbox 2760 1953 2802 2028; x_wconf 87' lang='lat' dir='ltr'>est</span> <span class='ocrx_word' id='word_1_97' title='bbox 2745 2063 2805 2354; x_wconf 72' lang='lat' dir='ltr'>mirandum,</span> <span class='ocrx_word' id='word_1_98' title='bbox 2742 2393 2802 2522; x_wconf 88' lang='lat' dir='ltr'>quod</span> <span class='ocrx_word' id='word_1_99' title='bbox 2755 2556 2800 2660; x_wconf 83' lang='lat' dir='ltr'>veri</span> <span class='ocrx_word' id='word_1_100' title='bbox 2752 2695 2784 2858; x_wconf 87' lang='lat' dir='ltr'>mores</span> <span class='ocrx_word' id='word_1_101' title='bbox 2751 2893 2782 3000; x_wconf 91' lang='lat' dir='ltr'>mo—</span> 
     </span>
     <span class='ocr_line' id='line_1_16' title="bbox 2656 1319 2730 2999; textangle 270"><span class='ocrx_word' id='word_1_102' title='bbox 2682 1319 2730 1455; x_wconf 89' lang='lat' dir='ltr'>ribus</span> <span class='ocrx_word' id='word_1_103' title='bbox 2682 1503 2729 1707; x_wconf 88' lang='lat' dir='ltr'>heroum</span> <span class='ocrx_word' id='word_1_104' title='bbox 2680 1756 2726 1806; x_wconf 90' lang='lat' dir='ltr'>in</span> <span class='ocrx_word' id='word_1_105' title='bbox 2661 1853 2725 2121; x_wconf 80' lang='lat' dir='ltr'>tragoediis</span> <span class='ocrx_word' id='word_1_106' title='bbox 2676 2172 2723 2402; x_wconf 83' lang='lat' dir='ltr'>substitui</span> <span class='ocrx_word' id='word_1_107' title='bbox 2659 2450 2716 2745; x_wconf 63' lang='lat' dir='ltr'>coeperunt,</span> <span class='ocrx_word' id='word_1_108' title='bbox 2656 2794 2718 2999; x_wconf 85' lang='lat' dir='ltr'>perinde</span> 
     </span>
     <span class='ocr_line' id='line_1_17' title="bbox 2575 1317 2648 3000; textangle 270"><span class='ocrx_word' id='word_1_109' title='bbox 2586 1317 2643 1466; x_wconf 86' lang='lat' dir='ltr'>atque</span> <span class='ocrx_word' id='word_1_110' title='bbox 2603 1500 2648 1544; x_wconf 93' lang='lat' dir='ltr'>in</span> <span class='ocrx_word' id='word_1_111' title='bbox 2585 1581 2646 1895; x_wconf 84' lang='lat' dir='ltr'>patriciorum</span> <span class='ocrx_word' id='word_1_112' title='bbox 2597 1934 2645 2093; x_wconf 89' lang='lat' dir='ltr'>locum</span> <span class='ocrx_word' id='word_1_113' title='bbox 2581 2132 2643 2313; x_wconf 87' lang='lat' dir='ltr'>plebeii</span> <span class='ocrx_word' id='word_1_114' title='bbox 2595 2349 2643 2467; x_wconf 87' lang='lat' dir='ltr'>enisi</span> <span class='ocrx_word' id='word_1_115' title='bbox 2595 2505 2637 2632; x_wconf 86' lang='lat' dir='ltr'>sunt.</span> <span class='ocrx_word' id='word_1_116' title='bbox 2592 2702 2640 2823; x_wconf 84' lang='lat' dir='ltr'>Erat</span> <span class='ocrx_word' id='word_1_117' title='bbox 2575 2850 2638 3000; x_wconf 83' lang='lat' dir='ltr'>igitur</span> 
     </span>
     <span class='ocr_line' id='line_1_18' title="bbox 2496 1315 2568 2998; textangle 270"><span class='ocrx_word' id='word_1_118' title='bbox 2521 1315 2568 1412; x_wconf 89' lang='lat' dir='ltr'>hoc</span> <span class='ocrx_word' id='word_1_119' title='bbox 2506 1448 2552 1639; x_wconf 87' lang='lat' dir='ltr'>quoque</span> <span class='ocrx_word' id='word_1_120' title='bbox 2502 1662 2567 1914; x_wconf 83' lang='lat' dir='ltr'>Euripidis</span> <span class='ocrx_word' id='word_1_121' title='bbox 2515 1950 2564 2226; x_wconf 83' lang='lat' dir='ltr'>institutum</span> <span class='ocrx_word' id='word_1_122' title='bbox 2515 2263 2563 2404; x_wconf 78' lang='lat' dir='ltr'>valde</span> <span class='ocrx_word' id='word_1_123' title='bbox 2499 2440 2561 2674; x_wconf 85' lang='lat' dir='ltr'>populare</span> <span class='ocrx_word' id='word_1_124' title='bbox 2496 2711 2562 2998; x_wconf 76' lang='grc' dir='ltr'>(δημοκρα-</span> 
     </span>
     <span class='ocr_line' id='line_1_19' title="bbox 2417 1316 2489 2997; textangle 270"><span class='ocrx_word' id='word_1_125' title='bbox 2439 1316 2488 1464; x_wconf 81' lang='grc' dir='ltr'><strong><em>τικὸν</em></strong></span> <span class='ocrx_word' id='word_1_126' title='bbox 2423 1498 2489 1598; x_wconf 72' lang='grc' dir='ltr'>γὰρ</span> <span class='ocrx_word' id='word_1_127' title='bbox 2438 1635 2484 1748; x_wconf 74' lang='grc' dir='ltr'>αὔτ’</span> <span class='ocrx_word' id='word_1_128' title='bbox 2422 1785 2489 1971; x_wconf 73' lang='grc' dir='ltr'><em>ἔδρων,</em></span> <span class='ocrx_word' id='word_1_129' title='bbox 2419 2008 2482 2260; x_wconf 86' lang='lat' dir='ltr'>Aristoph.</span> <span class='ocrx_word' id='word_1_130' title='bbox 2434 2288 2482 2409; x_wconf 82' lang='lat' dir='ltr'>Ran.</span> <span class='ocrx_word' id='word_1_131' title='bbox 2420 2435 2479 2588; x_wconf 58' lang='lat'><strong>942).</strong></span> <span class='ocrx_word' id='word_1_132' title='bbox 2417 2660 2479 2833; x_wconf 88' lang='lat' dir='ltr'>Neque</span> <span class='ocrx_word' id='word_1_133' title='bbox 2428 2868 2475 2997; x_wconf 91' lang='lat' dir='ltr'>idem</span> 
     </span>
     <span class='ocr_line' id='line_1_20' title="bbox 2333 1317 2407 2994; textangle 270"><span class='ocrx_word' id='word_1_134' title='bbox 2358 1317 2407 1474; x_wconf 86' lang='lat' dir='ltr'>solum</span> <span class='ocrx_word' id='word_1_135' title='bbox 2358 1516 2389 1628; x_wconf 72' lang='lat' dir='ltr'>vera</span> <span class='ocrx_word' id='word_1_136' title='bbox 2352 1676 2403 1749; x_wconf 82' lang='lat' dir='ltr'>iis,</span> <span class='ocrx_word' id='word_1_137' title='bbox 2341 1800 2386 1921; x_wconf 81' lang='lat' dir='ltr'>quae</span> <span class='ocrx_word' id='word_1_138' title='bbox 2339 1959 2401 2181; x_wconf 83' lang='lat' dir='ltr'>cupimus</span> <span class='ocrx_word' id='word_1_139' title='bbox 2354 2228 2385 2339; x_wconf 81' lang='lat' dir='ltr'>esse</span> <span class='ocrx_word' id='word_1_140' title='bbox 2335 2388 2407 2497; x_wconf 79' lang='grc' dir='ltr'>(οἷα</span> <span class='ocrx_word' id='word_1_141' title='bbox 2351 2545 2402 2622; x_wconf 79' lang='grc' dir='ltr'>δεῖ</span> <span class='ocrx_word' id='word_1_142' title='bbox 2333 2668 2406 2857; x_wconf 74' lang='grc' dir='ltr'>εἶναι),</span> <span class='ocrx_word' id='word_1_143' title='bbox 2347 2907 2395 2994; x_wconf 92' lang='lat' dir='ltr'>sed</span> 
     </span>
     <span class='ocr_line' id='line_1_21' title="bbox 2258 1313 2324 2995; textangle 270"><span class='ocrx_word' id='word_1_144' title='bbox 2263 1313 2324 1593; x_wconf 80' lang='lat' dir='ltr'>praesentia</span> <span class='ocrx_word' id='word_1_145' title='bbox 2260 1668 2308 1861; x_wconf 88' lang='lat' dir='ltr'>quoque</span> <span class='ocrx_word' id='word_1_146' title='bbox 2258 1932 2321 2144; x_wconf 83' lang='lat' dir='ltr'>antiquis</span> <span class='ocrx_word' id='word_1_147' title='bbox 2271 2217 2319 2471; x_wconf 82' lang='lat' dir='ltr'>substituit</span> <span class='ocrx_word' id='word_1_148' title='bbox 2270 2549 2314 2597; x_wconf 85' lang='lat' dir='ltr'>et</span> <span class='ocrx_word' id='word_1_149' title='bbox 2269 2668 2300 2774; x_wconf 87' lang='lat' dir='ltr'>eam</span> <span class='ocrx_word' id='word_1_150' title='bbox 2266 2835 2315 2995; x_wconf 79' lang='lat' dir='ltr'>victus</span> 
     </span>
     <span class='ocr_line' id='line_1_22' title="bbox 2175 1313 2244 2995; textangle 270"><span class='ocrx_word' id='word_1_151' title='bbox 2182 1313 2244 1746; x_wconf 68' lang='lat' dir='ltr'>consuetudinem,</span> <span class='ocrx_word' id='word_1_152' title='bbox 2178 1806 2225 1899; x_wconf 91' lang='lat' dir='ltr'>qua</span> <span class='ocrx_word' id='word_1_153' title='bbox 2177 1941 2240 2095; x_wconf 84' lang='lat' dir='ltr'>ipsius</span> <span class='ocrx_word' id='word_1_154' title='bbox 2192 2152 2235 2316; x_wconf 88' lang='lat' dir='ltr'>aetate</span> <span class='ocrx_word' id='word_1_155' title='bbox 2190 2362 2239 2542; x_wconf 87' lang='lat' dir='ltr'>Graeci</span> <span class='ocrx_word' id='word_1_156' title='bbox 2175 2588 2234 2875; x_wconf 76' lang='lat' dir='ltr'>utebantur,</span> <span class='ocrx_word' id='word_1_157' title='bbox 2187 2934 2235 2995; x_wconf 90' lang='lat' dir='ltr'>ad</span> 
     </span>
     <span class='ocr_line' id='line_1_23' title="bbox 2091 1311 2164 2993; textangle 270"><span class='ocrx_word' id='word_1_158' title='bbox 2100 1311 2164 1503; x_wconf 85' lang='lat' dir='ltr'>priscos</span> <span class='ocrx_word' id='word_1_159' title='bbox 2114 1551 2163 1775; x_wconf 87' lang='lat' dir='ltr'>homines</span> <span class='ocrx_word' id='word_1_160' title='bbox 2100 1820 2160 2094; x_wconf 71' lang='lat' dir='ltr'>transtulit,</span> <span class='ocrx_word' id='word_1_161' title='bbox 2097 2156 2158 2286; x_wconf 91' lang='lat' dir='ltr'>quod</span> <span class='ocrx_word' id='word_1_162' title='bbox 2111 2338 2158 2444; x_wconf 91' lang='lat' dir='ltr'>eius</span> <span class='ocrx_word' id='word_1_163' title='bbox 2108 2496 2157 2774; x_wconf 89' lang='lat' dir='ltr'>institutum</span> <span class='ocrx_word' id='word_1_164' title='bbox 2091 2830 2155 2993; x_wconf 89' lang='lat' dir='ltr'>ipsum</span> 
     </span>
     <span class='ocr_line' id='line_1_24' title="bbox 2012 1311 2083 2991; textangle 270"><span class='ocrx_word' id='word_1_165' title='bbox 2023 1311 2083 1495; x_wconf 88' lang='lat' dir='ltr'>passim</span> <span class='ocrx_word' id='word_1_166' title='bbox 2037 1531 2067 1556; x_wconf 89' lang='lat' dir='ltr'>a</span> <span class='ocrx_word' id='word_1_167' title='bbox 2021 1592 2081 1924; x_wconf 84' lang='lat' dir='ltr'>grammaticis</span> <span class='ocrx_word' id='word_1_168' title='bbox 2033 1959 2076 2180; x_wconf 86' lang='lat' dir='ltr'>notatum</span> <span class='ocrx_word' id='word_1_169' title='bbox 2021 2218 2075 2310; x_wconf 71' lang='lat' dir='ltr'>est,</span> <span class='ocrx_word' id='word_1_170' title='bbox 2031 2346 2078 2478; x_wconf 81' lang='lat' dir='ltr'>velut</span> <span class='ocrx_word' id='word_1_171' title='bbox 2029 2513 2077 2668; x_wconf 87' lang='lat' dir='ltr'>schol.</span> <span class='ocrx_word' id='word_1_172' title='bbox 2012 2707 2076 2858; x_wconf 79' lang='lat' dir='ltr'>Hipp,</span> <span class='ocrx_word' id='word_1_173' title='bbox 2026 2879 2073 2991; x_wconf 84' lang='lat'>230.</span> 
     </span>
     <span class='ocr_line' id='line_1_25' title="bbox 1944 1310 2005 2992; textangle 270"><span class='ocrx_word' id='word_1_174' title='bbox 1957 1310 2005 1447; x_wconf 86' lang='lat' dir='ltr'>Med.</span> <span class='ocrx_word' id='word_1_175' title='bbox 1956 1485 2001 1596; x_wconf 77' lang='lat'><strong>235.</strong></span> <span class='ocrx_word' id='word_1_176' title='bbox 1954 1679 2003 1916; x_wconf 81' lang='lat' dir='ltr'>Veritatis</span> <span class='ocrx_word' id='word_1_177' title='bbox 1953 1952 1995 2111; x_wconf 84' lang='lat' dir='ltr'>autem</span> <span class='ocrx_word' id='word_1_178' title='bbox 1952 2159 1999 2369; x_wconf 86' lang='lat' dir='ltr'>imitatio</span> <span class='ocrx_word' id='word_1_179' title='bbox 1950 2406 1999 2702; x_wconf 85' lang='lat' dir='ltr'>uberrimam</span> <span class='ocrx_word' id='word_1_180' title='bbox 1944 2738 1992 2992; x_wconf 82' lang='lat' dir='ltr'>materiam</span> 
     </span>
     <span class='ocr_line' id='line_1_26' title="bbox 1852 1308 1925 2990; textangle 270"><span class='ocrx_word' id='word_1_181' title='bbox 1878 1308 1925 1370; x_wconf 91' lang='lat' dir='ltr'>ad</span> <span class='ocrx_word' id='word_1_182' title='bbox 1860 1405 1922 1803; x_wconf 83' lang='lat' dir='ltr'>perstringendas</span> <span class='ocrx_word' id='word_1_183' title='bbox 1858 1839 1921 2089; x_wconf 84' lang='lat' dir='ltr'>Euripidis</span> <span class='ocrx_word' id='word_1_184' title='bbox 1871 2128 1920 2316; x_wconf 85' lang='lat' dir='ltr'>fabulas</span> <span class='ocrx_word' id='word_1_185' title='bbox 1870 2352 1919 2489; x_wconf 90' lang='lat' dir='ltr'>dedit</span> <span class='ocrx_word' id='word_1_186' title='bbox 1852 2521 1917 2863; x_wconf 75' lang='lat' dir='ltr'>Aristophani,</span> <span class='ocrx_word' id='word_1_187' title='bbox 1865 2899 1912 2990; x_wconf 87' lang='lat' dir='ltr'>ho-</span> 
     </span>
     <span class='ocr_line' id='line_1_27' title="bbox 1770 1308 1845 2990; textangle 270"><span class='ocrx_word' id='word_1_188' title='bbox 1798 1308 1845 1425; x_wconf 90' lang='lat' dir='ltr'>mini</span> <span class='ocrx_word' id='word_1_189' title='bbox 1795 1462 1841 1686; x_wconf 89' lang='lat' dir='ltr'>omuibus</span> <span class='ocrx_word' id='word_1_190' title='bbox 1796 1722 1842 1797; x_wconf 91' lang='lat' dir='ltr'>sui</span> <span class='ocrx_word' id='word_1_191' title='bbox 1794 1832 1840 2015; x_wconf 89' lang='lat' dir='ltr'>saeculi</span> <span class='ocrx_word' id='word_1_192' title='bbox 1792 2050 1839 2183; x_wconf 80' lang='lat' dir='ltr'>vitiis</span> <span class='ocrx_word' id='word_1_193' title='bbox 1776 2211 1838 2612; x_wconf 90' lang='lat' dir='ltr'>inquinatissimo.</span> <span class='ocrx_word' id='word_1_194' title='bbox 1770 2683 1835 2850; x_wconf 80' lang='lat' dir='ltr'>Longe</span> <span class='ocrx_word' id='word_1_195' title='bbox 1783 2873 1817 2990; x_wconf 87' lang='lat' dir='ltr'>vero</span> 
     </span>
     <span class='ocr_line' id='line_1_28' title="bbox 1692 1308 1762 2990; textangle 270"><span class='ocrx_word' id='word_1_196' title='bbox 1717 1308 1762 1521; x_wconf 87' lang='lat' dir='ltr'>omnium</span> <span class='ocrx_word' id='word_1_197' title='bbox 1699 1575 1762 1882; x_wconf 87' lang='lat' dir='ltr'>ineptissima</span> <span class='ocrx_word' id='word_1_198' title='bbox 1711 1928 1757 2175; x_wconf 88' lang='lat' dir='ltr'>accusatio</span> <span class='ocrx_word' id='word_1_199' title='bbox 1710 2223 1742 2249; x_wconf 94' lang='lat' dir='ltr'>a</span> <span class='ocrx_word' id='word_1_200' title='bbox 1707 2295 1755 2651; x_wconf 89' lang='lat' dir='ltr'>recentioribus</span> <span class='ocrx_word' id='word_1_201' title='bbox 1692 2698 1753 2990; x_wconf 86' lang='lat' dir='ltr'>quibusdam</span> 
     </span>
     <span class='ocr_line' id='line_1_29' title="bbox 1610 1307 1683 2990; textangle 270"><span class='ocrx_word' id='word_1_202' title='bbox 1637 1307 1683 1493; x_wconf 88' lang='lat' dir='ltr'>criticis</span> <span class='ocrx_word' id='word_1_203' title='bbox 1619 1530 1681 1959; x_wconf 74' lang='lat' dir='ltr'>grammaticisque</span> <span class='ocrx_word' id='word_1_204' title='bbox 1631 1995 1680 2124; x_wconf 86' lang='lat' dir='ltr'>facta</span> <span class='ocrx_word' id='word_1_205' title='bbox 1617 2159 1673 2260; x_wconf 73' lang='lat' dir='ltr'>est,</span> <span class='ocrx_word' id='word_1_206' title='bbox 1612 2312 1660 2459; x_wconf 80' lang='lat' dir='ltr'>aegre</span> <span class='ocrx_word' id='word_1_207' title='bbox 1614 2505 1676 2809; x_wconf 73' lang='lat' dir='ltr'>ferentibus,</span> <span class='ocrx_word' id='word_1_208' title='bbox 1610 2857 1671 2990; x_wconf 87' lang='lat' dir='ltr'>quod</span> 
     </span>
     <span class='ocr_line' id='line_1_30' title="bbox 1532 1304 1603 2989; textangle 270"><span class='ocrx_word' id='word_1_209' title='bbox 1556 1304 1603 1354; x_wconf 88' lang='lat' dir='ltr'>in</span> <span class='ocrx_word' id='word_1_210' title='bbox 1554 1402 1603 1761; x_wconf 75' lang='lat' dir='ltr'>conformandis</span> <span class='ocrx_word' id='word_1_211' title='bbox 1552 1806 1601 1987; x_wconf 83' lang='lat' dir='ltr'>fabulis</span> <span class='ocrx_word' id='word_1_212' title='bbox 1550 2046 1592 2213; x_wconf 89' lang='lat' dir='ltr'>noster</span> <span class='ocrx_word' id='word_1_213' title='bbox 1549 2258 1596 2317; x_wconf 91' lang='lat' dir='ltr'>ab</span> <span class='ocrx_word' id='word_1_214' title='bbox 1532 2369 1594 2695; x_wconf 87' lang='lat' dir='ltr'>antiquiorum</span> <span class='ocrx_word' id='word_1_215' title='bbox 1543 2754 1591 2989; x_wconf 88' lang='lat' dir='ltr'>memoria</span> 
     </span>
     <span class='ocr_line' id='line_1_31' title="bbox 1458 1305 1521 2988; textangle 270"><span class='ocrx_word' id='word_1_216' title='bbox 1460 1305 1521 1485; x_wconf 85' lang='lat' dir='ltr'>passim</span> <span class='ocrx_word' id='word_1_217' title='bbox 1473 1522 1520 1831; x_wconf 85' lang='lat' dir='ltr'>recessisset.</span> <span class='ocrx_word' id='word_1_218' title='bbox 1459 1914 1519 2065; x_wconf 73' lang='lat' dir='ltr'>Quasi</span> <span class='ocrx_word' id='word_1_219' title='bbox 1458 2102 1519 2402; x_wconf 86' lang='lat' dir='ltr'>antiquitatis</span> <span class='ocrx_word' id='word_1_220' title='bbox 1466 2439 1515 2726; x_wconf 86' lang='lat' dir='ltr'>memoriam</span> <span class='ocrx_word' id='word_1_221' title='bbox 1464 2761 1513 2988; x_wconf 81' lang='lat' dir='ltr'>immuta-</span> 
     </span>
     <span class='ocr_line' id='line_1_32' title="bbox 1370 1304 1440 2987; textangle 270"><span class='ocrx_word' id='word_1_222' title='bbox 1395 1304 1436 1404; x_wconf 89' lang='lat' dir='ltr'>tam</span> <span class='ocrx_word' id='word_1_223' title='bbox 1394 1441 1425 1636; x_wconf 81' lang='lat' dir='ltr'>servare</span> <span class='ocrx_word' id='word_1_224' title='bbox 1393 1686 1440 1904; x_wconf 80' lang='lat' dir='ltr'>officium</span> <span class='ocrx_word' id='word_1_225' title='bbox 1391 1954 1439 2020; x_wconf 89' lang='lat' dir='ltr'>sit</span> <span class='ocrx_word' id='word_1_226' title='bbox 1376 2053 1439 2262; x_wconf 90' lang='lat' dir='ltr'>poetae!</span> <span class='ocrx_word' id='word_1_227' title='bbox 1390 2347 1438 2422; x_wconf 92' lang='lat' dir='ltr'>Ab</span> <span class='ocrx_word' id='word_1_228' title='bbox 1387 2467 1437 2734; x_wconf 86' lang='lat' dir='ltr'>Aristotele</span> <span class='ocrx_word' id='word_1_229' title='bbox 1370 2787 1431 2987; x_wconf 92' lang='lat' dir='ltr'>quidem</span> 
     </span>
     <span class='ocr_line' id='line_1_33' title="bbox 1289 1303 1363 2987; textangle 270"><span class='ocrx_word' id='word_1_230' title='bbox 1314 1303 1363 1431; x_wconf 90' lang='lat' dir='ltr'>hanc</span> <span class='ocrx_word' id='word_1_231' title='bbox 1314 1466 1360 1705; x_wconf 83' lang='lat' dir='ltr'>rationem</span> <span class='ocrx_word' id='word_1_232' title='bbox 1313 1741 1359 1788; x_wconf 87' lang='lat' dir='ltr'>in</span> <span class='ocrx_word' id='word_1_233' title='bbox 1312 1824 1360 1968; x_wconf 88' lang='lat' dir='ltr'>laude</span> <span class='ocrx_word' id='word_1_234' title='bbox 1296 2018 1358 2135; x_wconf 85' lang='lat' dir='ltr'>poni</span> <span class='ocrx_word' id='word_1_235' title='bbox 1311 2170 1359 2316; x_wconf 85' lang='lat' dir='ltr'>facile</span> <span class='ocrx_word' id='word_1_236' title='bbox 1292 2341 1358 2631; x_wconf 79' lang='lat' dir='ltr'>intelligitur</span> <span class='ocrx_word' id='word_1_237' title='bbox 1292 2664 1352 2824; x_wconf 80' lang='lat' dir='ltr'>exiis,</span> <span class='ocrx_word' id='word_1_238' title='bbox 1289 2862 1336 2987; x_wconf 86' lang='lat' dir='ltr'>quae</span> 
     </span>
     <span class='ocr_line' id='line_1_34' title="bbox 1210 1305 1281 2985; textangle 270"><span class='ocrx_word' id='word_1_239' title='bbox 1234 1305 1281 1366; x_wconf 87' lang='lat' dir='ltr'>ab</span> <span class='ocrx_word' id='word_1_240' title='bbox 1234 1417 1266 1475; x_wconf 88' lang='lat' dir='ltr'>eo</span> <span class='ocrx_word' id='word_1_241' title='bbox 1217 1514 1281 1855; x_wconf 81' lang='lat' dir='ltr'>disputata—in</span> <span class='ocrx_word' id='word_1_242' title='bbox 1231 1888 1279 2101; x_wconf 92' lang='lat' dir='ltr'>medium</span> <span class='ocrx_word' id='word_1_243' title='bbox 1215 2149 1278 2467; x_wconf 81' lang='lat' dir='ltr'>protulimus3</span> <span class='ocrx_word' id='word_1_244' title='bbox 1213 2520 1274 2632; x_wconf 87' lang='lat' dir='ltr'>quin</span> <span class='ocrx_word' id='word_1_245' title='bbox 1226 2669 1273 2815; x_wconf 91' lang='lat' dir='ltr'>etiam</span> <span class='ocrx_word' id='word_1_246' title='bbox 1210 2851 1271 2985; x_wconf 82' lang='lat' dir='ltr'>Aga-</span> 
     </span>
     <span class='ocr_line' id='line_1_35' title="bbox 1129 1303 1202 2984; textangle 270"><span class='ocrx_word' id='word_1_247' title='bbox 1154 1303 1202 1467; x_wconf 87' lang='lat' dir='ltr'>thonis</span> <span class='ocrx_word' id='word_1_248' title='bbox 1153 1504 1200 1741; x_wconf 86' lang='lat' dir='ltr'>rationem</span> <span class='ocrx_word' id='word_1_249' title='bbox 1135 1777 1197 1978; x_wconf 72' lang='lat' dir='ltr'>probat,</span> <span class='ocrx_word' id='word_1_250' title='bbox 1150 2028 1181 2089; x_wconf 85' lang='lat' dir='ltr'>ex</span> <span class='ocrx_word' id='word_1_251' title='bbox 1149 2136 1197 2266; x_wconf 90' lang='lat' dir='ltr'>fictis</span> <span class='ocrx_word' id='word_1_252' title='bbox 1148 2300 1196 2449; x_wconf 89' lang='lat' dir='ltr'>rebus</span> <span class='ocrx_word' id='word_1_253' title='bbox 1133 2494 1195 2725; x_wconf 85' lang='lat' dir='ltr'>fictisque</span> <span class='ocrx_word' id='word_1_254' title='bbox 1129 2757 1192 2984; x_wconf 85' lang='lat' dir='ltr'>personis</span> 
     </span>
     <span class='ocr_line' id='line_1_36' title="bbox 1056 1302 1121 1993; textangle 270"><span class='ocrx_word' id='word_1_255' title='bbox 1059 1302 1121 1603; x_wconf 82' lang='lat' dir='ltr'>tragoediam</span> <span class='ocrx_word' id='word_1_256' title='bbox 1056 1643 1117 1993; x_wconf 57' lang='lat' dir='ltr'>componenti&amp;</span> 
     </span>
    </p>

    <p class='ocr_par' dir='ltr' id='par_1_5' title="bbox 890 1300 1042 2980">
     <span class='ocr_line' id='line_1_37' title="bbox 975 1437 1042 2980; textangle 270"><span class='ocrx_word' id='word_1_257' title='bbox 994 1437 1042 1666; x_wconf 86' lang='lat' dir='ltr'>Ceterum</span> <span class='ocrx_word' id='word_1_258' title='bbox 991 1704 1038 1913; x_wconf 85' lang='lat' dir='ltr'>carmina</span> <span class='ocrx_word' id='word_1_259' title='bbox 975 1950 1031 2129; x_wconf 87' lang='lat' dir='ltr'>quanto</span> <span class='ocrx_word' id='word_1_260' title='bbox 988 2165 1035 2323; x_wconf 91' lang='lat' dir='ltr'>minus</span> <span class='ocrx_word' id='word_1_261' title='bbox 987 2358 1034 2420; x_wconf 88' lang='lat' dir='ltr'>ad</span> <span class='ocrx_word' id='word_1_262' title='bbox 985 2446 1035 2813; x_wconf 86' lang='lat' dir='ltr'>similitudinem</span> <span class='ocrx_word' id='word_1_263' title='bbox 983 2837 1016 2980; x_wconf 88' lang='lat' dir='ltr'>vero-</span> 
     </span>
     <span class='ocr_line' id='line_1_38' title="bbox 890 1300 961 2980; textangle 270"><span class='ocrx_word' id='word_1_264' title='bbox 911 1300 944 1410; x_wconf 87' lang='lat' dir='ltr'>rum</span> <span class='ocrx_word' id='word_1_265' title='bbox 913 1443 961 1696; x_wconf 89' lang='lat' dir='ltr'>hominum</span> <span class='ocrx_word' id='word_1_266' title='bbox 894 1731 958 2038; x_wconf 82' lang='lat' dir='ltr'>imaginarios</span> <span class='ocrx_word' id='word_1_267' title='bbox 890 2073 953 2372; x_wconf 74' lang='lat' dir='ltr'>exprimant,</span> <span class='ocrx_word' id='word_1_268' title='bbox 906 2421 949 2554; x_wconf 88' lang='lat' dir='ltr'>tanto</span> <span class='ocrx_word' id='word_1_269' title='bbox 906 2598 947 2648; x_wconf 90' lang='lat' dir='ltr'>et</span> <span class='ocrx_word' id='word_1_270' title='bbox 904 2683 951 2744; x_wconf 76' lang='lat' dir='ltr'>a&#39;d</span> <span class='ocrx_word' id='word_1_271' title='bbox 903 2781 935 2980; x_wconf 82' lang='lat' dir='ltr'>moven-</span> 
     </span>
    </p>
   </div>
   <div class='ocr_carea' id='block_1_4' title="bbox 647 1365 778 2689">
    <p class='ocr_par' dir='ltr' id='par_1_6' title="bbox 647 1365 778 2689">
     <span class='ocr_line' id='line_1_39' title="bbox 723 1365 778 2483; textangle 270"><span class='ocrx_word' id='word_1_272' title='bbox 723 1365 778 1414; x_wconf 40' lang='grc' dir='ltr'>Χ)</span> <span class='ocrx_word' id='word_1_273' title='bbox 734 1444 777 1564; x_wconf 87' lang='lat' dir='ltr'>Weit</span> <span class='ocrx_word' id='word_1_274' title='bbox 735 1592 777 1738; x_wconf 88' lang='lat' dir='ltr'>hintcr</span> <span class='ocrx_word' id='word_1_275' title='bbox 733 1766 776 1862; x_wconf 86' lang='lat' dir='ltr'>ihm</span> <span class='ocrx_word' id='word_1_276' title='bbox 733 1890 774 1932; x_wconf 92' lang='lat' dir='ltr'>in</span> <span class='ocrx_word' id='word_1_277' title='bbox 731 1969 771 2259; x_wconf 85' lang='lat' dir='ltr'>wesenlosem</span> <span class='ocrx_word' id='word_1_278' title='bbox 730 2294 774 2483; x_wconf 87' lang='lat' dir='ltr'>Scheine</span> 
     </span>
     <span class='ocr_line' id='line_1_40' title="bbox 647 1444 706 2689; textangle 270"><span class='ocrx_word' id='word_1_279' title='bbox 650 1444 706 1565; x_wconf 80' lang='lat' dir='ltr'>hag,</span> <span class='ocrx_word' id='word_1_280' title='bbox 663 1600 692 1716; x_wconf 83' lang='lat' dir='ltr'>was</span> <span class='ocrx_word' id='word_1_281' title='bbox 662 1757 690 1861; x_wconf 85' lang='lat' dir='ltr'>uns</span> <span class='ocrx_word' id='word_1_282' title='bbox 661 1888 703 2019; x_wconf 86' lang='lat' dir='ltr'>Alle</span> <span class='ocrx_word' id='word_1_283' title='bbox 647 2057 703 2312; x_wconf 61' lang='lat' dir='ltr'>bandigt,</span> <span class='ocrx_word' id='word_1_284' title='bbox 658 2352 702 2430; x_wconf 85' lang='lat' dir='ltr'>das</span> <span class='ocrx_word' id='word_1_285' title='bbox 658 2461 699 2689; x_wconf 68' lang='lat' dir='ltr'>Gemeine.</span> 
     </span>
    </p>
   </div>
   <div class='ocr_carea' id='block_1_5' title="bbox 0 0 0 2718">
    <p class='ocr_par' dir='ltr' id='par_1_7' title="bbox 0 0 0 2718">
     <span class='ocr_line' id='line_1_41' title="bbox 0 0 0 2718; textangle 270"><span class='ocrx_word' id='word_1_286' title='bbox 0 0 0 2718; x_wconf 95' lang='lat' dir='ltr'>                                                </span> 
     </span>
    </p>
   </div>
   <div class='ocr_carea' id='block_1_6' title="bbox 1180 3328 3767 3336">
    <p class='ocr_par' dir='ltr' id='par_1_8' title="bbox 1180 3328 3767 3336">
     <span class='ocr_line' id='line_1_42' title="bbox 1180 3328 3767 3336; textangle 270"><span class='ocrx_word' id='word_1_287' title='bbox 1180 3328 3767 3336; x_wconf 95' lang='lat' dir='ltr'> </span> 
     </span>
    </p>
   </div>
   <div class='ocr_carea' id='block_1_7' title="bbox 0 2640 0 3336">
    <p class='ocr_par' dir='ltr' id='par_1_9' title="bbox 0 2640 0 3336">
     <span class='ocr_line' id='line_1_43' title="bbox 0 2640 0 3336; textangle 270"><span class='ocrx_word' id='word_1_288' title='bbox 0 2640 0 3336; x_wconf 95' lang='lat' dir='ltr'>  </span> 
     </span>
    </p>
   </div>
  </div>
 </body>
</html>
