5010 3336
3819 2080 3876 2201 228

3660 1303 3709 1496 quoque
3662 1530 3723 1644 post
3680 1677 3724 1885 mortem
3664 1922 3729 2238 superstitem
3670 2287 3715 2424 esse,
3666 2475 3715 2634 neque
3665 2668 3713 2760 pro
3679 2795 3725 2980 tumulo

3597 1302 3643 1407 eius
3583 1443 3646 1722 sepulcrum
3600 1758 3648 2036 habendum
3592 2074 3632 2216 esse,
3601 2270 3648 2359 sed
3585 2402 3634 2492 pro
3588 2535 3632 2644 ara,
3584 2702 3631 2873 quam,
3600 2929 3639 2982 ut

3518 1301 3566 1435 beati
3507 1470 3567 1697 numinis,
3520 1731 3567 1943 viatores
3504 1978 3564 2218 perpetuo
3521 2254 3568 2533 veneraturi
3519 2569 3567 2683 sint.

3439 1430 3487 1721 Postremus
3428 1771 3483 1939 actus,
3426 1982 3488 2066 qui
3439 2115 3487 2454 reductionem
3439 2503 3487 2655 habet
3430 2701 3488 2981 Alcestidis‚

3342 1301 3407 1685 prudentissimo
3345 1718 3404 1897 poetae
3361 1931 3407 2134 consilio
3360 2171 3406 2240 sic
3360 2270 3407 2522 institutus
3349 2558 3401 2662 est,
3359 2707 3401 2762 ut
3359 2798 3407 2981 Adme-

3277 1300 3318 1379 tus
3264 1415 3326 1590 insigni
3279 1618 3311 1808 morum
3265 1849 3328 2125 ingeniique
3263 2163 3327 2389 exemplo
3279 2423 3328 2615 edendo
3264 2652 3326 2804 magis
3280 2835 3326 2981 etiam

3183 1300 3229 1445 quam
3199 1481 3241 1622 antea
3183 1657 3245 1831 dignus
3187 1868 3246 2107 videatur,
3184 2144 3231 2232 pro
3184 2260 3231 2353 quo
3200 2386 3240 2434 et
3199 2455 3230 2576 uxor
3198 2599 3241 2809 mortem
3200 2847 3247 2981 obie-

3118 1299 3166 1366 rit
3118 1402 3160 1451 et
3118 1485 3165 1668 amicus
3103 1706 3167 1979 periculum
3119 2016 3166 2372 atrocissimum
3103 2411 3166 2702 susceperit.
3119 2773 3165 2817 ls
3120 2851 3168 2982 enim

3038 1300 3070 1412 esse
3023 1448 3086 1792 cognoscitur,
3025 1845 3086 1927 qui
3024 1963 3087 2107 plane
3026 2142 3086 2292 nihil,
3024 2341 3084 2470 quod
3038 2524 3086 2670 modo
3038 2720 3086 2980 honestum

2945 1298 3004 1379 sit,
2959 1435 3006 1604 amicis
2944 1641 2991 1820 negare
2943 1854 3006 2015 possit
2960 2060 3001 2110 et
2956 2146 3005 2368 omnibus
2958 2404 3004 2451 in
2958 2487 3003 2633 rebus
2958 2670 2989 2812 sunm
2959 2848 2990 2981 com-

2878 1297 2925 1498 modum
2878 1534 2925 1799 amicorum
2879 1836 2926 2103 commodis
2862 2140 2920 2422 postponat.
2878 2491 2925 2613 Nam
2863 2642 2924 2770 quod
2879 2796 2925 2844 in
2863 2874 2926 2982 ipso

2797 1298 2845 1474 funere
2798 1508 2845 1677 uxoris
2798 1713 2845 1996 carissimae
2797 2030 2846 2257 faciendo
2780 2294 2828 2490 operam
2798 2530 2845 2666 dedit
2783 2699 2846 2882 hospiti
2799 2907 2846 2981 lu—

2704 1297 2761 1528 ctumque
2707 1565 2766 1759 celavit,
2702 1796 2749 2002 parvum
2704 2039 2758 2131 est,
2717 2171 2763 2212 si
2701 2248 2757 2561 comparetur
2718 2587 2749 2696 cum
2704 2728 2765 2981 obsequiQ

2623 1296 2670 1395 quo
2623 1434 2685 1624 roganti
2638 1659 2685 1817 amico
2638 1855 2685 2200 satisfacturus
2624 2232 2679 2323 est,
2620 2359 2684 2686 peregrinam,
2622 2724 2669 2867 quam
2623 2891 2669 2982 pu-

2548 1295 2601 1386 tat,
2549 1422 2607 1699 mulierem,
2558 1746 2599 1797 et
2558 1822 2606 2008 doloris
2559 2032 2604 2106 sui
2558 2135 2604 2503 incitamentum
2559 2527 2605 2898 acerbissimum
2559 2934 2602 2983 et

2479 1295 2526 1524 infamiae
2463 1544 2525 1852 invidiaeque
2478 1878 2525 2066 fontem
2468 2100 2525 2420 uberrimum,
2478 2452 2521 2500 et
2477 2530 2525 2667 cuius
2478 2698 2520 2880 tactum
2479 2906 2527 2982 in-

2398 1296 2441 1399 star
2381 1415 2445 1663 Gorgonis
2389 1690 2445 1907 horreat,
2398 1944 2443 1993 in
2399 2016 2445 2216 domum
2382 2247 2446 2546 recipiendo.
2398 2617 2446 2744 Tum
2398 2770 2446 2981 facultas

2318 1296 2366 1455 eidem
2318 1504 2364 1650 datur
2318 1701 2365 2023 confirmandi
2304 2070 2366 2200 quod
2318 2246 2365 2567 moribundae
2302 2612 2365 2863 pollicitus
2318 2907 2361 2982 est

2231 1294 2286 1456 uxori,
2240 1494 2270 1548 se
2240 1585 2285 1766 nnllam
2223 1803 2285 2014 amplius
2238 2052 2286 2309 mulierem
2238 2346 2280 2590 tacturum
2238 2627 2269 2738 esse
2238 2761 2286 2882 etin
2240 2911 2287 2980 lu-

2143 1294 2207 1453 genda
2144 1487 2206 1693 coniuge
2145 1720 2206 1962 reliquum
2159 1998 2205 2123 vitae
2142 2160 2200 2354 tempus
2147 2392 2202 2795 cmsumturum,
2142 2832 2201 2980 atque

2079 1294 2111 1354 ea
2065 1388 2123 1650 praesente
2080 1685 2127 1934 Alcestide
2080 1972 2127 2068 dici
2062 2103 2125 2280 agique
2062 2314 2125 2599 gaudemus.
2063 2670 2125 2844 Neque
2079 2890 2125 2979 mi-

2000 1294 2031 1386 nus
2001 1422 2049 1655 Herculis
2001 1691 2048 1798 vice
1990 1831 2048 2105 laetamur,
1999 2152 2045 2434 reducentis
1985 2472 2029 2604 eam,
1982 2657 2028 2753 qua
1998 2800 2046 2980 amissa

1922 1293 1970 1507 felicitas
1906 1544 1970 1773 salusque
1921 1809 1967 1949 amici
1921 1983 1967 2030 in
1904 2067 1961 2359 perpetuum
1918 2398 1964 2638 exstincta
1919 2674 1950 2786 esse
1918 2819 1965 2977 videa-

1828 1292 1884 1392 tur,
1842 1428 1885 1479 et
1824 1513 1888 1680 ignaro
1842 1715 1888 1765 in
1841 1802 1872 1971 manus
1839 2006 1887 2242 tradentis
1839 2279 1885 2458 virtute
1839 2492 1881 2543 et
1838 2576 1887 2748 labore
1840 2784 1872 2872 suo
1838 2898 1869 2975 re-

1747 1294 1804 1595 cuperatam,
1746 1631 1793 1774 quam
1760 1811 1807 1908 ulla
1761 1942 1807 1988 vi
1759 2015 1800 2097 aut
1759 2124 1801 2229 arte
1759 2256 1806 2454 restitui
1744 2480 1791 2629 posse
1759 2653 1807 2737 ille
1742 2766 1805 2974 negarit.

1681 1295 1730 1465 Solum
1681 1499 1728 1680 laboris
1665 1703 1727 1974 praemium
1679 2003 1722 2081 est
1679 2108 1727 2313 Herculi
1679 2350 1727 2519 videre
1679 2556 1726 2791 laetitiam
1666 2820 1725 2975 amici,

1601 1292 1649 1454 subito
1600 1502 1632 1563 ex
1600 1609 1646 1855 moestitia
1599 1903 1641 2080 natam.
1586 2149 1645 2257 Quo
1583 2307 1646 2592 spectaculo
1583 2640 1630 2734 quo
1583 2770 1646 2978 pleniori

1509 1290 1569 1500 fruatur,
1520 1538 1568 1835 ludificando
1518 1869 1562 2011 antea
1518 2045 1565 2343 moestitiam
1502 2374 1561 2535 auget,
1503 2573 1549 2718 quum
1503 2753 1565 2974 peregri-

1441 1293 1475 1404 nam
1426 1448 1489 1657 aliquam
1428 1704 1487 1982 mulierem,
1423 2020 1469 2161 quam
1422 2199 1484 2467 praemium
1438 2503 1486 2738 victoriae
1438 2773 1469 2833 ex
1438 2868 1470 2974 cer-

1361 1292 1408 1472 tamine
1345 1505 1407 1703 publico
1359 1739 1390 1765 a
1358 1802 1389 1855 se
1341 1884 1399 2186 reportatam
1358 2223 1389 2334 csse
1343 2368 1406 2533 fingit,
1359 2579 1406 2628 in
1358 2664 1404 2861 domum
1358 2896 1390 2975 re—

1268 1292 1329 1465 cipere
1267 1499 1311 1584 ac,
1280 1638 1327 1795 donec
1262 1830 1325 1939 ipse
1278 1975 1309 2035 ex
1278 2070 1326 2347 Thracibus
1278 2383 1310 2609 reversus
1267 2646 1325 2727 sit7
1277 2778 1310 2975 servare

1202 1291 1251 1482 iubeat:
1200 1521 1247 1657 cuius
1199 1693 1245 1909 mulieris
1181 1946 1244 2164 speclem
1183 2198 1245 2520 habitumque
1198 2556 1245 2741 velatae
1199 2776 1246 2972 intuens

1108 1292 1172 1550 Admetus,
1106 1587 1152 1736 quum
1103 1773 1165 2030 coniugem
1117 2066 1148 2202 suam
1117 2238 1149 2441 cernere
1118 2470 1165 2559 sibi
1107 2583 1164 2835 videatur,
1119 2872 1163 2971 tam

1044 1291 1091 1392 acri
1040 1427 1089 1690 defunctae
1038 1726 1085 1972 desiderio
1028 2009 1079 2368 commovetur,
1037 2421 1079 2476 ut
1023 2510 1079 2787 temperare
1039 2822 1086 2973 lacri—

954 1291 1011 1400 miS,
962 1437 1009 1599 subito
942 1638 1004 2094 prorumpentibus,
957 2144 1004 2341 minime
943 2376 1004 2548 possit.
960 2618 1005 2689 lbi
959 2725 1006 2970 Hercules

870 1292 926 1430 optat
884 1466 929 1555 sibi
881 1602 929 1885 facultatem
877 1937 909 2048 esse
877 2096 925 2397 Alcestidem
879 2435 909 2492 ex
879 2531 926 2697 inseris
880 2733 924 2781 in
881 2809 927 2971 lucem

804 1291 852 1561 reducendi
783 1608 847 2001 restituendique
797 2045 843 2216 amico.
783 2286 845 2505 Negante
798 2539 845 2748 Admeto
800 2778 846 2825 id
799 2861 847 2970 fieri

711 1294 758 1470 posse,
721 1519 769 1794 consolatur
709 1844 750 1986 eum‚
701 2039 764 2247 denique
718 2283 749 2461 nomm
719 2499 766 2858 matrimonium
721 2893 767 2966 in-

645 1294 693 1452 eundo
642 1493 689 1648 dolori
641 1694 688 1827 iubet
638 1876 685 2074 mederi.
636 2160 684 2280 Eam
637 2328 670 2442 vero
636 2497 669 2663 vocem
624 2712 671 2858 quum
639 2896 688 2967 in-
