5010 3336
1117 2051 1171 2170 339

1263 2795 1312 2931 Poet.
1278 2724 1310 2764 c.
1263 2615 1310 2692 25.
1260 2536 1324 2589 ξ
1265 2429 1310 2517 19:
1258 2258 1324 2395 ὀρθὴ
1260 2177 1309 2221 δ’
1259 1857 1322 2139 ἐπιτίμησις
1258 1740 1309 1826 καὶ
1258 1450 1323 1705 ἀλογία,
1256 1287 1307 1414 ὅταν

1340 2863 1406 2932 μὴ
1340 2600 1404 2827 ἀνάγκης
1343 2401 1403 2561 οὔσης
1337 2208 1403 2368 μηδὲν
1341 1908 1403 2156 χρήσηται
1342 1795 1407 1864 τῷ
1340 1502 1404 1739 ἀλόγῳ,
1336 1289 1400 1452 ὥςπερ

1420 2636 1483 2932 Εὐριπίδης
1425 2520 1481 2589 τῷ
1419 2316 1481 2474 Αἰγεῖ.
1419 2103 1465 2235 Nihil
1422 1934 1466 2055 enim
1421 1658 1478 1885 interest,
1429 1452 1467 1608 utrum
1436 1290 1465 1400 casu

1503 2741 1562 2932 Aegeus
1503 2601 1563 2705 ipse
1500 2254 1556 2565 interveniat,
1515 2148 1545 2205 an
1515 1989 1544 2095 cum
1514 1894 1544 1950 eo
1515 1770 1559 1857 per
1501 1523 1545 1735 nuntium
1505 1291 1560 1485 agatur:

1596 2729 1641 2931 quorum
1579 2560 1637 2692 illud,
1579 2307 1639 2524 quoniam
1577 2008 1639 2269 simplicius
1583 1880 1634 1969 est„
1578 1675 1623 1844 melius
1578 1435 1623 1638 dramati
1594 1288 1624 1398 con-

1659 2790 1705 2932 venit.

1736 2637 1782 2801 Prodit
1735 2459 1795 2603 igitur
1734 2218 1796 2423 Aegeus,
1734 2084 1795 2180 qui,
1735 1827 1797 2044 exposita
1735 1607 1781 1790 itineris
1752 1401 1782 1568 caussa
1737 1293 1783 1365 in-

1815 2683 1876 2932 vicemque
1813 2441 1859 2648 Medeae
1813 2131 1860 2405 conditione
1816 1882 1875 2094 cognita,
1814 1620 1876 1844 precibus
1815 1443 1861 1583 huius
1831 1287 1877 1404 sup-

1894 2728 1956 2931 plicibus
1891 2414 1947 2683 satisfacit,
1907 2212 1951 2367 neque
1893 2020 1938 2175 solum
1909 1930 1938 1983 se
1909 1791 1939 1895 eam
1894 1559 1940 1751 civitate
1894 1286 1954 1523 domoque

1988 2871 2019 2931 ex
1971 2602 2018 2835 Corintho
1969 2312 2033 2565 profugam
1979 1968 2032 2275 recepturum
1988 1805 2027 1929 esse,
1973 1682 2018 1765 sed
1974 1499 2018 1643 etiam
1974 1284 2019 1460 (lesen-

2066 2748 2105 2931 surum,
2066 2553 2110 2709 neque
2049 2406 2096 2517 ullis
2050 2151 2096 2370 hostibus
2053 1746 2111 2115 exposcentibus
2052 1415 2111 1709 dediturum,
2052 1284 2098 1381 fide

2135 2882 2175 2933 et
2128 2541 2174 2849 iureiurando
2130 2393 2174 2504 dato
2128 2085 2189 2357 pollicetur.
2130 1909 2175 1999 His
2131 1645 2191 1853 peractis
2132 1482 2188 1607 abit,
2131 1284 2177 1432 choro

2223 2823 2253 2932 eum
2223 2662 2253 2770 cum
2207 2454 2253 2615 fausta
2209 2129 2269 2405 precatione
2214 1738 2270 2082 prosequente.
2209 1493 2254 1670 Medea
2216 1284 2255 1445 autem

2301 2808 2333 2934 nunc
2285 2582 2331 2771 demum
2293 2338 2348 2531 portum
2292 2120 2341 2288 nacta,
2288 2027 2332 2069 in
2303 1816 2347 1989 quem,
2296 1573 2349 1764 sumpto
2287 1475 2333 1534 de
2288 1284 2333 1440 hosti-

2365 2843 2411 2933 bus
2365 2544 2427 2807 supplicio,
2371 2386 2411 2487 tuta
2365 2089 2427 2350 perfugere
2368 1871 2427 2051 possit,
2367 1744 2411 1832 sibi
2367 1428 2428 1695 gratulatur
2371 1283 2412 1381 sta-

2444 2748 2504 2932 timque
2444 2558 2489 2711 omnia
2445 2322 2489 2520 consilia
2460 2203 2489 2285 sua
2445 2019 2489 2166 choro
2446 1815 2506 1983 aperit,
2445 1529 2502 1742 Quorum
2451 1285 2507 1490 partem,

2537 2806 2583 2930 quae
2521 2713 2565 2770 ad
2537 2469 2582 2674 sponsae
2523 2256 2568 2432 lasonis
2530 2169 2567 2217 et
2524 1759 2584 2134 propinquorum
2524 1618 2568 1721 eius
2539 1427 2569 1591 necem
2539 1284 2585 1394 per-

2600 2795 2658 2932 tinet,
2601 2581 2646 2757 chorus
2602 2358 2646 2544 silentio
2603 2027 2662 2325 comprobat,
2602 1729 2648 1990 liberorum
2607 1535 2647 1693 autem
2603 1282 2661 1496 caedem,

2686 2876 2725 2930 ut
2678 2579 2733 2842 nefariam,
2681 2204 2736 2530 abominatum
2681 2070 2725 2154 sed
2681 1838 2726 2019 frustra
2680 1519 2741 1793 obloquitur
2681 1282 2726 1471 mulieri

2758 2700 2804 2930 obstinati
2758 2520 2802 2664 animi
2758 2131 2819 2486 praefractique
2759 1919 2817 2097 ingenii
2766 1725 2818 1870 atque
2760 1620 2813 1688 ci,
2775 1450 2819 1571 qnae
2760 1281 2805 1399 haec

2837 2842 2882 2933 iam
2835 2734 2880 2814 diu
2835 2659 2881 2707 in
2836 2482 2880 2635 animo
2836 2264 2881 2456 volvens
2836 1917 2897 2241 perpenderit.
2837 1708 2892 1850 „Non
2836 1429 2882 1678 serendum
2836 1282 2892 1400 est‚''

2914 2751 2975 2933 inquit,
2930 2590 2971 2704 „me
2915 2496 2959 2553 ab
2914 2257 2960 2460 inimicis
2915 2031 2961 2221 irrideri
2920 1946 2960 1992 et
2915 1715 2977 1911 penitus
2931 1602 2960 1679 me
2917 1280 2977 1567 pessumde-

2994 2858 3040 2932 dit
2994 2647 3039 2823 fiducia
2993 2524 3039 2613 viri
2993 2159 3054 2486 perfidissimi.
2993 1933 3039 2086 Nemo
3009 1820 3039 1897 mc
2995 1553 3049 1785 inertem,
2994 1280 3040 1498 imbecil-

3072 2836 3119 2932 lem
3073 2444 3134 2801 patientemque
3073 2138 3127 2408 existimet,
3072 2000 3118 2085 sed
3073 1695 3118 1963 contrariae
3080 1432 3132 1659 naturae,
3089 1280 3136 1387 gra-

3166 2826 3198 2931 vem
3151 2562 3205 2788 inimicis,
3151 2359 3196 2522 amicis
3160 2160 3196 2321 autem
3151 1933 3197 2125 utilem:
3151 1714 3196 1879 talium
3152 1549 3196 1673 enim
3153 1419 3197 1511 vita
3153 1278 3213 1383 glo-

3229 2665 3275 2930 riosissima
3228 2504 3276 2629 est.''
3228 2156 3288 2435 l'erpetrata
3229 1764 3274 2119 carissimorum
3229 1464 3276 1726 liberorum
3230 1278 3276 1426 caede

3314 2879 3354 2927 et
3308 2589 3354 2843 commisso
3306 2339 3351 2549 facinore
3306 1947 3351 2293 immanissimo
3308 1731 3352 1893 statim
3323 1656 3353 1682 e
3314 1447 3367 1610 terra,
3324 1277 3369 1399 quae

3390 2740 3432 2927 tantum
3386 2528 3431 2702 viderit
3386 2341 3437 2493 nefas,
3401 2050 3448 2303 egressura
3391 1925 3430 2013 est.

3464 2474 3526 2798 Interponitur
3464 2264 3509 2439 deinde
3480 2037 3509 2227 carmen
3479 1917 3508 2007 non
3464 1733 3510 1889 minus
3464 1450 3510 1707 iucundum
3481 1276 3525 1416 quam

3559 2755 3608 2927 grave,
3558 2607 3603 2699 quo
3544 2455 3605 2556 ipsa
3549 2276 3588 2405 terra
3542 1875 3588 2240 Atheniensium
3549 1639 3605 1838 propter
3543 1278 3590 1606 felicissimam

3623 2803 3670 2926 coeli
3626 2379 3684 2755 temperaturam
3621 2122 3667 2330 secunda
3636 1957 3666 2065 esse
3621 1646 3683 1910 sapientiae
3624 1276 3683 1600 praedicatur,

3707 2875 3749 2925 et
3701 2608 3763 2842 quidquid
3707 2498 3747 2572 est
3700 2231 3763 2451 pulcrum
3705 1832 3760 2186 venustumque
3701 1726 3745 1798 vel
3701 1631 3746 1690 ad
3702 1427 3747 1596 artium
3718 1276 3748 1388 eru-

3780 2631 3842 2926 ditionisque
3780 2387 3825 2597 studium
3779 2277 3825 2350 vel
3778 2183 3823 2240 ad
3779 1998 3824 2144 decus
3779 1570 3839 1971 honestatemque
3780 1275 3842 1540 pertinens,

3859 2857 3907 2925 ibi
3860 2690 3905 2821 nasci
3864 2604 3905 2653 et
3858 2351 3904 2570 habitare
3859 2104 3904 2315 docetur.
3857 1775 3903 2035 Harmonia
3859 1611 3904 1739 enim
3874 1550 3903 1575 a
3859 1363 3905 1520 Musis
3859 1274 3905 1336 ibi

3938 2661 3984 2925 constituta
3943 2536 3994 2627 est,
3937 2332 3985 2498 Venus
3944 2137 3982 2295 autem
3951 1883 3983 2100 rosarum
3943 1717 3983 1846 serta
3942 1454 3999 1690 perpetuo
3936 1274 3998 1424 capil-

4015 2864 4062 2925 lis
4017 2579 4063 2829 innectens
4018 2339 4064 2543 Amores
4017 2087 4070 2294 excitat,
4015 1959 4076 2039 qui
4031 1818 4062 1923 cum
4016 1552 4078 1780 sapientia
4014 1272 4061 1513 coniuncti

4096 2646 4158 2924 multiplicis
4096 2411 4143 2598 virtutis
4100 2254 4143 2365 sunt
4094 1950 4144 2209 adiutores.
4094 1608 4154 1865 Quomodo
4094 1413 4155 1561 igitur
4099 1275 4139 1371 tam

4181 2758 4221 2921 sancta
4180 2529 4237 2723 tamque
4191 2376 4238 2493 pura
4179 2209 4221 2340 terra
4178 2127 4220 2175 te
4173 1897 4236 2091 impiam
4173 1585 4232 1846 feminam,
4172 1274 4219 1536 liberorum

4253 2526 4313 2924 interfectricem,
4258 2239 4317 2497 receptura
4253 2097 4301 2214 est?
4252 1786 4301 2052 Considera
4267 1572 4311 1760 necem,
4265 1406 4312 1548 quam
4264 1274 4296 1378 sus-

4332 1639 4377 1702 ⁶22
4328 1599 4356 1624 *
