5010 3336
3322 727 3492 736 u-vmge
3514 729 3524 731 <
3543 734 3557 735 W

3141 718 3220 733 -zk—
3178 726 3311 734 —rzz-zae
3314 727 3320 730 <

3943 2081 4000 2202 242

3807 1303 3853 1488 taretur
3795 1521 3852 1738 tantum,
3806 1774 3840 1871 non
3789 1904 3855 2064 ipsam
3787 2099 3847 2496 repraesentaret
3800 2531 3845 2754 naturam
3784 2791 3829 2978 eorumq

3728 1302 3768 1355 ut
3727 1388 3775 1521 illius
3726 1555 3774 1766 animum
3709 1803 3772 2091 perspicere
3723 2126 3771 2265 nobis
3711 2302 3770 2601 videremur,
3718 2655 3768 2832 horum
3714 2868 3746 2978 ser—

3647 1298 3680 1469 mones
3631 1505 3693 1821 actionesque
3627 1868 3685 2241 cognoscentes,
3631 2313 3689 2452 Hoc‚
3623 2502 3681 2654 puto,
3619 2702 3686 2977 intelligens

3551 1299 3616 1561 Euripides
3565 1624 3613 1802 levium
3546 1847 3611 2144 rudiumque
3560 2213 3609 2463 hominum
3543 2515 3605 2741 personis
3540 2794 3603 2976 aliquid

3485 1297 3533 1530 momenti
3483 1566 3533 1842 addendum
3482 1878 3514 1990 esse
3470 2024 3529 2222 statuit,
3481 2276 3523 2326 et
3462 2373 3527 2643 participes
3476 2691 3507 2776 eos
3474 2811 3523 2979 facere

3391 1295 3452 1606 eruditionis,
3405 1642 3451 1717 cui
3404 1752 3451 1833 illa
3402 1868 3445 2026 aetate
3385 2062 3446 2341 promiscue
3398 2375 3430 2545 omnes
3395 2579 3444 2832 studuisse
3394 2859 3425 2976 con-

3312 1293 3368 1407 stat,
3323 1431 3372 1539 *hoc
3307 1574 3367 1823 spectans,
3305 1860 3352 2032 nequa
3318 2069 3366 2338 carminum
3301 2375 3349 2489 pars
3316 2526 3364 2715 utiliter
3297 2750 3362 2974 disputa-

3244 1293 3292 1356 tis
3228 1391 3291 1690 monitisque
3241 1723 3284 1934 vacaret.
3239 2007 3287 2055 ln
3236 2103 3285 2478 Atheniensium
3234 2516 3282 2737 moribus
3232 2772 3281 2973 institu-

3147 1290 3211 1453 tisque
3162 1486 3210 1598 illae
3146 1634 3193 1827 quoque
3145 1861 3208 2297 frequentissimae
3154 2332 3202 2604 orationum
3152 2633 3199 2973 contentiones

3071 1289 3130 1529 nituntur,
3067 1565 3128 1739 quibus
3079 1774 3128 1882 fere
3078 1917 3127 2059 binae
3063 2094 3109 2353 personae,
3060 2393 3106 2598 quarum
3071 2633 3120 2786 altera
3072 2823 3102 2972 accu-

3001 1288 3050 1466 satoris
3001 1502 3050 1654 altera
3001 1689 3048 1761 rei
2999 1796 3047 1952 vicem
2988 1989 3045 2194 subeat,
2996 2245 3028 2443 caussas
2979 2492 3040 2629 quasi
2992 2682 3040 2730 in
2991 2776 3039 2971 indiciis

2922 1285 2971 1455 dicunt
2921 1491 2961 1590 tam
2920 1625 2967 1769 docte
2904 1802 2962 1949 atque
2901 1985 2964 2211 egregie,
2917 2259 2959 2314 ut
2915 2357 2962 2477 artis
2896 2523 2960 2746 magistri
2912 2781 2959 2859 vix
2911 2896 2957 2970 in—

2829 1284 2889 1494 veniant,
2826 1531 2887 1661 quod
2839 1697 2886 1773 vel
2822 1810 2885 2058 corrigere
2821 2094 2885 2286 possint
2836 2321 2883 2399 vel
2819 2435 2881 2818 reprehendant.
2831 2871 2878 2912 F
2830 2916 2861 2968 e-

2761 1283 2809 1349 cit
2760 1384 2808 1518 idem
2742 1541 2807 1832 Sophocles,
2757 1865 2804 1983 item
2740 2020 2805 2312 saepissime
2755 2344 2802 2440 hoc
2739 2468 2801 2696 artificio,
2736 2733 2793 2967 tanquam

2666 1280 2729 1549 plurimum
2678 1584 2725 1777 valente
2677 1802 2725 1863 ad
2676 1889 2725 2210 delectandos
2659 2238 2722 2607 movendosque
2656 2636 2715 2966 spectatores,

2599 1280 2632 1398 usus
2598 1447 2643 1525 est
2582 1572 2646 1950 Aristophanes,
2580 2041 2645 2239 Quippe
2592 2285 2640 2636 certaminibus
2576 2683 2637 2966 spectandis

2518 1279 2566 1420 unice
2517 1455 2567 1829 delectabantur
2506 1862 2565 2068 Graeci3
2516 2115 2562 2190 his
2514 2227 2562 2338 acui
2502 2375 2561 2532 vires,
2510 2567 2560 2762 incendi
2509 2799 2558 2965 studia

2425 1277 2486 1563 credebant,
2436 1596 2479 1650 ut
2437 1685 2484 1744 ad
2436 1780 2468 1970 summa
2420 2004 2468 2230 quaeque
2418 2265 2482 2464 fastigia
2429 2497 2478 2832 aemulatione
2429 2856 2476 2962 eni-

2358 1277 2403 1512 terentur.
2355 1585 2404 1959 Contendebant
2355 1992 2403 2124 inter
2354 2158 2385 2213 se
2354 2246 2386 2343 non
2353 2379 2400 2538 solum
2334 2574 2397 2768 pugiles
2348 2803 2397 2961 lucta-

2263 1276 2323 1537 toresque,
2275 1588 2322 1675 sed
2275 1712 2322 1858 etiam
2259 1895 2317 2099 poetae,
2259 2135 2321 2343 musici,
2260 2393 2314 2643 oratores3
2267 2692 2316 2959 certamina

2184 1274 2247 1477 singulis
2197 1512 2240 1614 tam
2195 1647 2242 1794 animi
2180 1828 2226 1972 quam
2178 2008 2240 2231 corporis
2193 2267 2240 2526 virtutibus
2190 2562 2239 2787 instituta
2173 2809 2231 2957 atque

2104 1272 2165 1492 praemia
2101 1526 2163 1778 proposita
2104 1814 2157 1977 erant,
2100 2035 2145 2160 quae
2114 2196 2145 2314 suae
2097 2350 2159 2559 quisque
2110 2592 2159 2752 laudis
2107 2786 2139 2955 aemu-

2040 1273 2088 1346 los
2024 1380 2081 1578 peteret
2035 1611 2083 1864 vincendo.
2020 1936 2080 2102 Quid?
2018 2148 2081 2279 quod
2018 2328 2081 2550 ipsorum
2016 2582 2077 2954 magistratuum

1942 1268 2007 1608 honorumque
1955 1642 2002 1845 ambitio
1938 1880 1997 2026 atque
1953 2059 2000 2285 universa
1936 2317 2001 2617 reipublicae
1947 2642 1997 2954 administra-

1880 1269 1929 1339 tio
1878 1373 1926 1421 in
1873 1465 1923 1857 contentionibus
1872 1904 1920 2207 aemulorum
1857 2253 1919 2414 posita
1859 2459 1914 2594 erat,
1855 2646 1902 2808 neque
1866 2856 1916 2953 ulla

1785 1267 1832 1380 pars
1798 1432 1846 1507 vel
1782 1555 1843 1778 privatae
1792 1812 1840 1889 vel
1775 1925 1839 2151 publicae
1793 2185 1840 2314 vitae
1788 2350 1837 2700 certaminibus
1786 2735 1834 2950 vacabat.

1719 1265 1769 1411 Hunc
1700 1454 1765 1604 igitur
1712 1652 1746 1838 morem
1711 1872 1759 1921 in
1712 1957 1760 2134 fabulis
1696 2162 1758 2516 componendis
1709 2551 1755 2833 necessario
1706 2870 1738 2950 se-

1640 1265 1687 1364 cuti
1636 1398 1679 1512 sunt
1635 1546 1683 1691 etiam
1617 1728 1679 1898 tragici
1614 1932 1673 2135 poetae:
1617 2192 1679 2323 quod
1630 2359 1678 2547 factum
1628 2583 1671 2780 nonest
1612 2815 1674 2948 quod

1542 1263 1606 1617 vituperemus,
1553 1655 1600 1743 sed
1536 1779 1599 1965 potius,
1551 2002 1597 2042 si
1551 2077 1598 2186 fieri
1535 2222 1598 2396 possit,
1546 2438 1596 2701 imitemur.
1532 2772 1595 2947 Neque

1478 1262 1527 1392 enim
1475 1428 1524 1520 alia
1473 1556 1522 1746 ratione
1456 1780 1519 2000 planius,
1457 2038 1519 2338 simplicius,
1455 2390 1517 2717 luculentius,
1451 2753 1513 2946 gravius

1396 1261 1432 1464 caussae
1379 1499 1426 1838 personarum,
1375 1876 1422 2081 quarum
1391 2118 1439 2324 diversis
1373 2371 1436 2731 contrariisque
1386 2766 1434 2943 studiis

1314 1258 1369 1580 difficultates
1296 1617 1359 1872 omnisque
1309 1906 1341 2073 rerum
1295 2109 1359 2380 implicatio
1295 2429 1357 2718 conficitur,
1290 2765 1353 2944 exponi

1240 1258 1283 1309 et
1239 1343 1287 1419 ius
1220 1453 1278 1598 atque
1230 1632 1281 1810 iniuria
1212 1845 1277 1998 partis
1215 2035 1277 2289 utriusque
1227 2324 1279 2651 demonstrari
1211 2686 1270 2853 potest
1214 2868 1275 2939 *).

1024 1308 1078 1360 *)
1032 1391 1077 1567 Goethe
1030 1598 1071 1641 in
1016 1670 1070 1752 iis,
1014 1795 1054 1908 quae
1025 1946 1065 2001 de
1022 2041 1062 2244 veterum
1009 2288 1063 2473 pai-odia
1010 2503 1063 2729 disseruit,
1020 2770 1061 2939 haecce

951 1389 1006 1565 scripsit
956 1594 1000 1852 verissima:
944 1897 996 2017 „Die
941 2052 994 2297 Griechen,
951 2345 992 2416 die
951 2457 990 2524 als
936 2552 992 2795 geselligcs
950 2826 990 2935 Volk

880 1390 922 1531 gerne
874 1570 928 1813 sprachen‚
885 1854 924 1921 als
869 1959 924 2295 Republikaner
867 2335 907 2446 gei-n
868 2498 921 2716 sprechen
870 2761 920 2933 horton,

822 1388 852 1539 waren
820 1570 847 1619 so
818 1652 845 1708 au
816 1739 857 1823 den
810 1853 855 2137 iiffentlichen
796 2167 850 2356 Vortrag
796 2380 850 2604 gewfihnt,
809 2638 850 2736 dass
810 2758 851 2823 sie
811 2849 838 2932 un-

749 1384 795 1576 hewusst
747 1603 790 1675 die
741 1706 787 1963 Redekunst
740 1991 783 2087 sich
725 2119 782 2249 eigcn
726 2279 779 2494 gemacht
737 2517 779 2669 hatten
739 2695 780 2782 und
739 2804 780 2933 dem—
