5010 3336
3129 519 3146 526 a

3263 555 3269 561 s
3302 553 3312 565 k
3592 551 3598 561 ζ

3067 618 3114 629 ⁴,
3440 635 3490 637 „ff
3552 633 3590 639 ,,
3690 621 3966 642 ---“
3869 623 3877 627 “
3978 627 4202 642 *·-.„†'⁴·

3468 712 3482 719 2

3554 661 3558 663 -
3792 659 4058 676 §⁴⁴m<
4078 663 4158 675 n—
4173 664 4261 679 ³:⁴5:-

3671 716 3683 719 -
3713 714 3770 740 νὴ.-.
3791 732 3794 733 ⁷
3870 735 3896 740 --
3977 737 3983 741 >
4032 738 4037 740 .
4079 725 4084 732 .
4136 728 4139 730 .
4206 736 4218 750 μ’
4233 740 4237 741 ⁷
4252 742 4255 743 γ

3919 2080 3980 2204 522

3791 1299 3841 1429 enim
3773 1464 3840 1629 legem
3786 1663 3837 1786 deos
3783 1822 3819 1936 esse
3763 1970 3829 2253 credimus,
3772 2303 3823 2430 iusta
3748 2477 3818 2762 iniustaque
3760 2813 3810 2861 in
3757 2896 3807 2996 vita

3709 1294 3759 1511 humana
3703 1544 3756 1894 definientes.”
3699 1962 3750 2074 Hoc
3696 2108 3745 2218 loco
3678 2246 3739 2514 paullulum
3684 2542 3732 2682 nobis
3677 2709 3730 2996 subsisten-

3629 1295 3679 1415 dum
3628 1452 3670 1529 est
3626 1578 3669 1628 et
3622 1662 3670 1938 accuratius
3612 1988 3664 2343 consideranda
3605 2390 3651 2638 sententia
3589 2687 3647 2993 gravissima.

3532 1292 3597 1493 Νόμον
3545 1537 3593 1656 dicit
3527 1700 3592 1864 legem
3521 1902 3586 2208 absolutam,
3530 2260 3563 2355 non
3511 2406 3576 2611 νόμους
3502 2649 3579 2994 Ἑλληνικοὺς

3465 1290 3513 1396 sive
3448 1430 3513 1691 πατρίους
3442 1724 3510 2046 παραδοχάς,
3452 2084 3499 2172 sed
3446 2209 3483 2451 summam
3431 2483 3475 2672 eorum,
3424 2712 3470 2839 quae
3433 2876 3467 2992 con-

3384 1290 3417 1441 sensu
3369 1476 3428 1674 generis
3377 1712 3427 1910 humani
3358 1953 3406 2108 aequa
3355 2143 3419 2369 iustaque
3359 2404 3413 2667 habentur.
3355 2741 3404 2873 Huic
3352 2906 3385 2990 su-

3288 1286 3336 1492 premae
3284 1526 3349 1775 iustitiae,
3294 1826 3327 1921 non
3293 1957 3342 2094 fatali
3287 2131 3337 2325 cuidam
3269 2364 3328 2680 necessitati,
3275 2730 3324 2826 diis
3259 2863 3321 2987 ipsis

3207 1282 3270 1558 parendum
3219 1596 3262 1700 est:
3206 1735 3248 1863 nam,
3214 1900 3255 1956 ut
3213 1991 3261 2122 idem
3196 2160 3250 2309 poeta
3204 2345 3251 2438 alio
3200 2476 3250 2587 loco
3189 2624 3245 2765 dixit,
3193 2802 3225 2986 neces-

3141 1283 3190 1421 sitati
3125 1448 3172 1624 parere
3136 1650 3172 1906 servorum
3133 1944 3165 2057 esse
3128 2084 3170 2287 censent
3109 2312 3171 2579 sapientes.
3115 2652 3165 2795 Hanc
3097 2821 3161 2985 legem

3061 1280 3105 1337 ut
3060 1371 3107 1468 sint
3044 1503 3106 1585 qui
3042 1632 3099 1888 tueantur,
3053 1936 3086 2047 cum
3051 2097 3098 2146 in
3047 2194 3095 2289 vita
3040 2339 3092 2551 humana
3035 2598 3069 2695 non
3032 2745 3079 2906 solum
3030 2956 3062 2983 a

2963 1279 3027 1512 privatis,
2978 1564 3025 1653 sed
2976 1691 3023 1838 etiam
2975 1877 3005 1903 a
2955 1939 3018 2136 populis
2947 2171 3013 2469 regibusque
2940 2505 3001 2796 saepissime
2949 2832 2999 2984 viole-

2890 1276 2942 1376 tur,
2899 1414 2946 1537 deos
2896 1566 2930 1678 esse
2893 1709 2941 1961 credimus
2873 1989 2939 2054 ²³²),
2887 2093 2936 2225 unde
2868 2251 2933 2486 efficitur,
2876 2524 2918 2581 ut
2872 2607 2920 2759 certis
2855 2787 2915 2983 aequis-

2803 1277 2849 1375 que
2802 1412 2866 1607 legibus
2815 1644 2847 1724 res
2811 1760 2861 1998 humanas
2792 2036 2852 2307 temperari
2801 2363 2843 2414 et
2797 2449 2847 2570 deos
2792 2624 2825 2736 esse
2787 2772 2835 2983 credere

2737 1272 2784 1409 idem
2735 1447 2783 1525 sit.
2722 1595 2783 1735 Quae
2718 1783 2780 1949 opinio
2729 1997 2776 2091 nisi
2720 2140 2770 2424 mortalium
2715 2474 2764 2646 animis
2710 2693 2759 2856 innata
2706 2901 2754 2981 iu-

2640 1270 2703 1470 fixaque
2641 1505 2696 1672 esset,
2651 1721 2696 1912 temere
2646 1960 2693 2122 omnia
2643 2174 2675 2269 non
2638 2307 2686 2466 minus
2634 2502 2683 2551 in
2630 2590 2681 2845 bominum
2626 2880 2674 2980 vita

2559 1270 2607 1418 quam
2572 1453 2622 1502 in
2572 1538 2604 1706 rerum
2571 1736 2613 1908 natura
2560 1937 2616 2322 administranda
2540 2347 2595 2629 agerentur,
2533 2666 2582 2829 neque
2545 2864 2594 2979 ullis

2478 1267 2541 1459 legibus
2491 1497 2540 1575 vel
2491 1613 2538 1789 domus
2490 1831 2537 1907 vel
2484 1940 2534 2165 civitates
2462 2196 2523 2615 temperarentur.
2469 2687 2517 2770 llla
2464 2809 2508 2977 autem

2397 1265 2460 1378 lege
2410 1412 2459 1620 iniurias
2411 1657 2457 1829 ulcisci
2408 1865 2439 1959 non
2399 1997 2453 2283 hominibus
2383 2321 2437 2529 tautum,
2390 2569 2436 2656 sed
2387 2696 2434 2842 etiam
2384 2880 2432 2975 diis

2318 1264 2363 1589 concessum,
2329 1636 2371 1688 et
2325 1722 2370 2032 mortuorum
2318 2070 2366 2249 caedes
2314 2287 2364 2459 ulcisci
2309 2496 2351 2687 rectum
2304 2725 2353 2975 debitum-

2233 1265 2280 1362 que
2249 1399 2291 1489 est.
2233 1558 2296 1731 Pergit
2230 1767 2294 1921 igitur
2238 1971 2289 2247 orationem
2230 2284 2284 2522 Hecuba:
2217 2569 2276 2747 „Haec
2225 2796 2272 2876 lex
2213 2913 2269 2973 si,

2154 1262 2210 1501 quantum
2167 1537 2214 1586 in
2166 1623 2209 1674 te
2154 1710 2209 1804 est,
2149 1842 2212 2043 impune
2142 2080 2205 2367 violabitur,
2135 2417 2182 2579 neque
2133 2614 2178 2801 poenas
2141 2838 2190 2974 luent

2071 1258 2135 1473 improbi
2085 1511 2126 1561 et
2071 1597 2133 1852 sacrilegi,
2081 1903 2130 2095 iustitia
2080 2143 2110 2170 e
2077 2207 2123 2305 vita
2072 2341 2120 2532 sublata
2068 2569 2114 2677 erit.
2052 2749 2112 2892 Quod
2063 2929 2109 2971 si

2007 1256 2056 1357 hoc
1990 1393 2049 1543 turpe
2006 1578 2038 1693 esse
1998 1728 2053 1886 duciS‚
2003 1924 2035 2005 me
1996 2040 2031 2274 reverere
1994 2311 2037 2359 et
1974 2397 2040 2592 integro
1985 2629 2035 2814 iudicio
1981 2841 2030 2970 mala

1927 1256 1959 1368 mea
1926 1403 1974 1669 aestimans
1926 1707 1972 1804 mei
1919 1838 1971 2097 miserere.
1902 2167 1965 2360 Regina
1911 2398 1959 2516 olim
1896 2551 1956 2639 fui,
1906 2677 1938 2808 nunc
1903 2826 1936 2970 serva

1835 1257 1879 1392 sum3
1847 1428 1894 1544 olim
1846 1583 1892 1722 dives
1830 1759 1891 1963 liberis,
1839 2015 1872 2144 nunc
1822 2182 1881 2331 orba,
1816 2379 1863 2530 anus,
1817 2569 1875 2711 exul,
1809 2751 1871 2966 deserta,

1766 1253 1813 1535 mortalium
1760 1560 1813 1942 afflictissima.'’
1757 1979 1807 2121 Haec
1753 2135 1804 2343 Hecuba
1736 2368 1798 2582 (licente,
1730 2608 1793 2964 Agamemnon,

1671 1253 1732 1337 qui
1685 1396 1716 1542 unam
1670 1585 1731 1771 filiam,
1666 1832 1712 1978 quam
1677 2027 1725 2110 illa
1656 2162 1717 2484 superstitem
1651 2533 1714 2777 habebat,
1662 2844 1692 2871 a
1659 2909 1692 2965 se

1588 1252 1652 1512 abreptam
1602 1570 1649 1732 teneri
1584 1785 1645 2104 recordetur,
1593 2162 1625 2217 os
1589 2268 1635 2447 avertit
1568 2495 1619 2775 corpusque
1580 2826 1612 2961 com-

1523 1250 1565 1433 movet.
1523 1472 1571 1601 'l'um
1521 1629 1569 1738 illa:
1508 1771 1567 1923 „Heu
1516 1945 1563 2066 mihi
1498 2089 1560 2320 miserae,
1493 2349 1540 2446 quo
1504 2474 1553 2709 subducis
1487 2740 1548 2962 pedem?

1443 1248 1492 1329 Nil
1426 1380 1490 1671 profectura
1437 1720 1470 1834 esse
1433 1880 1484 2071 videor.
1417 2142 1479 2275 Quid
1426 2310 1474 2510 tandem
1421 2558 1469 2793 mortales
1418 2837 1467 2959 alias

1281 1304 1337 1352 2³²)
1294 1385 1335 1529 Recte
1288 1559 1332 1827 scholiastes
1286 1859 1327 1915 ad
1285 1948 1311 1990 v.
1284 2019 1326 2128 783:
1281 2163 1326 2243 διὰ
1279 2273 1322 2359 τοῦ
1266 2388 1322 2535 νόμον
1262 2566 1319 2653 γὰρ
1266 2675 1318 2786 τοὺς
1263 2811 1315 2960 θεοὺς

1206 1393 1265 1713 γιγνώσκομεν,
1203 1746 1260 1887 ἤγουν
1214 1917 1259 1995 διὰ
1201 2024 1254 2173 νόμου
1192 2204 1250 2617 καταλαμβάνομεν
1202 2648 1249 2768 εἶναι
1189 2796 1246 2957 θεουΙς,

1151 1387 1193 1466 καὶ
1137 1497 1191 1642 ζῶμεν
1146 1675 1189 1752 διὰ
1143 1784 1184 1867 τοῦ
1130 1897 1186 2044 νόμου
1140 2080 1184 2136 τὰ
1138 2169 1180 2328 δίκαια
1136 2359 1178 2437 καὶ
1136 2466 1179 2523 τὰ
1132 2555 1179 2695 ἄδικα
1120 2719 1174 2953 τάξαντες.

1081 1387 1123 1481 τῶν
1066 1520 1121 1678 νόμων
1075 1721 1118 1768 ἐκ
1071 1808 1113 1929 θεοῦ
1068 1966 1116 2116 ὄντων
1053 2158 1108 2427 τιμωμένων
1054 2467 1110 2657 σώζεται
1059 2700 1102 2777 καὶ
1047 2820 1101 2847 ἡ
1050 2889 1098 2954 εἰς

1008 1387 1055 1565 ἐκεῖνον
993 1597 1051 1722 τιμή,
992 1751 1046 1812 μή
987 1847 1042 2116 τιμωμένων
996 2147 1041 2197 δὲ
994 2229 1037 2481 διαλύεται.
1004 2503 1012 2559 --
990 2588 1035 2705 θεὸν
975 2738 1030 2867 ἴσμεν
969 2887 1023 2953 τῷ

924 1382 982 1533 σέβειν
935 1563 977 1684 θεοῦ
921 1714 977 1909 νόμους·
915 1940 970 2003 τῷ
912 2036 971 2122 γὰρ
914 2155 966 2404 φυλάττειν
923 2432 967 2491 τὰ
921 2510 965 2598 ὑπὸ
918 2622 959 2741 θεοῦ
902 2760 942 2951 νενομο-

854 1382 910 1618 θετημένα
863 1649 909 1769 εἶναι
859 1798 902 1878 καὶ
857 1909 901 1960 τὸ
855 1991 896 2126 θεῖον
839 2154 893 2411 νομίζομεν.
852 2470 892 2554 llis
834 2582 887 2800 neglectis
843 2830 883 2950 Her—

795 1377 825 1568 mannus
792 1599 821 1654 ea
775 1678 833 1875 levitate,
775 1911 814 2000 qua
782 2029 824 2145 solet
780 2164 823 2274 talia
766 2302 821 2579 transigere:
762 2620 817 2761 ‚‚Hos,
759 2791 815 2947 inquit,

722 1378 768 1486 dicit
707 1514 765 1635 (1608,
708 1668 748 1779 quos
713 1811 757 2082 credimu8.”
