5010 3336
2067 3283 2097 3305 30

1136 2066 1192 2186 389

1360 2746 1409 2953 iiciendo
1357 2565 1408 2726 παῖδα
1358 2366 1421 2540 φόνου
1352 2173 1419 2340 σχέθε,
1362 2007 1403 2142 recte
1357 1858 1403 1989 idem
1357 1791 1403 1839 iu
1357 1594 1419 1760 quinto
1354 1306 1421 1569 ἀπήλασας

1441 2737 1502 2953 reposuit
1445 2656 1486 2703 et
1440 2576 1485 2622 in
1444 2375 1501 2541 quarto
1434 2212 1503 2342 τῷδε
1436 1950 1491 2180 inseruit3
1436 1612 1495 1905 reliquorum
1437 1305 1484 1577 emendatio

1520 2794 1565 2953 minus
1517 2724 1564 2770 ei
1517 2489 1564 2699 feliciter
1516 2300 1564 2461 cessit.
1513 2186 1560 2238 In
1512 1986 1558 2162 litteris
1511 1300 1574 1962 (ΚΡΑ)ΝΤΑΓΕΝΟΤΣ

1612 2776 1645 2952 nomen
1591 2163 1643 2746 ΜΕΓΛΠΕΝΘΟΤΣ
1590 1985 1637 2135 latere
1591 1641 1639 1951 manifestum
1600 1503 1643 1594 est.
1594 1306 1642 1435 Tum

1676 2903 1722 2953 in
1675 2693 1722 2867 eodem
1690 2503 1722 2647 versu
1688 2369 1737 2457 pro
1667 2086 1720 2332 Γλαύκου
1668 1866 1731 2037 reponi
1672 1548 1718 1816 vocativum
1671 1305 1720 1511 Γλαῦκε
1678 837 1736 862 ⁴2„
1700 775 1705 786 ,

1753 2701 1816 2954 postulant
1769 2611 1800 2667 ea
1768 2455 1815 2575 quac
1753 2119 1813 2419 sequuntur,
1744 1996 1795 2083 καὶ
1738 1896 1795 1962 σὺ
1748 1760 1796 1863 κτλ.
1749 1603 1795 1693 His
1750 1306 1798 1568 intellectis
1737 838 1753 860 '⁴

1833 2654 1894 2955 reliquorum
1830 2432 1878 2621 medela
1828 2242 1876 2401 facilis
1832 2128 1875 2216 est.
1827 1733 1887 2060 Quamobrem
1827 1639 1874 1710 sic
1830 1306 1876 1615 scribendum
1794 815 1923 867 'lja

1924 854 1956 859 l

1995 853 2018 859 l

2045 851 2143 858 i

2145 850 2251 857 ἰ

1284 2797 1331 2953 Recte
1280 2505 1327 2746 lacobsius
1281 2250 1342 2459 primum
1294 2011 1325 2199 versum
1277 1677 1324 1962 emendasse
1278 1456 1325 1643 videtur
1294 1308 1327 1422 cou-
1279 815 1503 874 Y*

1926 2842 1958 2952 esse
1924 2602 1957 2806 censeo:

1985 2633 2037 2817 Οὐκέτι
1983 2364 2050 2599 Προίτου
1982 2172 2033 2330 παῖδα
1982 1965 2048 2137 φόνου
1982 1770 2047 1920 σχέθε
1985 1307 2051 1737 Βελλεροφόντης,

2068 2630 2115 2727 τοῦ
2059 2546 2115 2594 δ’
2063 2461 2115 2516 ἐκ
2068 2312 2125 2426 σοῦ,
2062 2075 2123 2277 παιδός,
2062 1722 2126 2042 τειρομένου,
2064 1436 2126 1689 θάνατον,

2147 2603 2203 2823 Γλαῦκε,
2144 2425 2208 2567 παρὰ
2142 2003 2206 2390 Μεγαπένθους
2142 1735 2207 1969 Ἰοβάτου
2138 1653 2193 1702 θ’
2143 1338 2206 1617 ὑπάλυξεν·

2222 2560 2282 2727 οὕτως
2223 2427 2288 2527 γὰρ
2224 2163 2285 2392 Μοιρῶν
2218 2011 2290 2131 τῷδ’
2220 1730 2282 1981 ἐπέκλωσε
2223 1565 2274 1696 λίνα.

2302 2714 2354 2820 Καὶ
2296 2613 2352 2679 σὺ
2302 2399 2365 2595 πατρὸς
2302 2206 2365 2377 φόνον
2302 2029 2361 2183 αὐτὸς
2302 1746 2368 2010 ἀπήλασας
2299 1508 2367 1731 ἐγγύθεν
2299 1306 2362 1490 ἐλθών,

2380 2639 2431 2726 καὶ
2380 2416 2445 2605 μύθων
2379 2179 2429 2382 ἐσθλῶν
2381 1947 2445 2145 μάρτυς
2379 1575 2447 1914 ἐπεφράσατο.

2463 2773 2511 2950 Verte:
2462 2559 2519 2703 „Non
2462 2310 2523 2513 amplius
2464 2061 2509 2262 caedem
2464 1939 2509 2027 filii
2463 1738 2510 1904 Proeti
2463 1643 2524 1693 (a
2464 1451 2526 1607 capite
2460 1305 2522 1416 suo)

2542 2759 2588 2954 arcebat
2539 2374 2600 2726 Bellerophon3
2541 2252 2586 2337 sed
2556 2104 2585 2214 cum
2542 1993 2585 2073 ille
2555 1935 2585 1961 a
2544 1829 2597 1901 te,
2543 1663 2597 1795 filio,
2545 1304 2601 1627 premeretur,

2626 2728 2678 2954 mortem,
2618 2503 2674 2705 Glauce,
2634 2328 2679 2469 quam
2618 1950 2680 2300 Megapenthes
2618 1640 2679 1924 Iobatesque
2616 1304 2675 1617 intentabant,
2649 846 2670 856 s.
2642 819 2672 824 2

2699 2753 2762 2951 effugit:
2698 2633 2744 2704 sic
2696 2470 2743 2598 enim
2696 2321 2742 2436 satis
2696 2240 2742 2285 ei
2696 1910 2743 2205 destinatum
2700 1753 2745 1873 erat.
2696 1622 2742 1685 Et
2701 1536 2742 1588 tu
2695 1304 2742 1503 caedem

2794 2927 2824 2953 a
2782 2751 2841 2893 patre
2777 2611 2839 2717 ipse
2774 2272 2837 2565 propulsasti
2776 1924 2833 2233 subveniens,
2780 1822 2822 1872 et
2773 1596 2838 1778 (pater)
2774 1303 2836 1561 probarum
2775 790 2821 848 :vi-

2857 2685 2904 2953 orationum
2852 2403 2914 2639 (tuarum)
2853 2214 2899 2354 testis
2854 1964 2899 2170 animum
2851 1670 2903 1917 attendit.’'
2853 1471 2908 1602 Alia,
2867 1302 2913 1425 quae

2950 2859 2983 2954 non
2938 2711 2981 2823 sunt
2932 2518 2979 2680 verbis
2946 2243 2992 2489 expressa,
2947 2145 2978 2205 ex
2931 1996 2989 2122 loco,
2932 1799 2994 1961 inquo
2932 1683 2978 1765 illa
2931 1472 2993 1665 depicta
2933 1302 2989 1456 erant,

3012 2679 3061 2953 coniectare
3010 2518 3057 2646 licet.
3009 2326 3057 2449 Nam
3026 2131 3072 2279 quum
3011 1874 3059 2095 omnibus
3010 1527 3072 1841 imaginibus,
3008 1301 3070 1477 quibus

3092 2824 3139 2955 illius
3089 2611 3152 2779 templi
3089 2310 3135 2563 columnae
3089 2017 3135 2277 'decoratae
3094 1809 3148 1973 erant,
3088 1536 3149 1759 exempla
3086 1300 3150 1496 pietatis

3171 2743 3216 2953 filiorum
3184 2593 3231 2708 erga
3172 2378 3213 2557 matres
3173 1978 3229 2342 repraesentata
3169 1733 3223 1945 suerint,
3168 1576 3214 1699 hanc
3166 1302 3229 1542 picturam

3248 2779 3295 2950 eodem
3246 2452 3309 2745 pertinuisse
3260 2215 3291 2416 necesse
3251 2080 3290 2181 est:
3245 1904 3291 2030 unde
3262 1833 3291 1858 a
3245 1490 3292 1792 Stheneboea
3248 1300 3290 1455 matre

3326 2691 3389 2952 impulsum
3323 2282 3386 2654 Megastheuem
3324 2048 3369 2245 caedem
3323 1876 3369 2003 illam
3322 1450 3385 1838 Bellerophontis
3338 1302 3382 1416 per-

3404 2668 3468 2951 petrandam
3402 2364 3463 2641 suscepisse
3402 2039 3462 2335 intelligitur.
3401 1712 3448 1971 Praeterea
3407 1520 3462 1685 aperte
3400 1302 3461 1501 Euripi-

3484 2838 3530 2951 dem
3488 2605 3529 2801 secutus
3487 2494 3527 2567 est
3480 2239 3542 2460 llygiuus
3480 2092 3527 2185 fab.
3482 1976 3526 2052 57.
3485 1892 3526 1939 et
3486 1679 3526 1857 astron.
3478 1587 3537 1645 ΙΙ,
3482 1472 3525 1549 18.
3477 1300 3524 1425 Ter-
3494 811 3527 843 ,1
3476 758 3479 759 ’

3562 2830 3607 2951 tium
3560 2464 3607 2795 testimouium
3563 2256 3606 2413 exstat
3558 1920 3605 2207 scholiastae
3557 1671 3604 1874 Homeri
3558 1576 3607 1628 11.
3556 1445 3611 1539 Vl,
3558 1301 3601 1408 155.
3542 701 3547 705 ’

3639 2732 3703 2952 Denique
3639 2495 3685 2698 multum
3638 2401 3684 2460 ad
3637 2107 3684 2365 eruendam
3637 1833 3683 2063 dramatis
3640 1501 3683 1788 structuram
3635 1298 3682 1465 confe-

3723 2839 3765 2950 runt
3717 2451 3780 2789 Aristophanis
3716 2098 3763 2387 imitationes
3720 1998 3761 2047 et
3715 1567 3763 1937 scholiastarum
3713 1301 3762 1517 eiusdem

3796 2600 3844 2950 annotationes.
3852 826 3858 827 ἵ

3875 2513 3923 2822 Prooemium
3889 2322 3922 2465 nemo
3872 1987 3919 2286 commodius
3872 1595 3937 1952 Megapenthe,
3871 1380 3919 1546 Proeti
3875 1297 3917 1345 et
3864 780 3930 813 11
3879 749 3881 752 ’

3954 2610 4004 2949 Stheneboeae
3955 2475 4001 2577 filio
3951 2373 4013 2438 *),
3953 2174 3999 2339 dicere
3953 1968 4015 2141 potuit.
3952 1782 3999 1899 Eius
3952 1489 3998 1741 materiam
3950 1299 4012 1453 Hygi·
3935 837 3938 840 ”

4050 2859 4081 2949 nus
4034 2661 4096 2824 posuit
4034 2552 4079 2628 his
4033 2357 4081 2514 verbis
4030 2202 4093 2319 (fab.
4046 2123 4079 2163 c.
4030 1955 4091 2088 57.):
4031 1537 4093 1897 „Bellerophon
4044 1394 4076 1501 eum
4029 1300 4075 1358 ad

3355 811 3381 820 <ff
3394 810 3489 819 -σ--ςσ
3542 811 3581 819 -ὴ-
3622 810 3633 816 --
3657 810 3692 819 ⁴„
3736 815 3747 817 -
3804 809 3819 817 ¹-
3830 808 3853 817 Ᾰ-
3865 808 3868 809 ’

4206 2837 4260 2886 ³¹²)
4206 2739 4247 2806 Cf.
4207 2520 4247 2708 Pausan.
4204 2436 4256 2493 ΙΙ,
4204 2340 4245 2407 16.
4219 2266 4258 2306 p.
4202 2151 4245 2243 146.
4202 1957 4258 2121 Hygin.
4216 1902 4243 1938 c.
4200 1776 4243 1871 244.
4202 1588 4245 1737 Schol.
4199 1442 4241 1565 Pind.
4197 1299 4240 1424 Nem2

4275 2732 4327 2810 lx,
4275 2636 4317 2703 30.
4275 2478 4317 2605 Diod.
4275 2376 4326 2443 lv,
4273 2280 4315 2346 (58.
