5010 3336
3955 2176 4010 2257 98

3810 1370 3857 1421 ln
3797 1467 3861 1753 Menalippa
3798 1798 3863 2036 denique,
3798 2089 3861 2173 qui
3813 2209 3861 2273 sit
3798 2316 3863 2563 Iuppiter,
3796 2601 3862 2818 ignorari
3808 2851 3860 3068 fatetur:

3722 1507 3782 1655 Ζεύς,
3721 1693 3783 1832 ὅςτις
3731 1867 3783 1896 ὁ
3720 1934 3783 2084 Ζεύς,
3732 2121 3783 2187 οὐ
3717 2221 3784 2323 γὰρ
3724 2362 3789 2503 οἶδα,
3716 2540 3785 2678 πλὴν
3713 2712 3780 2854 λόγῳ

3641 1497 3700 1695 κλύων,
3674 2401 3678 2406 ·

3567 1368 3616 1507 addit
3569 1540 3616 1723 ibidem
3570 1784 3616 1931 deum
3559 1980 3603 2141 neque
3570 2190 3619 2290 ullo
3555 2327 3604 2535 corpore
3554 2588 3602 2748 neque
3567 2786 3611 2923 certo
3565 2958 3613 3069 loco

3476 1365 3536 1566 includi,
3488 1603 3536 1691 sed
3474 1718 3536 1899 ubique
3474 1923 3533 2234 praesentem
3490 2263 3521 2374 esse
3490 2411 3531 2461 et
3488 2486 3537 2656 videre
3473 2689 3533 2867 omnia,
3469 2919 3516 3066 quum

3390 1366 3453 1475 ipse
3408 1510 3437 1537 a
3406 1570 3455 1764 nemine
3392 1800 3456 2147 conspiciatur.
3395 2217 3458 2436 Denique
3408 2472 3455 2741 animum
3405 2777 3453 2923 deum
3403 2957 3435 3069 esse

3324 1365 3372 1493 dixit
3325 1527 3367 1658 teste
3328 1696 3374 1936 Cicerone
3329 1972 3376 2122 Tusca
3321 2158 3378 2197 Ι,
3320 2246 3375 2329 26,
3330 2378 3374 2475 64:
3310 2526 3375 2696 „Ergo
3310 2747 3371 2962 animus,
3322 3015 3365 3070 ut

3229 1366 3275 1457 ego
3232 1494 3291 1622 dico,
3236 1661 3293 1886 divinus7
3249 1930 3291 1982 ut
3233 2017 3296 2280 Euripides
3249 2319 3296 2487 dicere
3234 2537 3294 2714 audet,
3242 2765 3290 2886 deus
3239 2936 3292 3066 est.⁷’

3150 1366 3211 1557 Quibus
3166 1594 3213 1743 addas
3166 1781 3215 1937 schol.
3168 1972 3215 2113 Pind.
3169 2163 3216 2305 Nem.
3154 2346 3217 2431 vl,
3168 2471 3212 2528 7:
3153 2580 3218 2740 θεὸς
3146 2789 3211 2918 γάρ
3151 2966 3193 3069 τις

3082 1365 3137 1433 ἐν
3067 1467 3134 1633 ἡμῖν
3083 1668 3136 1801 κατὰ
3084 1835 3137 1929 τὸν
3071 1963 3136 2280 Εὐριπίδην.

3003 1498 3050 1661 Unum
3003 1711 3050 1855 deum
3004 1906 3052 2178 naturalem
3006 2229 3037 2340 esse
2991 2385 3038 2535 quum
3003 2586 3050 2680 sibi
2986 2735 3046 3070 persuasisset

2906 1364 2970 1661 Euripides,
2922 1711 2970 1832 nihil
2913 1869 2970 2128 obstabat,
2910 2178 2971 2436 quominus
2922 2472 2971 2653 multos
2919 2691 2968 2953 daemonas
2918 2989 2965 3067 vel

2840 1364 2887 1484 deos
2825 1535 2888 1800 populares
2842 1849 2874 1961 esse
2830 2014 2889 2265 crederet,
2829 2330 2875 2481 quos,
2840 2529 2888 2770 maiorum
2837 2821 2886 3064 institutis

2743 1363 2801 1628 acceptOS„
2745 1682 2808 1762 pie
2762 1799 2809 2031 colendos
2762 2070 2794 2181 esse
2762 2218 2805 2488 statueret:
2761 2526 2808 2666 cuius
2744 2704 2804 2899 generis
2755 2935 2803 3068 inter

2680 1362 2729 1587 Thraces
2680 1623 2728 1716 suit
2669 1763 2728 1987 Rhesus,
2667 2050 2728 2132 qui
2683 2181 2730 2395 moriens
2667 2444 2713 2607 neque
2678 2660 2725 2936 exstinctus
2676 2987 2719 3065 est

2585 1363 2631 1523 neque
2600 1560 2647 1621 ad
2600 1656 2648 1846 inferos
2601 1884 2648 2145 descendit
2587 2182 2651 2304 (οὐκ
2601 2340 2656 2438 εἶσι
2585 2471 2650 2626 γαίας
2589 2661 2651 2712 ἐς
2581 2745 2646 3065 μελάγχιμον

2504 1362 2570 1580 πέδον),
2505 1631 2551 1790 neque
2520 1824 2566 1873 in
2520 1910 2568 2092 lumine
2520 2128 2568 2313 versari
2519 2364 2567 2515 desiit
2497 2567 2568 3067 (ἀνθρωποδαίμων

2436 1361 2486 1584 κείσεται
2425 1622 2489 1831 βλέπων
2424 1868 2489 2059 φαος);
2425 2115 2486 2331 itemque
2438 2379 2486 2601 Bacchus
2436 2637 2478 2686 et
2418 2720 2482 2931 Apollo,
2414 2982 2479 3065 qui

2344 1363 2403 1547 statim,
2357 1585 2387 1697 cum
2358 1734 2404 1834 nati
2350 1874 2399 2056 essent,
2359 2095 2390 2149 se
2358 2188 2405 2348 divina
2341 2385 2405 2542 stirpe
2355 2581 2397 2718 ortos
2352 2767 2383 2878 esse
2350 2914 2399 3063 factis

2259 1360 2323 1634 probarunt
2260 1683 2307 1956 magnaque
2277 2004 2326 2215 utilitate
2279 2254 2325 2313 ad
2277 2350 2324 2478 vitae
2275 2515 2323 2701 cultum
2271 2739 2320 2929 inventa
2270 2965 2317 3060 ho-

2194 1360 2226 1509 nores
2195 1557 2243 1748 divinos
2179 1796 2244 1961 adepti
2196 2010 2239 2137 sunt.
2195 2209 2246 2563 Verumtamen
2192 2610 2242 2804 diversa
2189 2840 2236 3061 vocabuli

2114 1360 2160 1408 vi
2115 1441 2162 1519 his
2100 1556 2158 1701 atque
2115 1736 2147 1929 summo
2116 1978 2164 2164 numini
2115 2200 2164 2503 divinitatem
2099 2548 2160 2723 tribui,
2110 2759 2159 2839 his
2107 2896 2155 3061 verbis

2017 1361 2082 1681 significavit:

1954 2024 2005 2156 ἄλλα
1953 2191 1993 2277 σοι
1941 2307 2005 2447 λέξαι
1951 2479 2003 2646 θέλω·

1871 1495 1923 1539 εἰ
1872 1572 1923 1692 θεοί
1873 1725 1905 1774 τι
1859 1808 1923 1973 δρῶσι
1856 2008 1920 2237 φαῦλον,
1871 2275 1922 2397 οὐκ
1869 2433 1922 2606 εἰσὶν
1866 2640 1919 2808 θεοί.

1776 1361 1838 1581 itemque

1696 1490 1761 1593 ἐγὼ
1710 1630 1763 1686 δὲ
1702 1720 1770 1848 τοὺς
1703 1882 1769 2046 θεοὺς
1711 2083 1759 2203 οὔτε
1696 2236 1764 2422 λέκτρ’,
1710 2459 1759 2493 ἃ
1692 2526 1760 2599 μὴ
1692 2633 1758 2803 θέμις,

1615 1490 1682 1726 στέργειν
1617 1759 1682 1976 νομίζω,
1614 2013 1681 2178 δεσμοί
1629 2212 1677 2256 τ’
1616 2291 1682 2529 ἐξάπτειν
1611 2562 1672 2741 χεροῖν

1549 1494 1597 1604 οὔτ’
1533 1640 1601 1839 ἠξίωσα
1548 1872 1599 2074 πώποτ’
1547 2112 1595 2232 οὔτε
1532 2265 1598 2526 πείσομαι,

1467 1492 1518 1607 οὐδ’
1466 1644 1515 1806 ἄλλον
1467 1840 1515 2004 ἄλλον
1449 2043 1517 2302 δεσπότην
1450 2336 1518 2644 πεφυκέναι.

1386 1492 1437 1657 δεῖται
1369 1690 1437 1791 γὰρ
1385 1828 1437 1856 ὁ
1375 1891 1436 2043 θεός,
1371 2081 1435 2274 εἴπερ
1384 2311 1437 2431 ἔστ’
1375 2468 1432 2677 ὄντως
1369 2711 1432 2884 θεός,

1295 1492 1355 1742 οὐδενός·
1302 1780 1355 2035 ἀοιδῶν
1302 2070 1354 2213 οἵδε
1287 2249 1353 2576 δύστηνοι
1286 2610 1353 2817 λόγοι.

1226 1358 1273 1462 Has
1224 1516 1271 1753 absurdas
1208 1798 1265 2057 poetarum
1220 2105 1270 2297 fabulas
1207 2347 1254 2525 quum,
1205 2574 1263 2809 quantum
1204 2860 1268 3051 inipso

1132 1358 1193 1477 fuit,
1127 1546 1176 1727 augere
1127 1761 1188 1910 atque
1130 1956 1189 2135 „odia‚
1130 2186 1188 2414 dissidia,
1127 2452 1188 2751 discordias,
1123 2802 1187 3050 querelas,

1054 1357 1112 1619 adulteria,
1053 1655 1111 1879 vincula,
1062 1919 1094 2030 cum
1060 2065 1109 2278 humano
1043 2313 1092 2500 genere
1058 2535 1105 2827 concubitus
1058 2862 1101 3048 morta-

968 1357 1031 1530 lesque
983 1573 1015 1634 ex
981 1679 1030 2036 immortalibus
963 2088 1030 2412 procreatos’'
962 2462 1028 2653 aliaque
976 2698 1025 2804 eius
960 2851 1025 3048 generis

886 1355 950 1565 plurima
885 1611 950 1851 effingere
900 1895 933 1991 non
888 2040 947 2363 dubitaverit,
880 2411 947 2724 intelligitur,
896 2774 930 2886 eum
897 2950 930 3048 non

822 1355 871 1515 nullos
821 1550 853 1661 esse
822 1695 869 1818 istos
807 1854 870 2002 deos,
818 2052 867 2143 sed
817 2191 851 2288 non
818 2336 850 2450 vere
816 2485 866 2607 deos
816 2644 848 2756 esse
815 2791 866 3044 statuisse.
795 3102 800 3107 ἱ

741 1356 792 1618 Notionem
741 1655 789 1783 enim
725 1819 790 2041 deorum,
724 2080 786 2162 qui
736 2191 786 2376 similes
735 2406 780 2575 essent
723 2606 784 2905 hominibus,
736 2941 785 3044 ani-
