5010 3336
2663 3240 2696 3308 *ssu

2918 3298 2927 3303 .
2905 3243 2937 3286 ips-(5¹

3159 3310 3167 3315 .
3130 3234 3175 3288 Pis..

1046 2127 1103 2246 543

1197 2938 1246 3025 sed
1212 2841 1245 2901 ex
1196 2684 1245 2806 Attii
1210 2500 1258 2648 opere
1195 2239 1243 2464 haustam
1209 2093 1241 2203 esse
1191 1946 1239 2058 inde
1198 1683 1255 1909 apparet,
1190 1502 1252 1628 quod
1189 1364 1236 1463 Pe-

1276 2668 1340 3023 lopidarum
1276 2571 1322 2616 ei
1291 2350 1321 2525 nomen
1289 2218 1336 2305 pro
1273 2036 1320 2181 titulo
1272 1679 1334 2001 praemissum
1276 1539 1317 1641 est:
1269 1433 1315 1472 P
1286 1361 1317 1413 e-

1355 2758 1419 3025 lopidae
1354 2570 1401 2697 enim
1355 2382 1401 2503 Attii
1352 1969 1413 2326 tragoediarum
1366 1811 1397 1901 una
1351 1530 1412 1760 inscripta
1348 1361 1407 1473 suit,

1451 2883 1497 3024 quam
1434 2648 1495 2843 quidem
1434 2547 1479 2608 de
1432 2262 1495 2511 Euripidis
1431 1970 1476 2221 Plisthene
1446 1651 1492 1934 expressam
1428 1458 1475 1611 fuisse
1443 1360 1474 1421 ex

1515 2932 1561 3025 hac
1514 2792 1575 2899 ipsa
1514 2442 1575 2758 inscriptione
1511 2086 1572 2406 cognoscitur.
1510 1879 1556 2016 Atrei
1509 1691 1555 1843 filium
1508 1358 1553 1664 Plisthenem

1592 2865 1639 3021 fuisse
1592 2672 1641 2829 schol.
1594 2476 1639 2634 Orest.
1608 2398 1637 2439 v.
1592 2318 1635 2360 5.
1594 2045 1635 2280 testatur:
1584 1922 1633 2008 καὶ
1579 1688 1647 1894 Ἀτρεὺς
1584 1558 1648 1653 μὲν
1584 1356 1633 1520 Κλεό-

1672 2924 1719 3024 λαν
1668 2784 1734 2879 τὴν
1669 2507 1728 2736 Δίαντος
1666 2138 1731 2462 ἀγαγόμενος
1661 1980 1729 2089 ἔσχε
1665 1635 1729 1930 Πλεισθένη
1665 1542 1714 1601 τὸ
1666 1355 1726 1504 σῶμα

1750 2804 1817 3021 ἀσθενῆ,
1747 2708 1809 2765 ὃς
1746 2394 1813 2679 Ἐριφύλην
1747 2191 1811 2361 γήμας
1743 2012 1809 2155 ἔσχεν
1742 1623 1809 1984 Ἀγαμέμνονα
1744 1504 1794 1590 καὶ
1746 1356 1793 1468 Με-

1830 2832 1880 3022 νέλαον
1830 2708 1881 2797 καὶ
1825 2374 1890 2683 Ἀναξιβίαν.
1825 2154 1883 2295 Νέος
1825 2062 1874 2118 δὲ
1827 1776 1874 2030 τελευτῶν
1825 1714 1875 1742 ὁ
1823 1353 1887 1677 Πλεισθένης

1911 2728 1961 3021 καταλείπει
1916 2625 1974 2695 τῷ
1907 2435 1972 2589 πατρὶ
1900 2279 1965 2401 τοὺς
1906 2036 1964 2245 παῖδας.
1908 1751 1967 1972 Quocum
1906 1353 1968 1713 quodammodo

1994 2769 2055 3016 conspirat
1992 2489 2039 2718 Eustath.
1991 2401 2037 2449 ll.
1989 2313 2051 2363 β,
1991 2156 2035 2277 249:
1977 1961 2035 2105 οὗτοι
1983 1818 2049 1911 μὲν
1979 1636 2049 1773 ἦσαν
1984 1458 2035 1591 κατὰ
1983 1352 2033 1411 τὸ

2070 2789 2134 3015 σύνηθες
2064 2500 2133 2751 Ἀερόπης
2066 2362 2117 2450 καὶ
2063 2101 2129 2317 Ἀτρέως
2066 1887 2124 2067 παῖδες
2070 1756 2115 1853 τοῦ
2064 1448 2124 1718 Πέλοπος,
2069 1350 2129 1414 τῇ

2148 2962 2199 3017 δὲ
2149 2709 2216 2927 ἀληθεία
2146 2286 2208 2671 Πλεισθένους,
2144 2160 2205 2236 ὥς
2159 1899 2210 2113 φασιν
2148 1658 2195 1852 ἄλλοι
2162 1547 2194 1610 τε
2147 1349 2194 1499 πολ-

2228 2910 2279 3019 λοὶ
2229 2765 2280 2854 καὶ
2229 2389 2293 2703 Πορφύριος
2226 2272 2277 2327 έν
2231 2106 2287 2215 τοῖς
2228 1757 2293 2052 ζητήμασιν.
2221 1580 2275 1706 Ἀλλ’
2223 1347 2290 1523 ἐπειδὴ

2309 2692 2373 3017 Πλεισθένης
2308 2543 2368 2660 νέος
2312 2302 2375 2511 τελευτᾷ
2308 2105 2373 2268 μηδὲν
2307 1767 2366 2081 καταλείψας
2307 1535 2371 1741 μνήμης
2306 1345 2368 1509 ἀξιον,

2390 2906 2441 3017 νέοι
2390 2707 2439 2849 πάνυ
2389 2254 2454 2641 ἀνατραφέντες
2388 2086 2438 2189 ὑπὸ
2385 1821 2452 2038 Ἀτρέως
2388 1592 2437 1759 αὐτοῦ
2386 1344 2445 1527 παῖδες

2468 2715 2536 3016 ἐκλήθησαν
2472 2624 2534 2693 *).
2472 2412 2519 2556 Ilunc
2472 2063 2518 2366 Plisthenem
2487 1924 2533 2011 per
2471 1601 2532 1877 Thyestem
2468 1347 2515 1551 interse-

2559 2881 2599 3015 ctum
2569 2737 2599 2847 esse
2552 2550 2600 2701 schol.
2552 2349 2599 2511 Orest.
2569 2270 2598 2312 v.
2554 2154 2601 2233 16.
2552 1946 2597 2115 docet:
2546 1812 2612 1909 τὴν
2547 1543 2612 1776 μοιχείαν
2540 1344 2609 1514 Ἀερό-

2646 2917 2696 3018 πης
2630 2577 2687 2881 αἰνίττεται,
2630 2496 2695 2529 ἢ
2627 2365 2695 2460 τὴν
2633 2106 2693 2332 γυναῖκα
2627 1673 2687 2057 Πλεισθένους,
2624 1559 2677 1621 ὃν
2626 1341 2676 1511 ἀνεῖλε

2709 2767 2773 3013 Θυέστης.
2713 2456 2758 2678 Eundem
2714 2171 2773 2395 Aeropae
2713 1880 2757 2108 maritum
2715 1771 2757 1820 ct
2708 1341 2771 1719 Agamemnonis

2792 2704 2854 3018 Menelaique
2798 2470 2853 2655 patrem
2790 2256 2838 2408 fuisse
2791 1884 2854 2207 Apollodorus
2790 1759 2849 1837 Ill,
2793 1664 2849 1711 2,
2792 1572 2837 1617 2.
2788 1339 2836 1523 refert:

2863 2773 2934 3025 Ἀερόπην
2868 2669 2918 2724 δὲ
2868 2539 2919 2627 καὶ
2868 2206 2935 2490 Κλυμένην
2862 1917 2933 2158 ,Κρητεὺς
2867 1603 2935 1866 Ναυπλίῳ
2867 1339 2917 1557 δίδωσιν

2950 2945 3009 3015 εἰς
2948 2613 3008 2911 ἀλλοδαπὰς
2949 2329 3015 2581 ἠπείρους
2950 1916 3014 2295 ἀπεμπολῆσαι.
2948 1620 2998 1839 Τούτων
2943 1338 3011 1593 Ἀερόπην

3029 2920 3092 3015 μέν
3028 2730 3093 2883 ἔγημε
3029 2369 3093 2692 Πλεισθένης
3028 2235 3078 2322 καὶ
3030 1999 3087 2192 παῖδας
3024 1610 3093 1971 Ἀγαμέμνονα
3027 1487 3078 1576 καὶ
3029 1339 3076 1450 Με-

3108 2822 3159 3015 νέλαον
3105 2602 3159 2786 ἔτεκεν.
3111 2393 3157 2531 Ilaec
3127 2295 3157 2355 ex
3111 2021 3175 2259 Euripide
3112 1809 3157 1985 hausta
3126 1648 3156 1759 esse
3110 1337 3156 1600 scholiasta

3192 2754 3253 3012 Sophoclis
3190 2658 3236 2716 ad
3191 2355 3239 2610 Ai.1·269.
3192 2162 3237 2303 docet
3192 2031 3237 2108 his
3191 1790 3236 1978 verbis:
3187 1699 3252 1734 ή
3186 1445 3249 1648 ἱστορία
3184 1338 3234 1396 έν

3272 2902 3327 3015 ταῖς
3268 2593 3333 2865 Κρήσσαις
3268 2236 3331 2560 Εὐριπίδου,
3267 2118 3317 2197 ὅτι
3268 1691 3331 2082 διαφθαρεῖσαν
3265 1489 3331 1655 αὐτὴν
3263 1336 3331 1456 (τὴν

3343 2741 3412 3021 Ἀερόπην)
3348 2505 3411 2677 λάθρα
3345 2355 3398 2459 ὑπὸ
3349 1973 3411 2304 θεράποντος
3347 1896 3397 1923 ὁ
3346 1677 3411 1845 πατὴρ
3339 1339 3411 1628 (Κρητεὺς)

3429 2750 3494 3011 Ναυπλίῳ
3429 2374 3493 2703 παρέδωκεν,
3428 1970 3493 2323 ἐντειλάμενος
3428 1551 3477 1936 ἀποποντῶσαι,
3420 1428 3477 1490 Ὃ
3424 1336 3476 1392 δὲ

3510 2913 3560 3011 οὐκ
3509 2609 3573 2876 ἐποίησεν,
3503 2450 3558 2554 ἀλλ’
3508 2154 3574 2397 ένεγύησε
3507 1772 3558 2096 Πλεισθένει.
3509 1335 3557 1688 Verumtamen

3593 2966 3639 3014 in
3591 2736 3639 2929 Cressis
3591 2580 3638 2699 haec
3591 2384 3638 2541 locum
3592 2167 3638 2348 habere
3607 2036 3637 2129 non
3591 1772 3654 1992 potuisse
3589 1578 3637 1726 facile
3594 1455 3635 1530 est
3588 1335 3634 1410 in-

3671 2785 3718 3011 tellectu:
3686 2631 3717 2726 non
3671 2412 3733 2574 potuit
3672 2240 3718 2365 enim
3670 2021 3718 2191 eadem
3670 1807 3717 1985 mulier
3674 1721 3717 1771 et
3668 1558 3732 1688 patri
3673 1471 3715 1522 et
3668 1336 3715 1436 filio

3868 2905 3921 2954 ἣν·)
3866 2702 3908 2874 Eadem
3866 2535 3906 2673 refert
3865 2393 3905 2505 Dict.
3864 2243 3904 2359 Cret:
3865 2178 3915 2210 Ι,
3865 2098 3904 2146 1:
3864 1938 3915 2054 „Sed
3863 1850 3904 1898 hi
3877 1723 3903 1808 non
3859 1432 3912 1694 Plisthenis,
3863 1334 3901 1380 ut

3941 2721 3988 2867 erant,
3936 2528 3990 2674 magis
3948 2343 3987 2477 quam
3934 2179 3974 2299 Atrei
3933 1854 3982 2134 dicebantur,
3934 1747 3973 1801 ob
3946 1597 3973 1696 eam
3942 1335 3978 1555 caussam,

4008 2742 4059 2871 quod,
4021 2574 4059 2709 quum
4006 2281 4053 2543 Plisthenes,
4004 2010 4043 2248 admodum
4018 1808 4057 1986 parvus,
4004 1684 4056 1776 ipse
4016 1520 4055 1658 agens
4000 1452 4039 1494 in
3999 1336 4051 1426 pri-

4076 2785 4115 2869 mis
4077 2608 4126 2755 annis,
4076 2483 4116 2576 vita
4074 2279 4114 2453 functus
4073 2138 4114 2248 nihil
4075 1927 4127 2108 dignum
4075 1839 4114 1894 ad
4072 1548 4113 1813 memoriam
4069 1332 4109 1522 nominis

4145 2589 4198 2863 reliquisset,
4147 2393 4187 2549 Atreus
4143 2073 4183 2353 miseratione
4143 1875 4184 2032 aetatis
4157 1688 4184 1839 secum
4154 1582 4182 1657 eos
4140 1334 4181 1553 habuerat

4228 2726 4267 2866 neque
4216 2554 4257 2696 minus
4229 2391 4270 2525 quam
4214 2212 4269 2362 regios
4214 1869 4256 2181 educaverat.⁷⁷
