5010 3336
3925 2147 3981 2268 104

3771 1356 3839 1748 θρυλλούμενοι
3786 1793 3840 1948 ἕνεκα
3768 1993 3834 2086 τῆς
3768 2134 3835 2448 Πασιφάης,
3769 2502 3834 2756 γυναικὸς
3776 2799 3823 2898 τοῦ
3775 2944 3827 3053 Μί-

3696 1356 3739 1499 νωος
3691 1528 3758 1812 βασιλέως,
3705 1864 3757 1952 καὶ
3702 1997 3750 2096 τοῦ
3687 2153 3754 2372 Ταύρου
3701 2406 3749 2505 τοῦ
3683 2539 3750 2795 νοταρίου
3679 2833 3746 3052 (notarii)

3608 1355 3676 1544 αὐτῆς·
3613 1592 3679 1644 ἐξ
3624 1689 3685 1754 οὗ
3623 1789 3679 1927 ἔτεκε
3606 1960 3668 2303 μοιχευθεῖσα
3619 2346 3673 2470 υἱὸν
3618 2508 3670 2604 τὸν
3600 2640 3668 2903 κληθέντα
3613 2942 3662 3052 „Mo-

3528 1353 3595 1660 νώταυρον,
3528 1708 3593 2111 μεσιτεύσαντος
3523 2157 3583 2222 τῇ
3520 2270 3589 2472 μοιχεία
3519 2518 3584 2612 τῆς
3520 2657 3584 2909 πορνείας
3531 2952 3579 3053 τοῦ

3462 1353 3514 1637 Δαιδάλου
3461 1685 3512 1774 καὶ
3460 1820 3506 1918 τοῦ
3444 1960 3513 2183 Ἰκάρου.
3458 2258 3515 2322 Ὅ
3456 2359 3509 2414 δὲ
3444 2449 3506 2642 Μίνως
3438 2677 3508 2922 βασιλεὺς
3434 2955 3503 3055 τὴν

3365 1354 3432 1650 Πασιφάην
3369 1683 3432 1996 άποκλείσας
3378 2032 3430 2089 ἐν
3357 2122 3426 2195 τῷ
3355 2230 3425 2594 κουβουκλείῳ
3351 2626 3421 2899 (cubiculo)
3354 2924 3421 3053 μετὰ

3299 1354 3351 1455 δύο
3299 1508 3351 1775 δουλίδων
3282 1810 3344 2054 παρεῖχεν
3280 2090 3346 2225 αὐτῇ
3278 2261 3343 2497 τροφήν,
3291 2550 3343 2640 καὶ
3289 2676 3341 2849 εἴασεν
3271 2886 3341 3054 αὐτὴν

3207 1350 3271 1484 ἐκεῖ,
3202 1534 3270 1710 μηκέτι
3204 1762 3271 2011 ἑωρακὼς
3198 2060 3264 2248 αὐτήν·
3213 2297 3265 2383 καὶ
3195 2420 3265 2590 ἐκείνη
3191 2626 3259 2945 θλιβομένη,
3195 2981 3258 3051 ὡς

3137 1348 3185 1574 λυθεῖσα
3120 1607 3185 1700 τῆς
3116 1735 3186 2011 βασιλικῆς
3119 2060 3184 2233 α’ξίας,
3115 2283 3182 2425 νόσῳ
3113 2479 3179 2735 βληθεῖσα
3124 2782 3179 3048 ἐτελεύτα·

3055 1349 3107 1379 6
3055 1416 3108 1471 δὲ
3045 1503 3106 1775 Δαίδαλος
3053 1809 3106 1897 καὶ
3052 1933 3104 1961 6
3038 1993 3108 2208 Ἴκαρος
3033 2236 3103 2631 ἐφονεύθησαν,
3045 2669 3095 2697 ὁ
3031 2723 3097 2819 μὲν
3028 2842 3100 3052 Ἴκαρος

2959 1347 3025 1568 φεύγων
2957 1601 3020 1694 τῆς
2956 1729 3017 1988 φρουρᾶς,
2959 2027 3020 2097 ὡς
2955 2132 3021 2297 πλέει,
2950 2335 3020 2656 ἐποντίσθη,
2963 2693 3014 2722 6
2962 2758 3014 2815 δὲ
2960 2847 3012 3050 Λαίδα-

2883 1344 2941 1438 λος
2876 1493 2944 1716 ἐσφάγη.
2876 1816 2942 1985 Περὶ
2888 2040 2939 2110 δὲ
2870 2166 2934 2284 τῆς
2867 2344 2933 2713 Πασιφάης
2868 2772 2933 3050 ἐξέθετο

2796 1348 2862 1579 δρῐᾶμα
2810 1615 2861 1643 6
2791 1678 2860 2062 Εὐριπίδης
2805 2096 2857 2125 6
2787 2160 2854 2532 ποιητής*>.
2801 2602 2849 2741 Idem
2799 2776 2848 2834 Il.
2782 2882 2830 2929 p.
2794 2968 2842 3048 31.

2729 1342 2779 1518 Nieb.:
2716 1557 2781 1608 ἐξ
2712 1641 2788 1703 ἧς
2711 1738 2778 1886 ἔσχεν
2725 1918 2776 2039 υἱὸν
2723 2074 2774 2168 τὸν
2712 2204 2772 2386 imvm,
2710 2424 2773 2609 καθὼς
2718 2632 2772 2722 καὶ
2698 2751 2767 3051 Εὐριπίδης

2649 1342 2701 1373 6
2632 1409 2698 1720 σοφώτατος
2629 1755 2694 2156 συνεγράψατο,
2632 2205 2694 2263 ὅς
2627 2300 2680 2455 φησι·
2629 2493 2695 2667 ,,Ζεὺς
2619 2703 2684 3050 μεταβληθεὶς

2558 1342 2620 1415 εἰς
2551 1470 2615 1690 Ταῦρον
2547 1737 2616 1835 τὴν
2544 1879 2612 2145 Εὐρώπην
2543 2175 2612 2563 ἥρπασεν”**).
2541 2604 2606 2890 Congruunt
2551 2923 2600 3049 haec

2486 1339 2519 1439 non
2484 1475 2532 1633 solum
2482 1669 2515 1782 cum
2463 1816 2529 2162 Aristophanis
2479 2206 2522 2255 et
2463 2295 2525 2608 antiquorum
2476 2657 2523 2762 eius
2455 2799 2522 3046 iuterpre-

2406 1338 2450 1444 tum
2387 1480 2451 1786 aliorumque
2386 1821 2445 2129 quorundam
2382 2166 2445 2462 scriptorum
2382 2499 2444 2720 indiciis,
2394 2774 2441 2860 sed
2389 2897 2439 3048 etiam

2325 1340 2356 1450 cum
2307 1497 2371 1787 fragmentis
2303 1842 2366 1973 apud
2301 2026 2366 2384 Porphyrium„
2314 2447 2365 2757 Clementem
2311 2807 2359 2946 Alex.
2308 2997 2352 3047 et

2227 1338 2291 1595 Aristoph.
2240 1635 2290 1755 Ran.
2236 1794 2286 1939 1398.
2226 1980 2283 2203 servatis,
2220 2240 2280 2467 excepto,
2221 2506 2283 2635 quod
2218 2673 2282 2909 Malalas‚
2214 2946 2261 3044 quo

2164 1336 2196 1419 res
2147 1444 2209 1606 operis
2161 1636 2206 1709 sui
2159 1739 2206 1914 rationi
2147 1940 2204 2354 accommodaret,
2145 2389 2198 2605 taurum,
2152 2645 2184 2754 cum
2136 2784 2182 2880 quo
2147 2906 2197 3046 Pasi-

2068 1334 2131 1467 phae
2068 1504 2127 1853 concubuerat,
2078 1891 2125 1940 in
2077 1976 2124 2189 scribam
2061 2225 2123 2441 reginae,
2057 2480 2123 2828 labyrinthum,
2068 2867 2116 2916 in
2052 2945 2099 3042 quo

2002 1335 2049 1510 eadem
2000 1545 2047 1649 viva
1998 1682 2046 1870 inclusa
1983 1909 2039 2003 est,
1995 2040 2043 2090 in
1982 2126 2043 2422 cubiculum,
1994 2460 2036 2509 et
1994 2543 2040 2642 alas
1989 2674 2041 2923 Daedalia
1971 2954 2039 3042 pa-

1921 1333 1964 1412 tre
1917 1461 1967 1725 fabricatas
1917 1772 1964 1821 in
1900 1867 1963 2112 navigium
1912 2160 1961 2381 mutavit.
1912 2453 1961 2698 Incestum
1910 2749 1957 2825 vel
1892 2872 1953 3039 potius
1934 3191 1955 3195 '

1838 1334 1881 1666 monstrosum
1820 1717 1885 1991 Pasiphaes
1833 2043 1881 2355 concubitum
1817 2391 1881 2753 Aristophanes
1827 2791 1870 2927 notat
1824 2960 1873 3038 his

1757 1331 1805 1556 versibus
1744 1594 1805 1737 (Rau.
1740 1775 1802 1943 8739:

1677 1468 1735 1509 ὦ
1661 1546 1725 1896 Κρητικὰς
1659 1931 1725 2028 μὲν
1656 2064 1724 2336 συλλέγων
1653 2371 1720 2657 μονῳδίας,

1579 1463 1646 1733 γάμους
1593 1769 1644 1816 δ’
1580 1853 1643 2176 άνοσίους
1573 2212 1641 2469 εἰςφέρων
1578 2505 1638 2575 εἰς
1570 2608 1639 2706 τὴν
1567 2738 1638 2942 τέχνην,

1501 1329 1550 1458 quae
1514 1492 1562 1554 ad
1496 1587 1561 1868 Pasiphaen
1494 1903 1557 2156 pertinere
1507 2202 1556 2329 dixit
1493 2381 1555 2733 Timachidas,
1488 2783 1552 3035 Euripidis

1417 1326 1483 1771 Aristophanisque
1413 1803 1478 2080 interpres,
1427 2116 1470 2247 teste
1424 2283 1474 2471 schol.:
1410 2511 1476 2841 ,,Τιμαχίδας
1422 2865 1476 2922 δὲ
1419 2949 1472 3037 διὰ

1337 1327 1406 1427 τὴν
1352 1465 1405 1523 ἐν
1341 1567 1398 1679 τοῖς
1333 1721 1400 1897 Κρησὶ
1331 1950 1397 2090 μίξιν
1329 2133 1395 2421 Πασιφάης
1329 2464 1395 2595 πρὸς
1344 2631 1397 2726 τὸν
1324 2774 1387 3032 ταῦρον.”

1271 1326 1323 1520 Eodem
1270 1567 1318 1680 loco
1269 1736 1317 1800 de
1266 1849 1316 1972 [cari
1248 2017 1297 2227 persona
1264 2262 1312 2340 his
1261 2377 1313 2534 schol.
1262 2571 1311 2732 verbis
1257 2769 1310 3032 docemur:

1070 1383 1123 1429 ὅ)
1080 1459 1123 1761 Antiochenus
1066 1792 1106 1834 p.
1078 1866 1120 1973 106:
1060 2016 1117 2123 περὶ
1072 2164 1117 2214 δὲ
1061 2254 1114 2336 τῆς
1059 2380 1115 2633 Πασιφάης
1060 2663 1115 2845 ἐξέθετο
1054 2877 1112 3031 δρᾶμα

994 1464 1054 1724 Εὐριπίδης
1007 1757 1052 1779 ὁ
992 1812 1049 2022 ποιητής.
1002 2084 1044 2153 Cf.
1001 2186 1043 2360 Welck.
989 2392 1028 2435 p.
1001 2468 1044 2565 803.

925 1350 981 1430 *ἢ
937 1462 980 1616 Schol.
937 1646 979 1788 Rhes.
936 1830 979 1910 29:
923 1954 976 2113 διττὰς
930 2156 975 2207 δὲ
915 2247 976 2478 Εὐρώπας
914 2509 975 2858 άναγράφουσιν
914 2898 972 3028 ἔνιοι,

853 1462 908 1573 μίαν
853 1601 911 1684 μὲν
862 1708 910 1956 Ὠκεανίδα
860 1986 900 2078 κτλ.
852 2096 870 2106 ,
844 2139 903 2299 ἑτέραν
858 2330 902 2380 δὲ
849 2412 901 2624 Φοίνικος
854 2654 900 2768 ἔνιοι
854 2795 899 2873 καὶ
842 2900 900 3028 Ἀγή-

780 1461 821 1613 νορος,
787 1642 842 1713 οἷς
793 1742 837 1835 καὶ
775 1863 837 2197 Εὐριπίδης
787 2225 831 2303 καὶ
786 2327 833 2455 ἄλλοι
770 2478 829 2765 ἱστοροῦσιν·
770 2794 835 2861 ἧς
775 2888 829 3027 τοὺς
753 3186 818 3193 l

709 1460 766 1598 περὶ
719 1627 767 1720 τὸν
719 1750 764 1916 Mcvw
706 1946 760 2231 γενέσθαι
702 2260 759 2453 φασίν.
