5010 3336
2173 3284 2193 3321 ir<

2247 3289 2275 3330 {cs}

1134 2095 1190 2214 403

1285 2740 1335 2985 consortio
1282 2370 1345 2705 colloquioque
1281 2125 1336 2337 fruatur,
1283 1929 1339 2078 utque
1292 1742 1341 1895 paene
1275 1552 1325 1710 divino
1274 1333 1323 1520 honore

1382 2930 1414 2983 se
1381 2869 1411 2895 a
1364 2575 1411 2833 comitibus
1361 2447 1408 2538 coli
1361 2234 1422 2411 cupiat.
1358 2059 1418 2165 Quo
1358 1868 1404 2022 elatus
1356 1710 1404 1838 fastu
1356 1565 1403 1691 senis
1354 1332 1418 1546 pruden-

1444 2810 1492 2984 tissimi
1440 2332 1501 2776 modestissimique
1437 2093 1494 2298 monita,
1442 1996 1481 2045 ut
1434 1732 1481 1948 comitati
1434 1485 1481 1679 studeat
1447 1331 1480 1454 neve

1524 2782 1571 2984 alteram
1521 2608 1567 2746 deam
1521 2524 1566 2571 in
1523 2225 1579 2486 conspectu
1514 1984 1577 2190 positam
1513 1690 1575 1935 negligere
1512 1497 1570 1643 velit,
1526 1331 1558 1447 con-

1601 2795 1659 2984 temnit,
1615 2582 1661 2759 negans
1599 2454 1645 2545 sibi
1596 2239 1659 2429 probari
1594 2055 1651 2211 deam,
1591 1881 1638 2015 cuius
1591 1729 1637 1858 sacta
1591 1553 1636 1709 lucem
1589 1331 1653 1532 fugiant.

1680 2821 1739 2983 Quare
1679 2636 1725 2786 misso
1678 2361 1724 2601 monitore
1672 2172 1720 2315 simul
1688 2017 1719 2125 cum
1670 1773 1718 1969 numine
1669 1528 1715 1737 obsceno
1669 1330 1715 1492 statim

1758 2848 1805 2984 iubet
1758 2678 1803 2813 cibos
1757 2485 1820 2643 parari
1767 2201 1815 2450 equosque
1750 1982 1810 2165 curari,
1766 1905 1796 1931 a
1753 1698 1795 1871 venatu
1746 1426 1795 1652 continuo
1745 1330 1793 1390 ad

1837 2679 1898 2985 agitationem
1848 2409 1896 2642 equorum
1830 2063 1887 2372 transiturus,
1830 1858 1891 2027 quibus
1827 1580 1890 1824 periturus
1830 1452 1874 1543 est.

1915 2680 1961 2851 Prodit
1911 2470 1959 2646 deinde
1910 2255 1956 2435 chorus
1908 1961 1964 2231 mulierum,
1922 1800 1968 1924 quae
1921 1656 1953 1765 cum
1904 1410 1951 1621 fuissent
1902 1328 1951 1379 in

1994 2769 2042 2984 vestibus
1990 2520 2038 2732 lavandis
1989 2357 2052 2484 apud
1987 2135 2034 2321 fontem
2001 1950 2048 2099 aquae
1986 1707 2032 1915 marinae
1987 1413 2045 1677 occupatae
1980 1329 2043 1399 ⁴¹),

2074 2921 2121 2983 de
2072 2692 2135 2886 reginae
2069 2352 2133 2657 aegritudine
2067 2108 2128 2309 eiusque
2064 1836 2111 2074 moriendi
2062 1600 2110 1802 consilio
2076 1327 2124 1565 cognove-

2158 2856 2199 2982 runt.
2149 2562 2197 2787 Tertium
2148 2399 2195 2525 enim
2147 2270 2191 2363 iam
2146 2106 2191 2234 diem
2144 1947 2190 2077 illam
2143 1812 2191 1918 cibo
2141 1552 2188 1793 abstinere
2139 1328 2187 1525 inlecto

2229 2608 2279 2982 decumbentem
2234 2424 2289 2569 atque
2225 2199 2272 2389 occulto
2224 1982 2270 2149 morbo
2222 1619 2268 1948 tabescentem
2232 1328 2279 1581 compere-

2315 2855 2358 2981 runt.
2308 2552 2354 2784 Caussam
2306 2408 2353 2521 mali
2306 2115 2367 2387 ignorantes
2306 2011 2348 2093 aut
2300 1822 2347 1992 furore
2298 1573 2345 1798 divinitus
2296 1327 2343 1547 immisso

2390 2851 2436 2982 illam
2387 2630 2445 2815 vexari,
2391 2498 2432 2580 aut
2383 2281 2431 2454 iniuria
2382 2009 2428 2233 affectam
2396 1948 2426 1973 a
2379 1709 2440 1911 coniuge
2392 1565 2423 1674 esse
2375 1328 2422 1532 alienam

2468 2734 2516 2979 Venerem
2469 2454 2523 2697 sectante,
2469 2337 2510 2417 aut
2462 2138 2509 2301 nuntio
2461 2030 2507 2089 de
2459 1722 2507 1994 calamitate
2455 1533 2516 1688 aliqua
2453 1326 2500 1497 domus

2552 2747 2609 2979 paternae
2545 2572 2591 2713 allato
2548 2163 2601 2535 consternatam,
2546 2046 2587 2127 aut
2537 1805 2599 2013 denique
2539 1606 2599 1773 partus
2532 1326 2580 1569 doloribus

2625 2536 2673 2978 vehementioribus
2623 2278 2670 2497 laborare
2620 1920 2683 2242 suspicantur.

2705 2728 2751 2847 Mox
2705 2589 2766 2693 ipsa
2703 2376 2765 2553 pallido
2718 2227 2759 2339 ore,
2697 1954 2762 2179 languido
2694 1649 2755 1908 tabidoqne
2706 1408 2755 1614 corpore
2690 1324 2738 1374 in

2784 2851 2831 2977 lecto
2784 2641 2830 2815 sedens
2782 2415 2829 2606 reclinis
2779 2072 2842 2378 conspicitur.
2775 1701 2837 2005 Morigerans
2771 1531 2817 1655 enim
2768 1322 2816 1483 nutrix

2862 2775 2926 2978 optanti,
2866 2685 2909 2739 ut
2861 2525 2908 2651 clara
2860 2379 2907 2489 luce
2873 2128 2920 2346 puroque
2855 1894 2902 2093 aethere
2851 1604 2908 1865 frueretur,
2852 1435 2895 1568 extra
2847 1323 2895 1412 do·

2959 2848 2990 2978 mum
2957 2741 3005 2831 per
2939 2520 2988 2725 famulas
2937 2204 2986 2501 efferendam
2934 1986 2982 2184 curavit.
2931 1805 2991 1940 Quae
2933 1551 2992 1778 aegrotae
2927 1324 2989 1516 cupido,

3037 2782 3084 2979 semper
3035 2578 3076 2763 eorum,
3034 2417 3080 2540 quae
3018 2200 3074 2392 adsunt,
3012 1862 3076 2169 impatientis,
3009 1663 3057 1839 mentis
3007 1532 3054 1634 eius
3004 1321 3052 1508 habitui

3101 2792 3163 2975 optime
3097 2518 3146 2757 convenit.
3096 2236 3159 2449 Egregie
3094 2057 3140 2201 etiam
3091 1835 3152 2021 reliqua
3086 1616 3135 1802 effinxit
3088 1450 3148 1598 poeta
3082 1320 3145 1414 ἣξεις).

3179 2826 3240 2973 Cupit
3178 2555 3235 2790 Phaedra,
3176 2354 3222 2519 surore
3173 2112 3235 2319 quodam
3171 1848 3231 2075 abrepta,
3182 1758 3213 1811 se
3164 1519 3225 1722 frigidos
3161 1320 3209 1484 fontes

3257 2760 3311 2974 haurire,
3256 2676 3301 2723 in
3254 2408 3300 2640 viridibus
3253 2223 3315 2373 pratis
3251 2112 3297 2199 sub
3249 1870 3294 2084 alnorum
3243 1597 3290 1847 frondibus
3242 1322 3301 1573 recubare,

3342 2890 3383 2973 aut
3351 2767 3397 2855 per
3334 2581 3380 2732 saltus
3338 2293 3394 2542 vagantem
3330 2137 3375 2263 feras
3324 1876 3388 2117 persequi,
3337 1695 3391 1838 canes
3336 1546 3367 1666 voce
3319 1318 3378 1518 hortari,

3414 2682 3462 2971 venabulum
3411 2422 3467 2647 iaculari,
3416 2270 3456 2369 tum
3420 2055 3454 2221 rursus
3417 1856 3465 2003 equos
3399 1544 3447 1804 acerrimos
3397 1463 3443 1509 in
3412 1318 3444 1429 area

3607 2870 3660 2916 >l‘)
3603 2602 3647 2838 Matthiaei
3600 2163 3656 2547 reprehensionem
3597 1902 3637 2111 insulsam
3591 1662 3633 1853 refutant
3591 1320 3633 1607 scholiastae:

3674 2649 3729 2831 φιλοῦσι
3670 2537 3729 2621 γὰρ
3669 2459 3713 2504 ἐν
3674 2331 3717 2430 ταῖς
3666 2068 3713 2302 τοιαύταις
3662 1831 3710 2039 συνόδοις
3660 1619 3714 1791 ὁμιλίαι
3658 1479 3714 1580 περὶ
3661 1318 3715 1451 βασι-

3744 2718 3787 2830 λέων
3742 2338 3799 2685 προςεμπίπτειν
3734 2197 3792 2307 πρὸς
3733 1859 3789 2158 παραμυθίαν
3733 1740 3772 1830 τῶν
3725 1469 3783 1709 καμάτων,
3725 1318 3778 1428 ὤςτε

3811 2745 3856 2828 οὐκ
3809 2463 3859 2715 α’πεικότως
3808 2321 3863 2432 φησὶ
3805 2032 3848 2293 πλύνουσαν
3804 1878 3856 2011 φίλην
3798 1612 3842 1849 πυθέσθαι
3798 1508 3842 1584 καὶ
3800 1319 3842 1475 εἰπεῖν.

3884 2687 3925 2826 Iidem
3895 2572 3922 2655 non
3894 2392 3930 2538 mare,
3878 2273 3917 2349 sed
3876 2066 3916 2231 sontem
3886 1887 3926 2025 aquae
3869 1646 3911 1842 marinae
3884 1591 3912 1617 a
3873 1431 3925 1562 poeta
3868 1316 3910 1402 dici

3956 2710 3993 2829 recte
3953 2409 3993 2680 monuerunt.

4023 2863 4076 2936 ³³¹²)
4023 2683 4064 2834 Schol.
4022 2597 4062 2653 ad
4036 2529 4062 2571 v.
4018 2396 4059 2500 218:
4012 2217 4070 2362 ἄκρως
4012 2128 4055 2176 δὲ
4008 1878 4067 2089 ἐρωτικὸν
4001 1715 4063 1832 ἦθος
4004 1412 4060 1672 ἀπεμάξατο
4009 1316 4063 1372 τῇ

4094 2565 4146 2827 λεπτομερεῖ
4090 2448 4143 2530 τῆς
4083 2152 4141 2407 ἐκφράσεως
4080 1842 4137 2111 περιεργείᾳ·
4078 1728 4127 1792 εἰς
4074 1437 4130 1690 ὑπόμνησιν
4076 1315 4131 1401 γὰρ

4159 2593 4216 2823 ἐρχόμενοι
4158 2456 4201 2546 τῶν
4151 2110 4207 2413 ποθουμένων
4150 1985 4192 2060 καὶ
4146 1695 4205 1938 μονονουχὶ
4145 1313 4201 1653 ζωγραφοῦντες

4226 2707 4273 2822 αὐτὰ
4232 2585 4279 2678 τοῖς
4226 2408 4281 2556 λόγοις
4224 2315 4269 2380 ἔτι
4224 2122 4279 2287 μᾶλλον
4217 2009 4275 2093 τὴν
4217 1731 4274 1979 ἐπιθυμίαν
4216 1471 4271 1703 ἐγείρουσι.

4283 1634 4335 1742 26*

3194 817 3200 819 s
3253 816 3261 820 ,
3280 810 3301 821 ι,
3315 819 3329 821 ξ
3446 816 3449 817 ι

3075 842 3079 843 ⁷
3101 836 3391 847 «α--τ--ᾳ-νι-ςν-»φ
3426 844 3432 845 7
3461 842 3471 845 „
3496 843 3501 845 Α
