5010 3336
998 2139 1052 2215 29

1155 2915 1219 2995 qui
1152 2774 1200 2867 illis
1146 2434 1213 2728 temporibus
1140 2199 1189 2385 cladem
1136 1967 1185 2150 civitati
1149 1837 1181 1921 sua
1130 1529 1180 1804 temeritate
1132 1355 1190 1497 atque

1231 2675 1283 2994 aemulatione
1224 2310 1291 2641 peperissent,
1219 2063 1265 2275 imitatus
1215 1949 1264 2028 sit.
1212 1806 1261 1880 Ad
1212 1699 1258 1771 sui
1210 1539 1257 1664 enim
1206 1352 1253 1503 seculi

1328 2833 1362 2994 mores
1321 2569 1374 2799 personas
1303 2240 1362 2543 antiquorum
1296 2011 1343 2214 heroum
1294 1890 1338 1985 iam
1292 1813 1338 1862 in
1291 1695 1337 1787 hac
1288 1510 1335 1673 sabula
1300 1352 1333 1483 com-

1390 2771 1457 2991 ponenda
1383 2507 1440 2737 detorsit,
1379 2341 1426 2471 velut
1380 2257 1423 2307 et
1371 1917 1421 2223 vinolentiam
1369 1649 1416 1893 Thracum
1372 1564 1413 1614 et
1364 1348 1427 1531 suppli—

1473 2806 1519 2989 ciorum
1462 2420 1513 2753 crudelitatem
1455 2314 1503 2372 ad
1454 2049 1501 2266 Rhesum
1448 1798 1505 1992 retulit,
1445 1346 1497 1735 ostentationem,

1550 2676 1614 2988 splendorem
1540 2380 1599 2631 cultusque
1534 2022 1581 2329 iactationem
1527 1754 1576 1967 barbaris
1523 1473 1571 1693 omnibus
1520 1345 1567 1417 as-

1629 2848 1676 2985 finxit
1630 2746 1672 2793 et
1620 2411 1667 2696 affinitatem
1628 2179 1675 2349 regum
1624 2032 1672 2119 pro
1605 1760 1671 1974 praemio
1602 1546 1650 1698 officii
1600 1339 1646 1488 voluit

1704 2778 1771 2984 proponi
1698 2527 1757 2737 Doloni,
1694 2343 1757 2478 quasi
1689 2086 1755 2297 principi
1687 1781 1734 2053 Persarum.
1683 1454 1729 1713 Praeterea
1678 1338 1724 1411 in—

1786 2836 1849 2984 signis
1785 2613 1845 2789 poetae
1791 2488 1823 2565 ars
1776 2395 1820 2440 in
1787 2290 1819 2346 eo
1767 1935 1830 2252 conspicitur,
1763 1760 1825 1886 quod
1761 1527 1818 1715 effecit,
1762 1428 1804 1482 ut
1772 1334 1803 1394 ex

1865 2876 1924 2984 his,
1877 2720 1925 2840 quae
1858 2501 1905 2686 Hector
1853 2173 1910 2465 Rhesusque
1846 1786 1906 2136 colloquuntur,
1841 1587 1887 1750 statim
1854 1490 1898 1561 ea,
1852 1332 1898 1455 quae

1942 2821 2007 2981 paullo
1942 2658 2004 2774 post
1936 2229 1994 2612 consequuntur,
1925 1983 1972 2182 divinari
1927 1889 1969 1938 et
1936 1691 1983 1845 paene
1935 1552 1966 1647 non
1917 1331 1985 1507 minuS,

2009 3259 2086 3305 [¹
2036 2838 2084 2979 quam
2020 2760 2066 2802 si
2019 2634 2063 2727 iam
2014 2470 2060 2596 sacta
2014 2244 2066 2435 essent,
2020 2107 2068 2195 pro
2003 1926 2049 2071 certis
2006 1748 2062 1891 atque
1997 1450 2060 1713 exploratis
1996 1328 2042 1417 ha-

2100 2873 2149 2979 beri
2098 2642 2162 2844 possint.
2093 2513 2154 2606 Qui
2106 2392 2153 2485 quo
2087 2181 2135 2369 facilius
2082 1786 2147 2153 praevideretur
2082 1545 2134 1763 eventus,
2073 1327 2136 1522 Ulyssis

2168 3260 2189 3279 η’
2178 2673 2244 2977 prudentiam
2173 2434 2220 2626 illorum
2180 2213 2215 2386 caecae
2179 2124 2209 2179 ac
2159 1799 2210 2089 temerariae
2154 1445 2203 1765 confidentiae
2168 1327 2215 1412 op-

2258 2786 2323 2976 posuit:
2254 2602 2302 2738 cnius
2265 2475 2296 2555 res
2253 2301 2294 2438 antea
2260 2178 2308 2268 per
2240 1918 2289 2143 astutiam
2236 1669 2283 1879 feliciter
2239 1473 2297 1635 gestas
2232 1324 2279 1436 dum

2336 2618 2399 2971 cognoscimnS,
2344 2437 2390 2582 quum
2323 2112 2389 2402 praesertim
2319 1872 2365 2076 eundem
2330 1670 2362 1837 rursus
2314 1563 2360 1645 isti
2310 1321 2359 1539 ferociae

2414 2752 2463 2971 insidiari
2412 2486 2466 2718 sciamus,
2411 2393 2452 2442 et
2421 2333 2450 2359 a
2399 2075 2449 2300 Troianis
2397 1919 2461 2041 ipsis
2396 1700 2443 1884 obviam
2392 1464 2438 1664 missum
2403 1318 2435 1429 esse

2546 3030 2547 3033 „
2495 2727 2542 2969 hominem
2490 2454 2551 2675 ignavum
2483 2046 2540 2401 stolidumque,
2476 1858 2522 1992 cuius
2473 1637 2520 1812 indicio
2470 1431 2516 1601 doctus
2467 1318 2512 1399 ille

2559 3262 2643 3289 [Π
2572 2778 2621 2969 facilius
2584 2659 2625 2742 ec,
2581 2529 2629 2622 quo
2563 2239 2617 2493 tendebat,
2556 1910 2622 2202 perveniret,
2554 1754 2599 1877 haec
2552 1576 2613 1721 igitur
2550 1315 2610 1543 reputan-

2661 3280 2676 3299 '
2659 2892 2701 2967 tes
2651 2784 2698 2856 vix
2659 2491 2712 2751 possumus
2641 2201 2697 2453 dubitare,
2637 2039 2698 2152 quin
2633 1872 2680 2006 brevi
2630 1616 2678 1836 homines
2625 1314 2674 1576 insolentes

2738 2916 2781 2965 et
2728 2662 2792 2881 corporis
2726 2450 2771 2627 robore
2719 2219 2766 2415 nimium
2715 2029 2762 2183 fretos
2711 1650 2775 1993 praecipitatos
2703 1310 2768 1615 conspecturi

2802 3170 2869 3173 Ξ
2812 2796 2859 2963 simus.
2804 2482 2861 2716 Accedit,
2799 2299 2861 2428 quod
2810 2121 2843 2253 suam
2798 1868 2853 2073 uterque
2790 1622 2853 1824 gloriam
2786 1511 2832 1569 ab
2784 1310 2831 1463 altero

2879 3169 2898 3172 ι
2887 2711 2938 2961 obscurari
2883 2497 2932 2665 nolens
2884 2397 2926 2446 et
2876 2219 2924 2350 solus
2888 1980 2921 2171 omnem
2885 1771 2916 1932 rerum
2866 1513 2914 1725 feliciter
2878 1308 2927 1481 geren-

2971 2793 3019 2961 darum
2964 2556 3012 2746 laudem
2973 2272 3021 2510 occupare
2955 1993 3017 2222 cupiens,
2948 1879 2996 1946 nil
2963 1671 2995 1833 rerum
2943 1306 2992 1623 communiter

3064 2816 3113 2960 agere
3044 2468 3099 2780 constituunt,
3037 2344 3085 2431 sed
3038 2263 3083 2309 in
3032 1992 3081 2226 cubiculis
3044 1860 3076 1955 non
3028 1675 3074 1833 minus
3040 1503 3086 1645 quam
3023 1433 3070 1482 in
3021 1304 3068 1409 acie

3127 2794 3191 2957 copias
3130 2614 3187 2759 atque
3119 2379 3167 2580 consilia
3130 2090 3179 2345 separare,
3126 1914 3172 2037 quae
3108 1748 3155 1867 ratio
3104 1449 3169 1712 perniciem
3116 1304 3148 1410 cer-

3206 2769 3254 2956 tissime
3201 2595 3249 2718 solet
3198 2290 3244 2550 adducere.
3194 2097 3242 2207 Non
3190 1861 3247 2045 minus,
3201 1662 3249 1802 qnam
3180 1302 3243 1608 colloquium,

3285 2808 3333 2952 etiam
3294 2563 3337 2771 carmen,
3277 2482 3321 2529 iu
3290 2358 3335 2450 quo
3273 2118 3320 2332 canendo
3270 1960 3317 2089 vices
3267 1679 3314 1934 stationum
3264 1302 3326 1656 permutantur,

3370 2787 3428 2953 aptum
3365 2691 3407 2739 et
3373 2532 3405 2646 vere
3354 2240 3417 2485 poeticum
3355 2113 3396 2203 est.
3346 1834 3395 2045 Alternis
3350 1638 3390 1797 autem
3339 1388 3401 1603 strophis
3337 1298 3383 1355 fit

3457 3165 3489 3169 f
3440 2663 3507 2950 significatio
3434 2374 3497 2609 temporis
3430 2242 3477 2318 vel
3422 1768 3490 2195 appropinquantis
3420 1599 3466 1721 lucis
3415 1297 3463 1538 venustis-

3543 3164 3601 3169 ἓ
3524 2802 3581 2950 sima,
3517 2576 3566 2749 similis
3514 2452 3573 2523 ei,
3526 2276 3573 2396 quae
3510 2026 3556 2231 habetur
3504 1932 3550 1982 in
3500 1550 3557 1882 Phaethonte,
3494 1296 3543 1494 alternis

3602 3164 3628 3168 ³
3601 2678 3664 2951 vigiliarum
3596 2498 3643 2629 vices
3593 2122 3654 2451 exponuntur,
3590 1966 3632 2071 tum
3581 1658 3637 1922 Dolonem,
3576 1530 3639 1609 qui
3574 1295 3638 1482 pridem

3630 3164 3751 3169 l
3680 2709 3737 2948 debuerit,
3674 2463 3724 2675 nondum
3670 2240 3718 2430 redisse
3667 1972 3713 2204 mirantur
3661 1741 3720 1939 milites,
3662 1458 3721 1707 postremo
3668 1294 3701 1430 caus—

3753 3162 3890 3168 ἱ
3776 2845 3808 2945 sam
3755 2601 3806 2808 abeundi
3755 2506 3800 2567 de
3766 2326 3798 2470 scena
3745 2006 3795 2290 ostendunt:
3742 1910 3789 1970 ad
3740 1699 3802 1875 Lyeios
3736 1511 3794 1662 euim,
3733 1292 3796 1464 quibus

3843 2772 3902 2942 quarta
3834 2580 3897 2741 vigilia
3830 2290 3892 2544 obtigerit,
3823 1976 3872 2253 excitandos
3836 1886 3867 1938 se
3819 1718 3866 1850 abire
3815 1420 3863 1682 declarant.

3897 3162 3964 3167 l
3914 2581 3977 2812 Sequitur
3926 2425 3975 2537 pars
3904 2150 3955 2379 dramatis
3900 1738 3956 2104 actuosissima,
3910 1597 3956 1688 qua
3894 1503 3939 1562 ad
3892 1289 3938 1467 exitum

3990 3163 4067 3166 ξ
3994 2608 4060 2942 'perducuntur
4006 2452 4053 2574 quae
3988 2372 4034 2421 in
3983 2098 4049 2338 prioribus
3982 1776 4043 2062 praeparata
3979 1613 4033 1740 sunt,
3972 1489 4027 1577 sic,
3974 1400 4017 1454 ut
3983 1288 4016 1371 ex-

4067 3253 4110 3290 ·5’
4074 2607 4138 2937 spectatione,
4074 2409 4127 2570 metu,
4062 2048 4114 2372 sollicitudine
4061 1710 4123 2013 spectatores
4050 1450 4114 1674 suspensi
4054 1288 4095 1423 tene-

4211 3161 4214 3163 ,
4157 2777 4202 2935 antur.
4150 2462 4199 2709 Prodeunt
4147 2381 4195 2431 in
4159 2135 4202 2347 scenam,
4141 2069 4192 2100 i.
4156 1999 4188 2039 e.
4138 1902 4187 1963 ad
4133 1638 4184 1867 Hectoris
4129 1428 4185 1603 cubile,
4127 1285 4173 1393 loco
