5010 3336
4086 3300 4113 3319 ς
4072 3222 4107 3266 [ΝΠ

1061 2105 1115 2184 99

1202 2895 1250 2987 mis
1202 2605 1251 2859 hominum
1203 2264 1251 2571 informatam
1217 2118 1250 2229 esse
1203 1864 1263 2085 videbat,
1210 1768 1253 1818 et
1222 1626 1255 1732 cum
1209 1316 1274 1589 probitatis,

1284 2719 1330 2989 sanctitatis
1283 2372 1343 2684 iustitiaeque
1280 2148 1342 2337 studio,
1298 1990 1329 2102 cum
1282 1784 1346 1945 legum
1286 1316 1355 1749 institutorumque

1362 2719 1410 2990 reverentia
1363 2415 1409 2685 arctissime
1360 2043 1420 2381 coniunctam3
1360 1943 1410 2007 cf.
1361 1717 1411 1908 Hecub.
1370 1558 1415 1678 782:

1436 2755 1490 2860 ἀλλ’
1440 2666 1490 2718 οἱ
1437 2521 1489 2637 θεοὶ
1436 2234 1488 2487 σθένουσι
1437 2129 1504 2201 χώ
1438 1903 1489 2093 κείνων
1443 1660 1503 1871 κρατῶν

1522 2674 1584 2862 νόμος·
1518 2457 1585 2639 νόμῳ
1516 2299 1582 2424 γὰρ
1514 2100 1578 2263 τοὺς
1513 1858 1579 2069 θεοὺς
1520 1452 1590 1816 ἡγούμεθα,

1599 2773 1651 2862 καὶ
1601 2574 1663 2738 ζῶμεν
1598 2386 1648 2541 ἄδικα
1598 2265 1648 2352 καὶ
1594 2080 1650 2230 δίκαι’
1600 1749 1665 2044 ὡρισμένοι.

1679 2928 1726 2994 Ili
1681 2740 1745 2890 igitur
1682 2626 1741 2709 dii,
1680 2374 1742 2590 quamvis
1681 2278 1727 2337 ab
1683 1992 1729 2241 erroribus
1683 1731 1745 1957 vitiisque
1700 1611 1733 1705 non
1688 1438 1749 1582 plane
1708 1322 1741 1404 va-

1767 2812 1820 2994 carent,
1765 2612 1807 2777 tamen
1759 2398 1807 2576 summi
1762 2154 1808 2361 numinis
1762 1910 1809 2117 ministri
1768 1823 1810 1872 et
1764 1612 1812 1793 iurium
1767 1321 1834 1583 legumque

1844 2807 1887 2997 tutores
1855 2659 1886 2771 esse
1838 2273 1899 2626 credebantur,
1845 2167 1888 2221 ut
1841 2051 1904 2132 qui
1842 1912 1889 2019 illos
1844 1730 1891 1877 rebus
1844 1470 1896 1694 humanis
1866 1320 1913 1437 pro-

1918 2806 1981 2997 spicere
1925 2562 1981 2780 negaret,
1933 2428 1967 2526 non
1919 2256 1966 2397 unius
1920 2022 1967 2235 civitatis
1937 1831 1969 1993 mores
1923 1486 1990 1806 institutaque
1946 1322 1978 1462 ever-

2002 2866 2057 2999 tere,
1997 2745 2044 2830 sed
1997 2564 2061 2708 plane
2013 2337 2045 2530 omnem
1999 2031 2056 2301 iustitiam,
2001 1729 2064 1994 pietatem,
2007 1385 2057 1692 sanctitatem
2028 1321 2059 1349 e

2077 2904 2122 3000 vita
2076 2611 2124 2861 hominum
2077 2392 2124 2565 tollere
2078 2083 2125 2346 videretur.
2079 1820 2143 2005 Aperte
2082 1495 2147 1764 Euripides
2090 1323 2138 1441 deos

2162 2689 2203 3002 contemnere
2162 2590 2203 2639 et
2157 2438 2203 2547 iura
2157 2245 2204 2403 divina
2159 1903 2221 2213 humanaque
2178 1634 2225 1869 spernere
2166 1470 2214 1603 idem
2185 1321 2219 1433 esse

2235 2834 2282 3002 docuit
2252 2652 2297 2800 quum
2236 2574 2283 2621 in
2236 2330 2285 2538 Bacchis
2243 2190 2284 2296 tum
2237 2106 2284 2156 in.
2239 1871 2301 2072 reliquis
2245 1544 2305 1834 tragoediiS,
2252 1442 2295 1492 et
2250 1325 2298 1400 fa-

2319 2881 2374 3002 stus,
2314 2610 2361 2843 stultitiae
2316 2255 2378 2575 vanitatisque
2317 2060 2379 2220 arguit
2319 1728 2382 2027 quicunque,
2338 1567 2384 1690 quae
2328 1325 2391 1533 populo-

2409 2896 2439 3003 rum
2393 2670 2439 2861 iudiciis
2399 2465 2440 2634 natura
2395 2326 2457 2431 ipsa
2395 2154 2443 2279 duce
2396 1888 2445 2108 instituta
2405 1647 2462 1843 essent,
2404 1325 2456 1600 disserendi

2472 2734 2520 3002 subtilitate
2472 2432 2534 2701 pervellere
2481 2079 2521 2397 conarentur:

2550 2808 2599 2873 οὐ
2548 2672 2614 2774 γὰρ
2551 2392 2613 2635 κρεῖσσόν
2568 2234 2600 2357 ποτε
2554 2094 2601 2201 τῶν
2553 1878 2617 2061 νόμων

2628 2566 2694 2875 γιγνώσκειν
2628 2435 2695 2533 χρὴ
2629 2311 2679 2400 καὶ
2634 2036 2694 2279 μελετᾶν·

2709 2695 2773 2878 κούφα
2708 2562 2775 2662 γὰρ
2709 2312 2761 2522 δαπάνα

2789 2648 2854 2879 νομίζειν
2784 2461 2857 2613 ἰσχὺν
2790 2317 2842 2428 τόδ’
2789 2133 2856 2281 ἔχειν,

2867 2848 2920 2878 ὅ
2887 2766 2920 2815 τι
2873 2617 2921 2733 ποτ’
2874 2477 2935 2582 ἄρα
2872 2387 2922 2445 τὸ
2871 2056 2937 2351 δαιμόνιον,

2951 2821 3001 2879 τό
2953 2744 3000 2787 τ’
2948 2649 3001 2707 ἐν
2952 2446 3021 2616 χρόνῳ
2958 2238 3018 2422 μακρῷ
2952 1974 3017 2204 νόμιμον

3028 2799 3081 2879 αεὶ
3032 2609 3096 2765 φύσει
3050 2524 3083 2577 τε
3033 2240 3098 2491 πεφυκός.

3113 2796 3176 3012 itemque

3192 2625 3255 2881 πατρίους
3192 2287 3259 2593 παραδοχὰς
3191 2191 3252 2253 ἅς
3193 2105 3242 2159 θ’
3192 1820 3258 2067 ὁμήλικας
3196 1615 3263 1787 χρόνῳ

3273 2590 3338 2884 κεκτήμεθ’,
3271 2378 3331 2550 οὐδεὶς
3272 2210 3323 2343 αὐτὰ
3274 1893 3337 2176 καταβαλεῖ
3274 1690 3339 1863 λόγος,

3352 2768 3402 2881 οὐδ’
3351 2664 3418 2733 ἢν
3352 2563 3401 2629 δι’
3355 2347 3415 2527 ἄκρων
3352 2255 3403 2312 τὸ
3353 2045 3415 2217 σοφὸν
3352 1795 3418 2009 εὕρηται
3359 1534 3421 1760 φρενῶν.

3432 2825 3481 3015 Horum
3435 2570 3481 2775 deorum
3435 2477 3481 2521 vi
3434 2298 3481 2429 effici
3434 1956 3497 2249 putabantur
3451 1591 3500 1907 quaecunque
3440 1336 3505 1556 fortuita,

3512 2749 3577 3016 inopinata,
3515 2598 3560 2716 mira
3514 2254 3570 2563 acciderent,
3529 1913 3575 2215 quorumque
3532 1706 3563 1876 caussa
3533 1576 3565 1670 non
3537 1336 3584 1541 appare-

3596 2923 3651 3015 ret,
3598 2785 3640 2887 tum
3609 2626 3655 2749 quae
3593 2341 3641 2591 hominum
3593 2145 3641 2315 animis
3594 1956 3640 2117 invitis
3594 1669 3658 1931 insciisque
3598 1335 3665 1648 obreperent,

3670 2883 3719 3017 velut
3672 2693 3719 2869 amoris
3673 2518 3730 2677 ardor,
3672 2274 3720 2489 laetitiae
3672 1981 3733 2257 exsultatio7
3672 1636 3724 1952 inflammatio
3678 1526 3726 1609 illa
3682 1336 3741 1501 animi,

3766 2924 3813 3017 qua
3751 2726 3799 2890 affecti
3753 2476 3799 2689 carmina
3753 2164 3800 2425 funderent
3758 1919 3815 2119 poetae,
3754 1737 3801 1874 furor
3757 1585 3805 1687 sive
3760 1340 3822 1541 insania,

3829 2805 3892 3017 denique
3831 2382 3879 2774 vehementiores
3834 2077 3879 2345 animorum
3834 1634 3895 2042 perturbationes.
3838 1339 3903 1564 Eamque

3925 2760 3973 3018 personam
3927 2595 3974 2740 agere
3912 2461 3959 2579 deos
3913 2210 3972 2446 videmus,
3912 1913 3975 2185 ubicunque
3914 1831 3961 1889 ab
3915 1570 3979 1805 Euripide
3921 1340 3968 1543 actioni„

3989 2929 4037 3020 bus
3990 2586 4050 2893 adhibentur,
3993 2453 4055 2549 qui,
3992 2224 4039 2415 etiamsi
4008 2131 4038 2190 ex
3992 1977 4055 2099 ipsis
3994 1694 4043 1943 hominum
3998 1539 4045 1670 vitiis
4000 1340 4049 1511 huius-

4070 2889 4117 3020 modi
4069 2649 4118 2855 affectus
4072 2481 4118 2615 nasci
4074 2266 4136 2447 passim
4072 1937 4134 2238 significavit,
4074 1766 4122 1899 velut
4074 1560 4126 1741 Tmad.
4094 1483 4127 1525 v.
4082 1342 4129 1465 980:

4140 2820 4212 2888 ἦν
4146 2619 4212 2784 οὑμὸς
4146 2469 4210 2587 υἱὸς
4152 2247 4209 2436 καλλος
4148 1792 4213 2213 ἐκπρεπέστατος,

4226 2860 4277 2888 ὁ
4228 2710 4289 2823 σὸς
4228 2628 4279 2676 δ’
4228 2431 4280 2591 ἰδών
4249 2284 4281 2398 νιν
4235 2081 4291 2249 νοῦς
4229 1751 4298 2045 ἐποιήθη
4234 1424 4298 1714 Κύπρις·

4324 2275 4327 2278 ι
4312 1657 4361 1730 7*
