5010 3336
3919 2173 3979 2295 542

3794 1521 3845 1608 καὶ
3793 1643 3845 1737 τὸν
3775 1772 3841 1891 περὶ
3768 1919 3835 2091 ψυχῆς
3763 2126 3832 2330 δρόμον
3757 2365 3825 2586 δραμεῖν

3700 1387 3765 1479 (cf.
3696 1519 3762 1693 fragm.
3705 1730 3759 1886 Alcm.
3686 1925 3756 2101 X1V.)‚
3698 2136 3746 2185 in
3694 2220 3745 2370 Ranis
3690 2406 3724 2447 v.
3689 2484 3735 2574 93:

3617 1514 3682 1800 χελιδόνων
3612 1833 3670 2060 μουσεῖα

3539 1383 3603 1473 (cf.
3537 1509 3600 1684 fragm.
3546 1723 3596 1876 Alcm.
3527 1914 3593 2020 IL),
3541 2058 3583 2109 et
3539 2144 3588 2193 in
3532 2228 3586 2453 Nubibus
3528 2489 3562 2531 v.
3525 2570 3575 2735 1413:

3460 1512 3519 1625 πῶς
3453 1653 3520 1754 γὰρ
3466 1781 3517 1839 τὸ
3450 1867 3516 1965 μὲν
3459 1994 3509 2090 σὸν
3442 2118 3506 2269 σῶμα
3437 2287 3506 2384 χρὴ
3432 2417 3498 2635 πληγῶν
3438 2670 3495 2905 α’θῶον
3435 2933 3494 3067 εἶναι

3375 1378 3444 1467 (ef.
3374 1501 3438 1679 fragm.
3385 1717 3434 1875 Alcm.
3379 1912 3430 2041 XIV.
3379 2081 3409 2123 v.
3359 2163 3422 2248 5.).

3308 1506 3358 1672 Verba
3306 1708 3354 1790 illa
3304 1825 3351 1874 in
3298 1908 3348 2094 Avibus
3281 2134 3348 2197 (v,
3275 2219 3340 2415 1242.):

3214 1502 3285 1687 λιγνὺς
3224 1724 3277 1780 δὲ
3206 1816 3271 1967 σῶμα
3217 2002 3268 2089 καὶ
3200 2125 3265 2307 δόμων
3188 2340 3255 2660 περιπτυχὰς

3140 1501 3191 1888 nectaream-6620
3138 1922 3177 2021 σου
3116 2058 3183 2478 Λικυμνίαις
3109 2515 3172 2807 [jomim

3069 1366 3102 1428 an
3069 1463 3116 1523 ad
3048 1560 3114 1816 Euripidis
3054 1854 3107 2170 didascaliam
3032 2209 3089 2517 spectarent,
3037 2571 3089 2902 Callimachus
3019 2939 3084 3063 (Cy-

2973 1365 3035 1597 renaeus)
2968 1627 3032 1886 dubitavit,
2965 1925 3025 2032 hac,
2958 2071 3015 2207 puto,
2967 2245 3002 2419 caussa
2948 2457 3003 2639 motus,
2945 2677 3005 2807 qnod
2955 2844 2988 2941 non
2954 2976 3002 3060 Li-

2893 1362 2955 1621 cymnius,
2901 1672 2948 1760 sed
2882 1809 2948 2089 Tlepolemi
2890 2128 2937 2261 navis
2884 2299 2935 2508 fulmine
2867 2545 2913 2781 percussa
2875 2818 2907 2930 esse
2872 2967 2920 3059 fin-

2812 1357 2875 1580 gebatur.
2818 1652 2870 1868 Possunt
2814 1905 2857 2064 tamen
2811 2102 2859 2184 illa
2809 2221 2855 2293 sic
2807 2330 2853 2389 ab
2787 2428 2852 2669 Euripide
2796 2702 2838 2895 narrata
2791 2930 2841 3057 fnis-

2736 1359 2781 1440 se,
2745 1492 2785 1544 ut
2726 1592 2791 1831 Licymnii
2718 1879 2787 2122 ἀλάστωρ
2726 2170 2778 2390 fulminis
2722 2426 2769 2653 mittendi
2717 2690 2750 2862 caussa
2711 2898 2761 3056 fuisse

2662 1357 2715 1637 videretur:
2644 1675 2692 1836 neque
2654 1887 2701 2016 enim
2651 2069 2697 2130 de
2631 2177 2696 2499 Licymnii
2636 2545 2688 2791 ictibus
2634 2841 2666 2902 ex
2630 2948 2679 3053 aliis

2572 1353 2632 1514 poetis
2564 1552 2628 1817 quidquam
2571 1856 2619 2102 veteribus
2553 2126 2610 2460 grammaticis
2543 2492 2609 2789 innotuerat,
2553 2827 2596 2881 ut
2537 2908 2583 3053 prae-

2507 1350 2550 1428 ter
2485 1463 2551 1715 Euripidis
2494 1752 2543 1921 drama
2478 1958 2538 2102 nihil,
2472 2141 2519 2235 quo
2485 2272 2532 2351 illa
2481 2388 2530 2564 allusio
2460 2600 2525 2892 referretur,
2455 2932 2502 3050 pos-

2426 1349 2473 1413 sit
2420 1476 2471 1703 inveniri.
2415 1795 2463 1902 Nisi
2396 1970 2459 2118 igitur
2406 2182 2437 2262 me
2402 2323 2451 2455 fallit
2382 2520 2445 2717 opini0,
2378 2790 2424 2886 qua
2389 2951 2438 3048 hoc

2343 1347 2393 1519 drama
2340 1562 2389 1658 iam
2337 1706 2385 1753 in
2318 1807 2382 1988 Vespis
2309 2038 2376 2362 Nubibusque
2304 2398 2358 2680 respectum
2313 2719 2345 2831 esse
2297 2868 2355 3044 statuO,

2248 1345 2310 1600 sequitur,
2258 1650 2299 1701 ut
2253 1737 2296 1847 ante
2252 1886 2299 1961 01.
2235 2000 2293 2081 89,
2243 2121 2291 2166 1.
2226 2207 2290 2351 vulgo
2233 2389 2287 2669 innotuerit.
2216 2740 2280 2914 Itaque
2229 2950 2260 3045 una

2176 1344 2239 1716 cum‘llecuba
2174 1770 2220 1815 in
2168 1870 2203 2067 scenam
2163 2108 2212 2323 delatum
2160 2362 2191 2474 esse
2154 2512 2201 2722 coniicio
2134 2759 2193 3044 propterea,

2090 1342 2149 1476 quod
2093 1541 2145 1914 similitudinem
2075 1970 2133 2213 quandam
2083 2268 2115 2376 sors
2075 2437 2127 2677 Hecubae
2073 2739 2105 2850 cum
2068 2906 2111 3042 sorte

2021 1338 2072 1610 Alcmenae
2015 1647 2065 1831 habere
2005 1868 2059 2077 videtur.

1939 1472 1989 1677 Praeter
1917 1706 1983 2091 Aristophanem
1925 2124 1968 2286 autem
1922 2311 1970 2457 etiam
1905 2484 1967 2704 Plautus,
1910 2742 1963 3039 Plutarchus

1848 1337 1913 1520 (Marc.
1844 1557 1890 1605 p.
1854 1645 1901 1757 310.
1835 1797 1903 1895 G),
1832 1929 1899 2174 Diogenes
1846 2201 1893 2256 L.
1828 2283 1893 2388 (111,
1824 2412 1887 2538 63.),
1821 2576 1885 2884 Macrobius,
1831 2907 1880 3036 Pho-

1769 1334 1830 1462 tius‚
1761 1515 1827 1799 Hesychius
1755 1848 1819 2031 aliique
1765 2076 1813 2138 ad
1763 2184 1812 2311 hanc
1742 2348 1804 2654 tragoediam
1737 2690 1793 3035 respexerunt.

1434 1731 1489 1794 C.
1418 1893 1483 2608 Plisthenes.

1282 1457 1348 1817 Argumentum
1289 1854 1338 1999 huius
1284 2038 1336 2270 dramatis
1266 2304 1329 2435 apud
1263 2464 1327 2713 Hyginum
1273 2749 1307 2793 c.
1275 2830 1320 2909 86.
1272 2948 1321 3023 in-

1222 1326 1269 1481 veniri
1203 1529 1263 1718 primns
1211 1772 1258 1893 vidit
1191 1930 1257 2261 Musgravius.
1200 2332 1249 2468 Illius
1197 2503 1244 2719 narratio
1195 2755 1243 2881 haec
1193 2918 1236 3020 est:

1125 1324 1192 1646 „TliyesteS‚
1114 1686 1182 1886 Pelopis
1128 1925 1170 1974 et
1110 2011 1175 2375 Hippodamiae
1108 2411 1167 2559 filius,
1104 2603 1164 2735 quod
1116 2771 1146 2884 cum
1114 2920 1161 3020 Ae-

1046 1320 1095 1469 ropa,
1056 1520 1105 1658 Atrei
1042 1703 1084 1886 uxore,
1032 1940 1093 2237 concubuit,
1043 2286 1073 2312 a
1041 2359 1088 2515 fratre
1037 2563 1083 2717 Atreo
1036 2765 1084 2827 de
1016 2862 1066 3019 regno

982 1319 1024 1399 est
976 1434 1027 1639 eiectus.
971 1725 1019 1791 At
971 1840 1017 1881 is
968 1929 1015 2067 Atrei
951 2120 1013 2304 filium,
946 2354 1009 2687 Plisthenem,
942 2740 989 2887 quem
938 2925 986 3017 pro

902 1320 935 1408 suo
882 1458 946 1779 educaverat,
891 1831 938 1890 ad
886 1940 935 2146 Atreum
880 2191 932 2591 interficiendum
875 2636 924 2783 misit.
860 2856 922 3015 Quem

819 1317 870 1499 Atreus
812 1539 862 1747 credens
808 1784 859 1954 fratris
806 1992 855 2147 filium
788 2187 834 2315 esse,
784 2351 848 2638 imprudens
794 2673 844 2831 filium
794 2868 825 3014 suum

738 1316 789 1556 occidit.⁷’
731 1624 782 1768 Hanc
726 1803 774 1969 tamen
720 2004 771 2335 narrationem
719 2372 752 2469 non
718 2507 750 2568 ex
700 2604 765 2714 ipso
699 2751 763 3009 Euripide,
