5010 3336
1170 2102 1225 2218 225

1314 2784 1361 2996 omnium
1314 2515 1361 2748 bonorum
1314 2148 1361 2483 suavissimum
1331 1996 1374 2121 esse,
1316 1909 1363 1955 id
1320 1751 1379 1880 quod
1318 1526 1369 1723 Admeti
1321 1342 1385 1495 ipsius

1391 2837 1449 2995 sacto,
1408 2682 1439 2790 cum
1407 2439 1439 2636 uxorem
1408 2298 1455 2385 pro
1409 2208 1439 2261 se
1395 2053 1441 2174 mori
1410 1847 1458 2016 passus
1398 1720 1456 1809 sit,
1401 1343 1451 1666 confirmetur.

1470 2851 1530 2998 Quasi
1471 2558 1518 2817 honestum
1472 2457 1518 2521 sit
1476 2099 1533 2409 exspectare,
1474 1889 1520 2043 donec
1477 1781 1522 1839 ad
1478 1514 1527 1732 officium
1482 1342 1544 1477 leges

1554 2798 1609 2997 cogant,
1554 2699 1595 2749 ct
1550 2518 1611 2653 quasi
1549 2376 1596 2470 vita
1566 2252 1611 2339 per
1567 2137 1610 2216 se,
1553 1858 1599 2089 destituta
1554 1645 1602 1821 decore
1564 1464 1620 1608 atque
1561 1341 1608 1431 ho-

1642 2865 1683 2999 nore,
1628 2591 1688 2827 cuiquam,
1628 2466 1675 2555 nisi
1627 2301 1674 2433 foedi
1629 1996 1692 2267 abiectique
1632 1817 1677 1961 animi
1634 1586 1695 1787 homini,
1637 1341 1687 1548 iucunda

1705 2915 1753 3000 sit!
1705 2708 1752 2843 Haec
1711 2528 1767 2673 atque
1706 2405 1752 2495 alia
1708 2112 1755 2369 obiiciente
1710 1854 1768 2077 Admet0‚
1712 1756 1758 1815 ad
1719 1537 1761 1718 tantam
1719 1344 1780 1501 turpi-

1784 2788 1831 3002 tudinem
1784 2515 1832 2749 delabitur
1786 2263 1845 2480 Pheres,
1793 2175 1834 2227 ut
1789 1838 1850 2141 ignominiam
1807 1746 1837 1799 se
1809 1538 1840 1710 curare
1802 1343 1858 1505 neget,

1863 2723 1922 3004 dummodo,
1865 2530 1924 2687 quoad
1864 2397 1911 2495 sata
1866 2194 1924 2366 sinant,
1867 2010 1914 2157 vitam
1871 1712 1931 1980 producere
1872 1525 1921 1682 liceat.
1874 1344 1923 1457 Me-

1941 2899 1987 3004 ritis
1942 2632 1989 2847 laudibus
1942 2458 1990 2583 hanc
1944 2182 1993 2411 dramatis
1953 1949 2009 2135 partem
1949 1738 1996 1912 extulit
1950 1342 2002 1704 Wakefieldus:

2019 2841 2078 3006 „Nihil
2020 2525 2080 2805 recondunt,
2039 2381 2069 2490 meo
2024 2174 2072 2344 saltem
2026 1952 2085 2145 iudicio,
2028 1696 2075 1913 thesauri
2038 1454 2080 1670 veterum
2038 1345 2082 1427 've-

2103 2749 2159 3009 nustatum,
2100 2582 2160 2711 quod
2101 2499 2148 2548 in
2104 2330 2149 2464 tenui
2106 2095 2168 2294 materia
2106 1827 2169 2059 praeponi
2108 1614 2156 1790 debeat
2115 1346 2161 1578 sermoci-

2177 2812 2235 3009 nationi,
2193 2652 2239 2775 quae
2180 2398 2241 2617 sequitur
2183 2238 2230 2366 inter
2183 1942 2232 2205 Pheretem
2191 1856 2232 1906 et
2187 1561 2237 1821 Admetum
2192 1347 2240 1518 filium.

2254 2671 2319 3009 Simplicitatis
2275 2453 2322 2609 paene
2261 2277 2324 2389 plus
2279 2081 2324 2222 quam
2264 1723 2328 2022 Euripideae
2268 1588 2315 1671 filo
2270 1347 2319 1539 ducitur

2336 2853 2382 3010 oratio
2338 2462 2401 2815 sententiarum
2340 2117 2403 2425 prudentium
2342 1866 2401 2080 referta,
2348 1778 2391 1827 et
2349 1349 2397 1743 mordacissimo-

2429 2904 2460 3010 rum
2415 2677 2474 2866 salium,
2432 2494 2463 2639 sensu
2423 2296 2465 2457 tamen
2437 1991 2484 2259 praegnans
2423 1682 2483 1953 illaborato,
2428 1600 2473 1645 in
2429 1349 2477 1574 omnibus

2492 2801 2553 3011 denique
2510 2533 2557 2766 perquam
2497 2184 2557 2497 admirabilis,
2506 2096 2546 2144 et
2516 1970 2562 2061 quo
2503 1858 2548 1932 vix
2503 1561 2563 1825 perfectius
2507 1348 2570 1530 aliquid

2571 2954 2617 3012 ab
2571 2708 2618 2907 humani
2574 2488 2635 2663 ingenii
2580 2195 2625 2439 comitibus
2580 1956 2641 2143 sperari
2582 1733 2642 1908 queat³²
2582 1639 2643 1703 >k‘).
2586 1468 2633 1559 IIis
2588 1349 2634 1418 sic

2651 2755 2697 3014 transactis
2658 2659 2698 2707 et
2653 2402 2701 2611 Pher-ete
2658 2213 2703 2352 donne
2663 2029 2719 2173 atque
2659 1720 2707 1991 officiorum
2666 1349 2713 1681 communione

2728 2856 2789 3013 pulso,
2744 2644 2792 2817 corpus
2733 2549 2777 2607 ad
2748 2344 2795 2510 rogum
2736 2087 2794 2303 effertur,
2738 1895 2783 2045 choro
2739 1640 2787 1858 ultimum
2742 1351 2792 1612 defunctae

2805 2718 2854 3017 valedicente
2813 2541 2870 2685 atque
2816 2252 2873 2504 exsequias
2815 2028 2863 2213 funeris
2824 1636 2878 1991 prosequente,
2827 1533 2868 1587 ut
2838 1352 2870 1499 vacua

2883 2930 2930 3014 ssat
2901 2735 2931 2893 scena.

2962 2664 3023 2889 interim,
2966 2496 3012 2610 dum
2968 2246 3029 2460 ploratus
2976 2162 3016 2211 ct
2973 1908 3034 2127 planctus
2980 1823 3022 1870 et
2976 1585 3038 1788 lugubre
2994 1353 3028 1548 carmen

3042 2971 3088 3018 in
3056 2790 3089 2934 scena
3043 2420 3107 2755 audiebantur,
3047 2140 3097 2383 Hercules
3052 1980 3098 2105 intus
3054 1728 3102 1942 citharae
3071 1575 3103 1692 sono
3063 1488 3105 1539 et
3059 1354 3106 1454 lae-

3120 2817 3167 3017 tissimis
3124 2471 3184 2779 carminibus,
3127 2324 3173 2434 vino
3129 2031 3191 2284 epulisque
3140 1729 3193 1997 recreatuS,
3136 1480 3184 1690 animum
3154 1355 3185 1441 ex-

3198 2764 3247 3019 hilarabat.
3201 2643 3248 2695 In
3203 2402 3251 2605 adversa
3207 2237 3253 2365 enim
3210 2012 3255 2200 aedium
3217 1839 3271 1974 parte
3212 1542 3275 1803 hospitalia
3216 1356 3265 1506 collo-

3282 2910 3324 3017 cata
3284 2709 3337 2874 erant,
3286 2607 3327 2656 et
3283 2397 3330 2554 claudi
3286 2145 3333 2351 iusserat
3289 1862 3336 2098 Admetus
3291 1626 3338 1814 ianuam
3293 1357 3356 1603 ⁷saucium,

3356 2843 3416 3018 quibus
3358 2700 3404 2806 aula
3358 2409 3422 2664 hospitalis
3379 2263 3410 2370 cum
3366 2127 3411 2231 aula
3367 1880 3415 2092 familiae
3374 1801 3417 1850 et
3376 1676 3417 1775 tota
3372 1573 3418 1653 illa
3374 1358 3422 1550 aedium

3450 2909 3495 3019 pars
3451 2763 3482 2871 cum
3438 2543 3499 2728 reliqua
3442 2364 3487 2507 domo
3443 1924 3504 2327 coniungebatur3
3448 1757 3494 1886 idem
3449 1500 3507 1721 famulis,
3453 1358 3512 1462 qui-

3512 2932 3559 3021 bus
3530 2730 3563 2894 curam
3516 2487 3579 2696 hospitis
3521 2124 3580 2447 mandaverat,
3533 1740 3585 2086 praeceperat,
3538 1650 3574 1703 ut
3530 1359 3591 1614 diligenter

3599 2780 3653 3019 caverent,
3611 2684 3641 2745 ne
3596 2488 3645 2649 flendo
3600 2146 3663 2453 lugendoque
3602 1819 3651 2112 hilaritatem
3606 1678 3652 1782 eius
3607 1361 3669 1643 interpella-

3675 2897 3719 3019 rent.
3673 2523 3735 2829 Accedebat,
3684 2424 3725 2475 ut
3678 2135 3726 2374 Hercules
3682 1979 3743 2086 ipse
3698 1848 3730 1933 suo
3690 1670 3731 1811 cantu
3686 1362 3747 1637 planctibus

3750 2700 3814 3022 obstreperet.
3754 2492 3803 2631 Hanc
3758 2370 3805 2458 viri
3758 1923 3821 2336 importunitatem
3778 1744 3823 1887 aegre
3763 1552 3810 1718 serens
3764 1364 3811 1522 samu-

3827 2948 3875 3024 lus
3830 2691 3891 2912 quidam,
3834 2466 3898 2640 vixque
3838 2205 3884 2417 lacrimis
3844 1881 3901 2154 temperans
3842 1785 3888 1833 in
3842 1363 3906 1740 benignissimae

3906 2806 3956 3024 dominae
3910 2571 3971 2772 sunere,
3918 2334 3979 2523 prodit,
3932 2188 3978 2281 quo
3918 1958 3965 2155 liberius
3919 1740 3979 1920 dolori,
3938 1562 3984 1702 quem
3923 1364 3970 1525 celare

4103 2920 4155 2970 χἥ)
4105 2814 4146 2893 vix
4108 2632 4147 2784 credas
4106 2503 4147 2603 ficri
4108 2263 4161 2475 potuisse,
4113 2184 4149 2230 ut
4108 2018 4150 2155 risum
4124 1808 4153 1988 movere
4112 1586 4153 1774 voluisse
4114 1366 4167 1541 Euripi-

4174 2788 4216 2887 dem
4178 2634 4217 2750 hanc
4177 2454 4229 2591 patris
4178 2244 4231 2411 filiique
4179 1889 4221 2205 contentionem
4194 1704 4234 1834 super
4182 1368 4235 1658 probissimae

4244 2694 4285 2887 mulieris
4247 2512 4287 2665 funere
4248 2240 4289 2481 institutam
4251 1918 4303 2197 proponendo
4250 1655 4304 1885 quisquam
4251 1368 4294 1609 arbitrare-

4313 2794 4359 2885 tur3
4317 2686 4357 2761 sed
4316 2599 4357 2655 cf.
4316 2400 4360 2565 Glumii
4323 2138 4362 2369 comment.
4335 2063 4373 2105 p.
4318 1977 4362 2032 55
4333 1860 4373 1948 seq.

4391 1693 4435 1751 15
