<?xml version="1.0" encoding="UTF-8"?>
<!DOCTYPE html PUBLIC "-//W3C//DTD XHTML 1.0 Transitional//EN"
    "http://www.w3.org/TR/xhtml1/DTD/xhtml1-transitional.dtd">
<html xmlns="http://www.w3.org/1999/xhtml" xml:lang="en" lang="en">
 <head>
  <title>
</title>
<meta http-equiv="Content-Type" content="text/html;charset=utf-8" />
  <meta name='ocr-system' content='tesseract 3.04.00' />
  <meta name='ocr-capabilities' content='ocr_page ocr_carea ocr_par ocr_line ocrx_word'/>
</head>
<body>
  <div class='ocr_page' id='page_1' title='image "./euripidesrestitu00hartuoft_raw_0464.png"; bbox 0 0 5010 3336; ppageno 0'>
   <div class='ocr_carea' id='block_1_1' title="bbox 0 0 0 2707">
    <p class='ocr_par' dir='ltr' id='par_1_1' title="bbox 0 0 0 2707">
     <span class='ocr_line' id='line_1_1' title="bbox 0 0 0 2707; textangle 270"><span class='ocrx_word' id='word_1_1' title='bbox 0 0 0 2707; x_wconf 95' lang='lat' dir='ltr'>                                                     </span> 
     </span>
    </p>
   </div>
   <div class='ocr_carea' id='block_1_2' title="bbox 3583 1410 3680 3082">
    <p class='ocr_par' dir='ltr' id='par_1_2' title="bbox 3583 1410 3680 3082">
     <span class='ocr_line' id='line_1_2' title="bbox 3583 1410 3680 3082; textangle 270"><span class='ocrx_word' id='word_1_2' title='bbox 3621 1410 3677 1694; x_wconf 79' lang='lat' dir='ltr'>argumenta</span> <span class='ocrx_word' id='word_1_3' title='bbox 3616 1737 3680 2038; x_wconf 86' lang='lat' dir='ltr'>dithyrambi</span> <span class='ocrx_word' id='word_1_4' title='bbox 3605 2096 3666 2327; x_wconf 84' lang='lat' dir='ltr'>appellati</span> <span class='ocrx_word' id='word_1_5' title='bbox 3608 2386 3645 2514; x_wconf 87' lang='lat' dir='ltr'>esse.</span> <span class='ocrx_word' id='word_1_6' title='bbox 3600 2603 3655 2839; x_wconf 86' lang='lat' dir='ltr'>Eiusdem</span> <span class='ocrx_word' id='word_1_7' title='bbox 3583 2889 3639 3082; x_wconf 86' lang='lat' dir='ltr'>generis</span> 
     </span>
    </p>
   </div>
   <div class='ocr_carea' id='block_1_3' title="bbox 3183 732 3601 3081">
    <p class='ocr_par' dir='ltr' id='par_1_3' title="bbox 3183 732 3601 3081">
     <span class='ocr_line' id='line_1_3' title="bbox 3500 1407 3601 3081; textangle 270"><span class='ocrx_word' id='word_1_8' title='bbox 3544 1407 3599 1497; x_wconf 70' lang='lat' dir='ltr'>est7</span> <span class='ocrx_word' id='word_1_9' title='bbox 3541 1534 3601 1662; x_wconf 84' lang='lat' dir='ltr'>quod</span> <span class='ocrx_word' id='word_1_10' title='bbox 3547 1696 3600 1988; x_wconf 85' lang='lat' dir='ltr'>Aristoteles</span> <span class='ocrx_word' id='word_1_11' title='bbox 3544 2022 3593 2052; x_wconf 87' lang='lat' dir='ltr'>l.</span> <span class='ocrx_word' id='word_1_12' title='bbox 3543 2088 3590 2119; x_wconf 89' lang='lat' dir='ltr'>l.</span> <span class='ocrx_word' id='word_1_13' title='bbox 3533 2158 3583 2425; x_wconf 84' lang='lat' dir='ltr'>narrativos</span> <span class='ocrx_word' id='word_1_14' title='bbox 3503 2455 3581 2912; x_wconf 80' lang='grc' dir='ltr'><em>(διηγηματικούς)</em></span> <span class='ocrx_word' id='word_1_15' title='bbox 3500 2941 3561 3081; x_wconf 86' lang='lat' dir='ltr'>prius</span> 
     </span>
     <span class='ocr_line' id='line_1_4' title="bbox 3424 1406 3523 3076; textangle 270"><span class='ocrx_word' id='word_1_16' title='bbox 3462 1406 3509 1547; x_wconf 88' lang='lat' dir='ltr'>quam</span> <span class='ocrx_word' id='word_1_17' title='bbox 3471 1582 3523 1839; x_wconf 87' lang='lat' dir='ltr'>imitativos</span> <span class='ocrx_word' id='word_1_18' title='bbox 3451 1876 3515 2210; x_wconf 76' lang='lat' dir='ltr'><strong>dithyrambos</strong></span> <span class='ocrx_word' id='word_1_19' title='bbox 3454 2250 3506 2402; x_wconf 74' lang='lat' dir='ltr'>fuisse</span> <span class='ocrx_word' id='word_1_20' title='bbox 3447 2437 3499 2605; x_wconf 86' lang='lat' dir='ltr'>innuit.</span> <span class='ocrx_word' id='word_1_21' title='bbox 3443 2673 3491 2739; x_wconf 87' lang='lat' dir='ltr'>Et</span> <span class='ocrx_word' id='word_1_22' title='bbox 3424 2773 3484 3076; x_wconf 80' lang='lat' dir='ltr'>tragoediam</span> 
     </span>
     <span class='ocr_line' id='line_1_5' title="bbox 3345 1403 3434 3077; textangle 270"><span class='ocrx_word' id='word_1_23' title='bbox 3382 1403 3430 1622; x_wconf 77' lang='lat' dir='ltr'>quoque,</span> <span class='ocrx_word' id='word_1_24' title='bbox 3379 1674 3426 1818; x_wconf 86' lang='lat' dir='ltr'>quam</span> <span class='ocrx_word' id='word_1_25' title='bbox 3390 1848 3422 1905; x_wconf 76' lang='lat' dir='ltr'>ex</span> <span class='ocrx_word' id='word_1_26' title='bbox 3369 1944 3434 2252; x_wconf 86' lang='lat' dir='ltr'>dithyrambo</span> <span class='ocrx_word' id='word_1_27' title='bbox 3373 2283 3418 2444; x_wconf 88' lang='lat' dir='ltr'>natam</span> <span class='ocrx_word' id='word_1_28' title='bbox 3367 2483 3401 2594; x_wconf 83' lang='lat' dir='ltr'>esse</span> <span class='ocrx_word' id='word_1_29' title='bbox 3345 2630 3404 2845; x_wconf 67' lang='lat' dir='ltr'>constat,</span> <span class='ocrx_word' id='word_1_30' title='bbox 3357 2899 3388 2925; x_wconf 88' lang='lat' dir='ltr'>a</span> <span class='ocrx_word' id='word_1_31' title='bbox 3355 2959 3387 3077; x_wconf 86' lang='lat' dir='ltr'>nar-</span> 
     </span>
     <span class='ocr_line' id='line_1_6' title="bbox 3259 732 3387 3074; textangle 270"><span class='ocrx_word' id='word_1_32' title='bbox 3312 732 3387 784; x_wconf 50' lang='grc' dir='ltr'>[ἷῖιζ</span> <span class='ocrx_word' id='word_1_33' title='bbox 3347 816 3350 817; x_wconf 50' lang='lat'>=</span> <span class='ocrx_word' id='word_1_34' title='bbox 3317 1399 3365 1550; x_wconf 86' lang='lat' dir='ltr'>rando</span> <span class='ocrx_word' id='word_1_35' title='bbox 3313 1584 3362 1717; x_wconf 85' lang='lat' dir='ltr'>aiunt</span> <span class='ocrx_word' id='word_1_36' title='bbox 3312 1742 3359 1802; x_wconf 90' lang='lat' dir='ltr'>ad</span> <span class='ocrx_word' id='word_1_37' title='bbox 3303 1830 3358 2112; x_wconf 88' lang='lat' dir='ltr'>imitandum</span> <span class='ocrx_word' id='word_1_38' title='bbox 3286 2134 3342 2452; x_wconf 81' lang='lat' dir='ltr'>processisse.</span> <span class='ocrx_word' id='word_1_39' title='bbox 3284 2527 3336 2670; x_wconf 85' lang='lat' dir='ltr'>Unde</span> <span class='ocrx_word' id='word_1_40' title='bbox 3278 2695 3330 2874; x_wconf 90' lang='lat' dir='ltr'>docere</span> <span class='ocrx_word' id='word_1_41' title='bbox 3259 2910 3324 3074; x_wconf 85' lang='lat' dir='ltr'>dithy-</span> 
     </span>
     <span class='ocr_line' id='line_1_7' title="bbox 3183 1396 3282 3068; textangle 270"><span class='ocrx_word' id='word_1_42' title='bbox 3236 1396 3282 1617; x_wconf 85' lang='lat' dir='ltr'>rambum</span> <span class='ocrx_word' id='word_1_43' title='bbox 3232 1654 3281 1825; x_wconf 86' lang='lat' dir='ltr'>eodem</span> <span class='ocrx_word' id='word_1_44' title='bbox 3213 1860 3273 2033; x_wconf 64' lang='lat' dir='ltr'>mon</span> <span class='ocrx_word' id='word_1_45' title='bbox 3208 2091 3254 2185; x_wconf 90' lang='lat' dir='ltr'>quo</span> <span class='ocrx_word' id='word_1_46' title='bbox 3215 2233 3265 2412; x_wconf 86' lang='lat' dir='ltr'>docere</span> <span class='ocrx_word' id='word_1_47' title='bbox 3192 2460 3253 2761; x_wconf 77' lang='lat' dir='ltr'>tragoediam</span> <span class='ocrx_word' id='word_1_48' title='bbox 3183 2798 3246 3068; x_wconf 74' lang='lat' dir='ltr'>dicebatur,</span> 
     </span>
    </p>
   </div>
   <div class='ocr_carea' id='block_1_4' title="bbox 3399 726 4177 740">
    <p class='ocr_par' dir='ltr' id='par_1_4' title="bbox 3399 726 4177 740">
     <span class='ocr_line' id='line_1_8' title="bbox 3399 726 4177 740; textangle 270"><span class='ocrx_word' id='word_1_49' title='bbox 3399 726 4177 740; x_wconf 95' lang='lat' dir='ltr'> </span> 
     </span>
    </p>
   </div>
   <div class='ocr_carea' id='block_1_5' title="bbox 2941 730 3234 3067">
    <p class='ocr_par' dir='ltr' id='par_1_5' title="bbox 2941 728 3234 3067">
     <span class='ocr_line' id='line_1_9' title="bbox 3101 730 3234 3067; textangle 270"><span class='ocrx_word' id='word_1_50' title='bbox 3150 730 3234 742; x_wconf 38' lang='lat' dir='ltr'><em>J</em></span> <span class='ocrx_word' id='word_1_51' title='bbox 3158 1397 3200 1448; x_wconf 87' lang='lat' dir='ltr'>et</span> <span class='ocrx_word' id='word_1_52' title='bbox 3137 1507 3207 1957; x_wconf 78' lang='grc' dir='ltr'><em>διθυραμβοποιοὶ</em></span> <span class='ocrx_word' id='word_1_53' title='bbox 3143 2019 3191 2164; x_wconf 89' lang='lat' dir='ltr'>iidem</span> <span class='ocrx_word' id='word_1_54' title='bbox 3119 2234 3182 2788; x_wconf 71' lang='grc' dir='ltr'><em>τραγῳδοδιδάσκαλοι</em></span> <span class='ocrx_word' id='word_1_55' title='bbox 3101 2849 3163 3067; x_wconf 87' lang='lat' dir='ltr'>appella-</span> 
     </span>
     <span class='ocr_line' id='line_1_10' title="bbox 3037 1393 3124 2411; textangle 270"><span class='ocrx_word' id='word_1_56' title='bbox 3076 1393 3124 1568; x_wconf 84' lang='lat' dir='ltr'><strong>bantur</strong></span> <span class='ocrx_word' id='word_1_57' title='bbox 3059 1604 3123 1780; x_wconf 84' lang='lat' dir='ltr'>(schol.</span> <span class='ocrx_word' id='word_1_58' title='bbox 3051 1818 3117 2065; x_wconf 86' lang='lat' dir='ltr'>Aristoph.</span> <span class='ocrx_word' id='word_1_59' title='bbox 3058 2097 3111 2222; x_wconf 89' lang='lat' dir='ltr'>Plut.</span> <span class='ocrx_word' id='word_1_60' title='bbox 3037 2258 3102 2411; x_wconf 80' lang='lat'><strong>290.).</strong></span> 
     </span>
     <span class='ocr_line' id='line_1_11' title="bbox 2941 1514 3043 3064; textangle 270"><span class='ocrx_word' id='word_1_61' title='bbox 2995 1514 3043 1611; x_wconf 83' lang='lat' dir='ltr'>Sed</span> <span class='ocrx_word' id='word_1_62' title='bbox 2994 1648 3035 1701; x_wconf 90' lang='lat' dir='ltr'>nt</span> <span class='ocrx_word' id='word_1_63' title='bbox 2993 1737 3023 1795; x_wconf 90' lang='lat' dir='ltr'>eo</span> <span class='ocrx_word' id='word_1_64' title='bbox 2970 1830 3029 2155; x_wconf 78' lang='lat' dir='ltr'>revertamur,</span> <span class='ocrx_word' id='word_1_65' title='bbox 2976 2191 3024 2319; x_wconf 82' lang='lat' dir='ltr'>unde</span> <span class='ocrx_word' id='word_1_66' title='bbox 2959 2354 3018 2565; x_wconf 84' lang='lat' dir='ltr'>profecti</span> <span class='ocrx_word' id='word_1_67' title='bbox 2961 2602 2998 2802; x_wconf 88' lang='lat' dir='ltr'>sumus:</span> <span class='ocrx_word' id='word_1_68' title='bbox 2958 2848 3007 2944; x_wconf 88' lang='lat' dir='ltr'>tria</span> <span class='ocrx_word' id='word_1_69' title='bbox 2941 2979 2987 3064; x_wconf 82' lang='lat' dir='ltr'>ge-</span> 
     </span>
    </p>
   </div>
   <div class='ocr_carea' id='block_1_6' title="bbox 2639 657 2960 3064">
    <p class='ocr_par' dir='ltr' id='par_1_6' title="bbox 2639 657 2960 3064">
     <span class='ocr_line' id='line_1_12' title="bbox 2872 1386 2960 3064; textangle 270"><span class='ocrx_word' id='word_1_70' title='bbox 2917 1386 2951 1501; x_wconf 86' lang='lat' dir='ltr'>nera</span> <span class='ocrx_word' id='word_1_71' title='bbox 2901 1545 2960 1841; x_wconf 84' lang='lat' dir='ltr'><strong>carminum,</strong></span> <span class='ocrx_word' id='word_1_72' title='bbox 2894 1908 2939 2031; x_wconf 87' lang='lat' dir='ltr'>quae</span> <span class='ocrx_word' id='word_1_73' title='bbox 2905 2071 2934 2098; x_wconf 88' lang='lat' dir='ltr'>a</span> <span class='ocrx_word' id='word_1_74' title='bbox 2884 2147 2947 2346; x_wconf 76' lang='lat' dir='ltr'>singulis</span> <span class='ocrx_word' id='word_1_75' title='bbox 2872 2396 2933 2739; x_wconf 78' lang='lat' dir='ltr'>cantarentur,</span> <span class='ocrx_word' id='word_1_76' title='bbox 2878 2803 2926 2968; x_wconf 80' lang='lat' dir='ltr'>dicere</span> <span class='ocrx_word' id='word_1_77' title='bbox 2876 3013 2918 3064; x_wconf 83' lang='lat' dir='ltr'>et</span> 
     </span>
     <span class='ocr_line' id='line_1_13' title="bbox 2788 1384 2885 3061; textangle 270"><span class='ocrx_word' id='word_1_78' title='bbox 2835 1384 2885 1674; x_wconf 88' lang='lat' dir='ltr'>Aristoteles</span> <span class='ocrx_word' id='word_1_79' title='bbox 2833 1724 2875 1775; x_wconf 87' lang='lat' dir='ltr'>et</span> <span class='ocrx_word' id='word_1_80' title='bbox 2814 1831 2877 2007; x_wconf 79' lang='lat' dir='ltr'>reliqui</span> <span class='ocrx_word' id='word_1_81' title='bbox 2805 2066 2871 2318; x_wconf 73' lang='lat' dir='ltr'>videntur,</span> <span class='ocrx_word' id='word_1_82' title='bbox 2795 2372 2846 2570; x_wconf 80' lang='lat' dir='ltr'>nomos,</span> <span class='ocrx_word' id='word_1_83' title='bbox 2788 2624 2853 2959; x_wconf 70' lang='lat' dir='ltr'>dithyrambos</span> <span class='ocrx_word' id='word_1_84' title='bbox 2797 3012 2839 3061; x_wconf 82' lang='lat' dir='ltr'>et</span> 
     </span>
     <span class='ocr_line' id='line_1_14' title="bbox 2713 657 2805 3057; textangle 270"><span class='ocrx_word' id='word_1_85' title='bbox 2802 657 2805 659; x_wconf 87' lang='lat'>·</span> <span class='ocrx_word' id='word_1_86' title='bbox 2755 700 2796 736; x_wconf 55' lang='lat' dir='ltr'>i&amp;</span> <span class='ocrx_word' id='word_1_87' title='bbox 2784 797 2786 799; x_wconf 27' lang='grc' dir='ltr'><em>ι</em></span> <span class='ocrx_word' id='word_1_88' title='bbox 2758 1383 2805 1568; x_wconf 88' lang='lat' dir='ltr'>cantica</span> <span class='ocrx_word' id='word_1_89' title='bbox 2755 1605 2802 1702; x_wconf 75' lang='lat' dir='ltr'>sive</span> <span class='ocrx_word' id='word_1_90' title='bbox 2748 1737 2795 1989; x_wconf 86' lang='lat' dir='ltr'>monodias</span> <span class='ocrx_word' id='word_1_91' title='bbox 2740 2027 2789 2242; x_wconf 89' lang='lat' dir='ltr'>scenicas</span> <span class='ocrx_word' id='word_1_92' title='bbox 2721 2261 2786 2334; x_wconf 73' lang='lat'>²²²),</span> <span class='ocrx_word' id='word_1_93' title='bbox 2719 2372 2766 2495; x_wconf 88' lang='lat' dir='ltr'>quae</span> <span class='ocrx_word' id='word_1_94' title='bbox 2713 2530 2773 2884; x_wconf 85' lang='lat' dir='ltr'>patientissima</span> <span class='ocrx_word' id='word_1_95' title='bbox 2717 2919 2759 3057; x_wconf 86' lang='lat' dir='ltr'>erant</span> 
     </span>
     <span class='ocr_line' id='line_1_15' title="bbox 2639 733 2726 3053; textangle 270"><span class='ocrx_word' id='word_1_96' title='bbox 2710 690 2749 741; x_wconf 59' lang='lat' dir='ltr'>ss·</span> <span class='ocrx_word' id='word_1_97' title='bbox 2674 1379 2724 1701; x_wconf 76' lang='lat' dir='ltr'>mutationum</span> <span class='ocrx_word' id='word_1_98' title='bbox 2653 1752 2716 2007; x_wconf 76' lang='lat' dir='ltr'>omnisque</span> <span class='ocrx_word' id='word_1_99' title='bbox 2646 2061 2711 2310; x_wconf 67' lang='lat' dir='ltr'>licentiae,</span> <span class='ocrx_word' id='word_1_100' title='bbox 2640 2371 2685 2464; x_wconf 90' lang='lat' dir='ltr'>qna</span> <span class='ocrx_word' id='word_1_101' title='bbox 2650 2508 2697 2552; x_wconf 92' lang='lat' dir='ltr'>in</span> <span class='ocrx_word' id='word_1_102' title='bbox 2643 2601 2689 2820; x_wconf 88' lang='lat' dir='ltr'>novanda</span> <span class='ocrx_word' id='word_1_103' title='bbox 2639 2867 2686 3053; x_wconf 84' lang='lat' dir='ltr'>musica</span> 
     </span>
    </p>
   </div>
   <div class='ocr_carea' id='block_1_7' title="bbox 2494 1375 2645 3049">
    <p class='ocr_par' dir='ltr' id='par_1_7' title="bbox 2494 1375 2645 3049">
     <span class='ocr_line' id='line_1_16' title="bbox 2546 1376 2645 3049; textangle 270"><span class='ocrx_word' id='word_1_104' title='bbox 2598 1376 2645 1453; x_wconf 88' lang='lat' dir='ltr'>usi</span> <span class='ocrx_word' id='word_1_105' title='bbox 2596 1498 2637 1610; x_wconf 89' lang='lat' dir='ltr'>sunt</span> <span class='ocrx_word' id='word_1_106' title='bbox 2588 1659 2637 1974; x_wconf 62' lang='lat' dir='ltr'>recentiores</span> <span class='ocrx_word' id='word_1_107' title='bbox 2577 2057 2631 2322; x_wconf 76' lang='lat' dir='ltr'>Novatores</span> <span class='ocrx_word' id='word_1_108' title='bbox 2570 2372 2614 2537; x_wconf 88' lang='lat' dir='ltr'>autem</span> <span class='ocrx_word' id='word_1_109' title='bbox 2568 2585 2615 2654; x_wconf 87' lang='lat' dir='ltr'>illi</span> <span class='ocrx_word' id='word_1_110' title='bbox 2546 2704 2612 3049; x_wconf 87' lang='lat' dir='ltr'>dithyrambici</span> 
     </span>
     <span class='ocr_line' id='line_1_17' title="bbox 2494 1375 2560 2184; textangle 270"><span class='ocrx_word' id='word_1_111' title='bbox 2504 1375 2560 1548; x_wconf 86' lang='lat' dir='ltr'>poetae</span> <span class='ocrx_word' id='word_1_112' title='bbox 2498 1582 2559 1782; x_wconf 83' lang='lat' dir='ltr'>proprie</span> <span class='ocrx_word' id='word_1_113' title='bbox 2494 1817 2555 2184; x_wconf 79' lang='lat' dir='ltr'>appellabantur</span> 
     </span>
    </p>
   </div>
   <div class='ocr_carea' id='block_1_8' title="bbox 2420 1373 2539 3050">
    <p class='ocr_par' dir='ltr' id='par_1_8' title="bbox 2420 1373 2539 3050">
     <span class='ocr_line' id='line_1_18' title="bbox 2466 2198 2539 3050; textangle 270"><span class='ocrx_word' id='word_1_114' title='bbox 2490 2198 2509 2209; x_wconf 87' lang='lat'>‚</span> <span class='ocrx_word' id='word_1_115' title='bbox 2498 2267 2538 2314; x_wconf 84' lang='lat' dir='ltr'>et·</span> <span class='ocrx_word' id='word_1_116' title='bbox 2488 2362 2539 2568; x_wconf 83' lang='lat' dir='ltr'>mixtum</span> <span class='ocrx_word' id='word_1_117' title='bbox 2471 2616 2531 2858; x_wconf 87' lang='lat' dir='ltr'>quoddam</span> <span class='ocrx_word' id='word_1_118' title='bbox 2466 2898 2512 3050; x_wconf 80' lang='lat' dir='ltr'>genus</span> 
     </span>
     <span class='ocr_line' id='line_1_19' title="bbox 2420 1373 2485 1709; textangle 270"><span class='ocrx_word' id='word_1_119' title='bbox 2435 1373 2485 1680; x_wconf 89' lang='lat' dir='ltr'>modulorum</span> <span class='ocrx_word' id='word_1_120' title='bbox 2420 1696 2443 1709; x_wconf 75' lang='grc'><em>,</em></span> 
     </span>
    </p>
   </div>
   <div class='ocr_carea' id='block_1_9' title="bbox 2308 1371 2474 3047">
    <p class='ocr_par' dir='ltr' id='par_1_9' title="bbox 2308 1371 2474 3047">
     <span class='ocr_line' id='line_1_20' title="bbox 2398 1778 2474 3047; textangle 270"><span class='ocrx_word' id='word_1_121' title='bbox 2416 1778 2474 1908; x_wconf 86' lang='lat' dir='ltr'>quod</span> <span class='ocrx_word' id='word_1_122' title='bbox 2413 1966 2471 2381; x_wconf 75' lang='lat' dir='ltr'>vehementiorem</span> <span class='ocrx_word' id='word_1_123' title='bbox 2404 2441 2452 2725; x_wconf 87' lang='lat' dir='ltr'>ostenderet</span> <span class='ocrx_word' id='word_1_124' title='bbox 2398 2779 2449 3047; x_wconf 87' lang='lat' dir='ltr'>affectuum</span> 
     </span>
     <span class='ocr_line' id='line_1_21' title="bbox 2308 1371 2403 3043; textangle 270"><span class='ocrx_word' id='word_1_125' title='bbox 2339 1371 2403 1775; x_wconf 85' lang='lat' dir='ltr'>commotionem,</span> <span class='ocrx_word' id='word_1_126' title='bbox 2332 1845 2395 2145; x_wconf 88' lang='lat' dir='ltr'>‹lithyrambi</span> <span class='ocrx_word' id='word_1_127' title='bbox 2330 2204 2379 2501; x_wconf 80' lang='lat' dir='ltr'>recentiores</span> <span class='ocrx_word' id='word_1_128' title='bbox 2324 2578 2373 2733; x_wconf 75' lang='lat' dir='ltr'>fuisse</span> <span class='ocrx_word' id='word_1_129' title='bbox 2308 2788 2369 3043; x_wconf 59' lang='lat' dir='ltr'>videntum</span> 
     </span>
    </p>
   </div>
   <div class='ocr_carea' id='block_1_10' title="bbox 1032 637 2326 3040">
    <p class='ocr_par' dir='ltr' id='par_1_10' title="bbox 1601 643 2326 3040">
     <span class='ocr_line' id='line_1_22' title="bbox 2228 1368 2326 3040; textangle 270"><span class='ocrx_word' id='word_1_130' title='bbox 2275 1368 2326 1435; x_wconf 88' lang='lat' dir='ltr'>cf.</span> <span class='ocrx_word' id='word_1_131' title='bbox 2259 1472 2325 1670; x_wconf 80' lang='lat' dir='ltr'>Dionys,</span> <span class='ocrx_word' id='word_1_132' title='bbox 2268 1704 2319 1814; x_wconf 89' lang='lat' dir='ltr'>Hal.</span> <span class='ocrx_word' id='word_1_133' title='bbox 2249 1855 2315 2083; x_wconf 84' lang='lat' dir='ltr'>Compos.</span> <span class='ocrx_word' id='word_1_134' title='bbox 2259 2122 2293 2161; x_wconf 77' lang='lat' dir='ltr'>c,</span> <span class='ocrx_word' id='word_1_135' title='bbox 2256 2202 2303 2274; x_wconf 83' lang='lat'>19.</span> <span class='ocrx_word' id='word_1_136' title='bbox 2240 2313 2285 2359; x_wconf 86' lang='lat' dir='ltr'>p.</span> <span class='ocrx_word' id='word_1_137' title='bbox 2250 2400 2296 2523; x_wconf 80' lang='lat'>131:</span> <span class='ocrx_word' id='word_1_138' title='bbox 2228 2574 2295 3040; x_wconf 74' lang='lat' dir='ltr'>„Dithyramborum</span> 
     </span>
     <span class='ocr_line' id='line_1_23' title="bbox 2143 1364 2239 3037; textangle 270"><span class='ocrx_word' id='word_1_139' title='bbox 2195 1364 2239 1588; x_wconf 82' lang='lat' dir='ltr'>auctores</span> <span class='ocrx_word' id='word_1_140' title='bbox 2190 1626 2239 1769; x_wconf 90' lang='lat' dir='ltr'>etiam</span> <span class='ocrx_word' id='word_1_141' title='bbox 2183 1808 2226 2071; x_wconf 88' lang='lat' dir='ltr'>concentus</span> <span class='ocrx_word' id='word_1_142' title='bbox 2164 2096 2223 2360; x_wconf 66' lang='lat' dir='ltr'>mutabant,</span> <span class='ocrx_word' id='word_1_143' title='bbox 2157 2391 2203 2536; x_wconf 88' lang='lat' dir='ltr'>quum</span> <span class='ocrx_word' id='word_1_144' title='bbox 2150 2563 2215 2757; x_wconf 75' lang='lat' dir='ltr'>Dorios,</span> <span class='ocrx_word' id='word_1_145' title='bbox 2143 2798 2210 3037; x_wconf 82' lang='lat' dir='ltr'>Phrygios</span> 
     </span>
     <span class='ocr_line' id='line_1_24' title="bbox 2081 1360 2164 3037; textangle 270"><span class='ocrx_word' id='word_1_146' title='bbox 2117 1360 2160 1412; x_wconf 90' lang='lat' dir='ltr'>et</span> <span class='ocrx_word' id='word_1_147' title='bbox 2100 1447 2164 1631; x_wconf 86' lang='lat' dir='ltr'>Lydios</span> <span class='ocrx_word' id='word_1_148' title='bbox 2111 1666 2159 1714; x_wconf 90' lang='lat' dir='ltr'>in</span> <span class='ocrx_word' id='word_1_149' title='bbox 2108 1749 2155 1921; x_wconf 86' lang='lat' dir='ltr'>eodem</span> <span class='ocrx_word' id='word_1_150' title='bbox 2100 1960 2150 2172; x_wconf 84' lang='lat' dir='ltr'>carmine</span> <span class='ocrx_word' id='word_1_151' title='bbox 2083 2208 2144 2481; x_wconf 81' lang='lat' dir='ltr'>efficerent,</span> <span class='ocrx_word' id='word_1_152' title='bbox 2089 2520 2130 2570; x_wconf 87' lang='lat' dir='ltr'>et</span> <span class='ocrx_word' id='word_1_153' title='bbox 2082 2606 2132 2842; x_wconf 83' lang='lat' dir='ltr'>melodias</span> <span class='ocrx_word' id='word_1_154' title='bbox 2081 2879 2128 3037; x_wconf 79' lang='lat' dir='ltr'>varia-</span> 
     </span>
     <span class='ocr_line' id='line_1_25' title="bbox 2000 671 2103 3032; textangle 270"><span class='ocrx_word' id='word_1_155' title='bbox 2047 671 2103 737; x_wconf 10' lang='lat' dir='ltr'>k&#39;iss·</span> <span class='ocrx_word' id='word_1_156' title='bbox 2024 1358 2085 1490; x_wconf 86' lang='lat' dir='ltr'>bant,</span> <span class='ocrx_word' id='word_1_157' title='bbox 2034 1525 2080 1672; x_wconf 91' lang='lat' dir='ltr'>modo</span> <span class='ocrx_word' id='word_1_158' title='bbox 2027 1709 2073 2010; x_wconf 87' lang='lat' dir='ltr'>enarmonias</span> <span class='ocrx_word' id='word_1_159' title='bbox 2016 2047 2070 2310; x_wconf 85' lang='lat' dir='ltr'>efficiendo</span> <span class='ocrx_word' id='word_1_160' title='bbox 2013 2347 2059 2492; x_wconf 90' lang='lat' dir='ltr'>modo</span> <span class='ocrx_word' id='word_1_161' title='bbox 2003 2529 2056 2851; x_wconf 89' lang='lat' dir='ltr'>chromaticas</span> <span class='ocrx_word' id='word_1_162' title='bbox 2000 2886 2047 3032; x_wconf 88' lang='lat' dir='ltr'>modo</span> 
     </span>
     <span class='ocr_line' id='line_1_26' title="bbox 1920 668 2039 3030; textangle 270"><span class='ocrx_word' id='word_1_163' title='bbox 1991 668 2039 735; x_wconf 57' lang='lat'>“3</span> <span class='ocrx_word' id='word_1_164' title='bbox 1947 1356 2006 1607; x_wconf 87' lang='lat' dir='ltr'>diatonas‚</span> <span class='ocrx_word' id='word_1_165' title='bbox 1954 1645 1996 1694; x_wconf 91' lang='lat' dir='ltr'>et</span> <span class='ocrx_word' id='word_1_166' title='bbox 1952 1728 1999 1776; x_wconf 91' lang='lat' dir='ltr'>in</span> <span class='ocrx_word' id='word_1_167' title='bbox 1934 1812 1997 2055; x_wconf 84' lang='lat' dir='ltr'>rhythmis</span> <span class='ocrx_word' id='word_1_168' title='bbox 1923 2092 1974 2284; x_wconf 87' lang='lat' dir='ltr'>quoque</span> <span class='ocrx_word' id='word_1_169' title='bbox 1931 2319 1967 2505; x_wconf 89' lang='lat' dir='ltr'>summa</span> <span class='ocrx_word' id='word_1_170' title='bbox 1928 2540 1960 2649; x_wconf 90' lang='lat' dir='ltr'>cum</span> <span class='ocrx_word' id='word_1_171' title='bbox 1923 2685 1973 2882; x_wconf 86' lang='lat' dir='ltr'>licentia</span> <span class='ocrx_word' id='word_1_172' title='bbox 1920 2913 1953 3030; x_wconf 84' lang='lat' dir='ltr'>ver-</span> 
     </span>
     <span class='ocr_line' id='line_1_27' title="bbox 1841 1353 1926 3027; textangle 270"><span class='ocrx_word' id='word_1_173' title='bbox 1874 1353 1926 1600; x_wconf 86' lang='lat' dir='ltr'>sabantur.</span> <span class='ocrx_word' id='word_1_174' title='bbox 1867 1671 1922 1989; x_wconf 81' lang='lat' dir='ltr'>Philoxenum</span> <span class='ocrx_word' id='word_1_175' title='bbox 1863 2028 1912 2138; x_wconf 89' lang='lat' dir='ltr'>dico</span> <span class='ocrx_word' id='word_1_176' title='bbox 1859 2176 1901 2225; x_wconf 87' lang='lat' dir='ltr'>et</span> <span class='ocrx_word' id='word_1_177' title='bbox 1848 2263 1905 2579; x_wconf 87' lang='lat' dir='ltr'>Timotheum</span> <span class='ocrx_word' id='word_1_178' title='bbox 1847 2617 1889 2665; x_wconf 91' lang='lat' dir='ltr'>et</span> <span class='ocrx_word' id='word_1_179' title='bbox 1842 2693 1894 2943; x_wconf 86' lang='lat' dir='ltr'>Telestem</span> <span class='ocrx_word' id='word_1_180' title='bbox 1841 2979 1883 3027; x_wconf 87' lang='lat' dir='ltr'>et</span> 
     </span>
     <span class='ocr_line' id='line_1_28' title="bbox 1758 728 1860 3022; textangle 270"><span class='ocrx_word' id='word_1_181' title='bbox 1854 728 1860 731; x_wconf 88' lang='lat'>&#39;</span> <span class='ocrx_word' id='word_1_182' title='bbox 1797 1350 1847 1528; x_wconf 89' lang='lat' dir='ltr'>horum</span> <span class='ocrx_word' id='word_1_183' title='bbox 1792 1566 1843 1777; x_wconf 89' lang='lat' dir='ltr'>similes:</span> <span class='ocrx_word' id='word_1_184' title='bbox 1788 1837 1822 1947; x_wconf 90' lang='lat' dir='ltr'>nam</span> <span class='ocrx_word' id='word_1_185' title='bbox 1770 1984 1831 2111; x_wconf 86' lang='lat' dir='ltr'>apud</span> <span class='ocrx_word' id='word_1_186' title='bbox 1763 2150 1825 2373; x_wconf 87' lang='lat' dir='ltr'>antiquos</span> <span class='ocrx_word' id='word_1_187' title='bbox 1758 2409 1818 2607; x_wconf 87' lang='lat' dir='ltr'>quidem</span> <span class='ocrx_word' id='word_1_188' title='bbox 1766 2647 1810 2775; x_wconf 87' lang='lat' dir='ltr'>stata</span> <span class='ocrx_word' id='word_1_189' title='bbox 1763 2809 1805 2911; x_wconf 89' lang='lat' dir='ltr'>erat</span> <span class='ocrx_word' id='word_1_190' title='bbox 1762 2947 1808 3022; x_wconf 81' lang='lat' dir='ltr'>‹li-</span> 
     </span>
     <span class='ocr_line' id='line_1_29' title="bbox 1673 643 1806 3020; textangle 270"><span class='ocrx_word' id='word_1_191' title='bbox 1742 643 1806 647; x_wconf 58' lang='lat' dir='ltr'>l</span> <span class='ocrx_word' id='word_1_192' title='bbox 1736 728 1758 757; x_wconf 53' lang='grc' dir='ltr'>κ</span> <span class='ocrx_word' id='word_1_193' title='bbox 1704 1347 1767 1597; x_wconf 76' lang='lat' dir='ltr'>thyrambi</span> <span class='ocrx_word' id='word_1_194' title='bbox 1711 1632 1760 1852; x_wconf 86' lang='lat' dir='ltr'>natura.’⁷</span> <span class='ocrx_word' id='word_1_195' title='bbox 1703 1919 1756 2041; x_wconf 89' lang='lat' dir='ltr'>Plat.</span> <span class='ocrx_word' id='word_1_196' title='bbox 1686 2078 1752 2225; x_wconf 78' lang='lat' dir='ltr'>Legg.</span> <span class='ocrx_word' id='word_1_197' title='bbox 1694 2264 1744 2341; x_wconf 87' lang='grc' dir='ltr'><strong>ΙΙΙ.</strong></span> <span class='ocrx_word' id='word_1_198' title='bbox 1678 2380 1723 2424; x_wconf 88' lang='lat' dir='ltr'>p.</span> <span class='ocrx_word' id='word_1_199' title='bbox 1689 2462 1735 2573; x_wconf 78' lang='lat'><strong>700.</strong></span> <span class='ocrx_word' id='word_1_200' title='bbox 1684 2610 1734 2700; x_wconf 90' lang='lat' dir='ltr'>A.:</span> <span class='ocrx_word' id='word_1_201' title='bbox 1673 2768 1732 3020; x_wconf 84' lang='lat' dir='ltr'>„Miscent</span> 
     </span>
     <span class='ocr_line' id='line_1_30' title="bbox 1601 1345 1687 3019; textangle 270"><span class='ocrx_word' id='word_1_202' title='bbox 1637 1345 1687 1547; x_wconf 88' lang='lat' dir='ltr'>threnos</span> <span class='ocrx_word' id='word_1_203' title='bbox 1620 1581 1684 1776; x_wconf 89' lang='lat' dir='ltr'>hymnis</span> <span class='ocrx_word' id='word_1_204' title='bbox 1630 1814 1673 1862; x_wconf 88' lang='lat' dir='ltr'>et</span> <span class='ocrx_word' id='word_1_205' title='bbox 1612 1895 1658 2105; x_wconf 84' lang='lat' dir='ltr'>paeanas</span> <span class='ocrx_word' id='word_1_206' title='bbox 1602 2142 1668 2466; x_wconf 85' lang='lat' dir='ltr'>dithyrambis</span> <span class='ocrx_word' id='word_1_207' title='bbox 1610 2503 1652 2552; x_wconf 92' lang='lat' dir='ltr'>et</span> <span class='ocrx_word' id='word_1_208' title='bbox 1604 2587 1654 2811; x_wconf 87' lang='lat' dir='ltr'>tibiarum</span> <span class='ocrx_word' id='word_1_209' title='bbox 1601 2848 1645 3019; x_wconf 85' lang='lat' dir='ltr'>cantus</span> 
     </span>
    </p>

    <p class='ocr_par' dir='ltr' id='par_1_11' title="bbox 1508 1342 1607 3015">
     <span class='ocr_line' id='line_1_31' title="bbox 1508 1342 1607 3015; textangle 270"><span class='ocrx_word' id='word_1_210' title='bbox 1557 1342 1607 1516; x_wconf 90' lang='lat' dir='ltr'>fidium</span> <span class='ocrx_word' id='word_1_211' title='bbox 1552 1553 1601 1771; x_wconf 88' lang='lat' dir='ltr'>cantibus</span> <span class='ocrx_word' id='word_1_212' title='bbox 1544 1807 1596 2055; x_wconf 86' lang='lat' dir='ltr'>imitantur</span> <span class='ocrx_word' id='word_1_213' title='bbox 1541 2090 1583 2139; x_wconf 89' lang='lat' dir='ltr'>et</span> <span class='ocrx_word' id='word_1_214' title='bbox 1534 2185 1578 2357; x_wconf 87' lang='lat' dir='ltr'>cuncta</span> <span class='ocrx_word' id='word_1_215' title='bbox 1532 2392 1578 2439; x_wconf 88' lang='lat' dir='ltr'>in</span> <span class='ocrx_word' id='word_1_216' title='bbox 1526 2486 1571 2660; x_wconf 88' lang='lat' dir='ltr'>cuncta</span> <span class='ocrx_word' id='word_1_217' title='bbox 1508 2696 1568 3015; x_wconf 82' lang='lat' dir='ltr'>congerunt.’&#39;</span> 
     </span>
    </p>

    <p class='ocr_par' dir='ltr' id='par_1_12' title="bbox 1440 1472 1524 3014">
     <span class='ocr_line' id='line_1_32' title="bbox 1440 1472 1524 3014; textangle 270"><span class='ocrx_word' id='word_1_218' title='bbox 1473 1472 1524 1764; x_wconf 85' lang='lat' dir='ltr'>Huiusmodi</span> <span class='ocrx_word' id='word_1_219' title='bbox 1453 1793 1518 2110; x_wconf 87' lang='lat' dir='ltr'>dithyrambis</span> <span class='ocrx_word' id='word_1_220' title='bbox 1454 2146 1503 2354; x_wconf 84' lang='lat' dir='ltr'>maxime</span> <span class='ocrx_word' id='word_1_221' title='bbox 1449 2389 1498 2564; x_wconf 85' lang='lat' dir='ltr'>similia</span> <span class='ocrx_word' id='word_1_222' title='bbox 1444 2600 1492 2786; x_wconf 88' lang='lat' dir='ltr'>cantica</span> <span class='ocrx_word' id='word_1_223' title='bbox 1440 2822 1488 3014; x_wconf 85' lang='lat' dir='ltr'>scenica</span> 
     </span>
    </p>

    <p class='ocr_par' dir='ltr' id='par_1_13' title="bbox 1188 637 1454 3006">
     <span class='ocr_line' id='line_1_33' title="bbox 1361 637 1454 3006; textangle 270"><span class='ocrx_word' id='word_1_224' title='bbox 1437 637 1454 643; x_wconf 70' lang='lat'><em>²</em></span> <span class='ocrx_word' id='word_1_225' title='bbox 1429 683 1445 687; x_wconf 70' lang='lat'><em>⁵</em></span> <span class='ocrx_word' id='word_1_226' title='bbox 1415 730 1418 731; x_wconf 11' lang='grc' dir='ltr'><em>ι</em></span> <span class='ocrx_word' id='word_1_227' title='bbox 1451 759 1454 761; x_wconf 58' lang='lat'><em>⁴</em></span> <span class='ocrx_word' id='word_1_228' title='bbox 1382 1339 1440 1542; x_wconf 87' lang='lat' dir='ltr'>propter</span> <span class='ocrx_word' id='word_1_229' title='bbox 1392 1576 1442 1780; x_wconf 89' lang='lat' dir='ltr'>eandem</span> <span class='ocrx_word' id='word_1_230' title='bbox 1383 1806 1435 2074; x_wconf 87' lang='lat' dir='ltr'>animorum</span> <span class='ocrx_word' id='word_1_231' title='bbox 1372 2096 1424 2470; x_wconf 86' lang='lat' dir='ltr'>concitationem</span> <span class='ocrx_word' id='word_1_232' title='bbox 1367 2499 1417 2657; x_wconf 85' lang='lat' dir='ltr'>fuisse</span> <span class='ocrx_word' id='word_1_233' title='bbox 1361 2693 1411 3006; x_wconf 86' lang='lat' dir='ltr'>manifestum</span> 
     </span>
     <span class='ocr_line' id='line_1_34' title="bbox 1280 643 1420 3003; textangle 270"><span class='ocrx_word' id='word_1_234' title='bbox 1390 643 1393 644; x_wconf 27' lang='lat'><em>¹</em></span> <span class='ocrx_word' id='word_1_235' title='bbox 1301 692 1420 734; x_wconf 56' lang='grc' dir='ltr'>Ξ</span> <span class='ocrx_word' id='word_1_236' title='bbox 1320 1334 1363 1429; x_wconf 86' lang='lat' dir='ltr'>est.</span> <span class='ocrx_word' id='word_1_237' title='bbox 1314 1499 1366 1625; x_wconf 90' lang='lat' dir='ltr'>Tum</span> <span class='ocrx_word' id='word_1_238' title='bbox 1307 1662 1361 1948; x_wconf 87' lang='lat' dir='ltr'>threnorum</span> <span class='ocrx_word' id='word_1_239' title='bbox 1300 1995 1337 2197; x_wconf 89' lang='lat' dir='ltr'>numero</span> <span class='ocrx_word' id='word_1_240' title='bbox 1292 2245 1339 2496; x_wconf 87' lang='lat' dir='ltr'>monodias</span> <span class='ocrx_word' id='word_1_241' title='bbox 1286 2545 1336 2736; x_wconf 86' lang='lat' dir='ltr'>habitas</span> <span class='ocrx_word' id='word_1_242' title='bbox 1283 2790 1316 2902; x_wconf 86' lang='lat' dir='ltr'>esse</span> <span class='ocrx_word' id='word_1_243' title='bbox 1280 2937 1328 3003; x_wconf 88' lang='lat' dir='ltr'>ait</span> 
     </span>
     <span class='ocr_line' id='line_1_35' title="bbox 1188 682 1310 3003; textangle 270"><span class='ocrx_word' id='word_1_244' title='bbox 1251 682 1290 697; x_wconf 52' lang='grc' dir='ltr'><strong><em>η</em></strong></span> <span class='ocrx_word' id='word_1_245' title='bbox 1255 728 1310 733; x_wconf 84' lang='grc'>’.</span> <span class='ocrx_word' id='word_1_246' title='bbox 1237 1330 1290 1509; x_wconf 88' lang='lat' dir='ltr'>Suidas</span> <span class='ocrx_word' id='word_1_247' title='bbox 1219 1547 1286 1612; x_wconf 89' lang='lat' dir='ltr'>(s.</span> <span class='ocrx_word' id='word_1_248' title='bbox 1234 1649 1266 1691; x_wconf 91' lang='lat' dir='ltr'>v.</span> <span class='ocrx_word' id='word_1_249' title='bbox 1216 1726 1286 1960; x_wconf 76' lang='grc' dir='ltr'><em>ἐπιεικῶς</em></span> <span class='ocrx_word' id='word_1_250' title='bbox 1208 1992 1275 2092; x_wconf 74' lang='grc' dir='ltr'>γὰρ</span> <span class='ocrx_word' id='word_1_251' title='bbox 1215 2128 1264 2289; x_wconf 71' lang='grc' dir='ltr'><em>πᾶσαι</em></span> <span class='ocrx_word' id='word_1_252' title='bbox 1213 2325 1263 2380; x_wconf 78' lang='grc' dir='ltr'>αἱ</span> <span class='ocrx_word' id='word_1_253' title='bbox 1210 2410 1263 2510; x_wconf 68' lang='grc' dir='ltr'>ἀπὸ</span> <span class='ocrx_word' id='word_1_254' title='bbox 1188 2548 1252 2744; x_wconf 78' lang='grc' dir='ltr'><em>σκηνῆς</em></span> <span class='ocrx_word' id='word_1_255' title='bbox 1189 2778 1256 2909; x_wconf 82' lang='grc' dir='ltr'><em>ᾠδαὶ</em></span> <span class='ocrx_word' id='word_1_256' title='bbox 1201 2944 1253 3003; x_wconf 81' lang='grc' dir='ltr'>ἐν</span> 
     </span>
    </p>

    <p class='ocr_par' dir='ltr' id='par_1_14' title="bbox 1032 640 1240 2999">
     <span class='ocr_line' id='line_1_36' title="bbox 1110 640 1240 2999; textangle 270"><span class='ocrx_word' id='word_1_257' title='bbox 1213 640 1222 645; x_wconf 92' lang='grc'><em>’</em></span> <span class='ocrx_word' id='word_1_258' title='bbox 1210 692 1240 734; x_wconf 64' lang='grc'>’“’</span> <span class='ocrx_word' id='word_1_259' title='bbox 1145 1331 1205 1395; x_wconf 77' lang='grc' dir='ltr'>τῇ</span> <span class='ocrx_word' id='word_1_260' title='bbox 1134 1441 1204 1708; x_wconf 77' lang='grc' dir='ltr'><em>τραγῳδία</em></span> <span class='ocrx_word' id='word_1_261' title='bbox 1129 1752 1196 1949; x_wconf 77' lang='grc' dir='ltr'><em>θρῆνοί</em></span> <span class='ocrx_word' id='word_1_262' title='bbox 1125 1995 1192 2148; x_wconf 77' lang='grc' dir='ltr'><em>εἰσιν)</em></span> <span class='ocrx_word' id='word_1_263' title='bbox 1137 2185 1179 2233; x_wconf 87' lang='lat' dir='ltr'>et</span> <span class='ocrx_word' id='word_1_264' title='bbox 1131 2281 1165 2502; x_wconf 91' lang='lat' dir='ltr'>common</span> <span class='ocrx_word' id='word_1_265' title='bbox 1110 2550 1159 2744; x_wconf 88' lang='lat' dir='ltr'>quoque</span> <span class='ocrx_word' id='word_1_266' title='bbox 1122 2790 1172 2999; x_wconf 88' lang='lat' dir='ltr'>threnon</span> 
     </span>
     <span class='ocr_line' id='line_1_37' title="bbox 1032 1324 1125 2996; textangle 270"><span class='ocrx_word' id='word_1_267' title='bbox 1064 1324 1125 1629; x_wconf 78' lang='lat' dir='ltr'>appellatum</span> <span class='ocrx_word' id='word_1_268' title='bbox 1069 1681 1103 1791; x_wconf 86' lang='lat' dir='ltr'>esse</span> <span class='ocrx_word' id='word_1_269' title='bbox 1064 1851 1112 1997; x_wconf 84' lang='lat' dir='ltr'>tradit</span> <span class='ocrx_word' id='word_1_270' title='bbox 1056 2045 1110 2255; x_wconf 87' lang='lat' dir='ltr'>Tzetzes</span> <span class='ocrx_word' id='word_1_271' title='bbox 1053 2302 1101 2349; x_wconf 90' lang='lat' dir='ltr'>in</span> <span class='ocrx_word' id='word_1_272' title='bbox 1047 2411 1101 2629; x_wconf 88' lang='lat' dir='ltr'>Crameri</span> <span class='ocrx_word' id='word_1_273' title='bbox 1042 2675 1093 2861; x_wconf 82' lang='lat' dir='ltr'>Anecd.</span> <span class='ocrx_word' id='word_1_274' title='bbox 1032 2910 1092 2996; x_wconf 90' lang='lat' dir='ltr'>IV,</span> 
     </span>
    </p>
   </div>
   <div class='ocr_carea' id='block_1_11' title="bbox 986 1331 1004 1778">
    <p class='ocr_par' dir='ltr' id='par_1_15' title="bbox 986 1331 1004 1778">
     <span class='ocr_line' id='line_1_38' title="bbox 986 1331 1004 1778; textangle 270"><span class='ocrx_word' id='word_1_275' title='bbox 986 1331 1004 1778; x_wconf 95' lang='lat' dir='ltr'> </span> 
     </span>
    </p>
   </div>
   <div class='ocr_carea' id='block_1_12' title="bbox 805 692 926 2990">
    <p class='ocr_par' dir='ltr' id='par_1_16' title="bbox 805 692 926 2990">
     <span class='ocr_line' id='line_1_39' title="bbox 847 1457 926 2990; textangle 270"><span class='ocrx_word' id='word_1_276' title='bbox 874 1457 926 1637; x_wconf 82' lang='lat' dir='ltr'>propria</span> <span class='ocrx_word' id='word_1_277' title='bbox 879 1666 924 1814; x_wconf 89' lang='lat' dir='ltr'>fuerat</span> <span class='ocrx_word' id='word_1_278' title='bbox 860 1841 916 2007; x_wconf 82' lang='lat' dir='ltr'>nomia,</span> <span class='ocrx_word' id='word_1_279' title='bbox 868 2039 913 2175; x_wconf 85' lang='lat' dir='ltr'>tibiae</span> <span class='ocrx_word' id='word_1_280' title='bbox 852 2205 909 2523; x_wconf 83' lang='lat' dir='ltr'>dithyrambis,</span> <span class='ocrx_word' id='word_1_281' title='bbox 847 2568 898 2803; x_wconf 87' lang='lat' dir='ltr'>antequam</span> <span class='ocrx_word' id='word_1_282' title='bbox 854 2832 897 2990; x_wconf 82' lang='lat' dir='ltr'>misce-</span> 
     </span>
     <span class='ocr_line' id='line_1_40' title="bbox 805 692 858 1622; textangle 270"><span class='ocrx_word' id='word_1_283' title='bbox 805 692 858 698; x_wconf 50' lang='grc' dir='ltr'><strong><em>ἰ</em></strong></span> <span class='ocrx_word' id='word_1_284' title='bbox 815 1458 853 1622; x_wconf 85' lang='lat' dir='ltr'>rentur.</span> 
     </span>
    </p>
   </div>
   <div class='ocr_carea' id='block_1_13' title="bbox 655 1377 791 2986">
    <p class='ocr_par' dir='ltr' id='par_1_17' title="bbox 655 1377 791 2986">
     <span class='ocr_line' id='line_1_41' title="bbox 707 1377 791 2986; textangle 270"><span class='ocrx_word' id='word_1_285' title='bbox 736 1377 791 1428; x_wconf 37' lang='grc' dir='ltr'>Ψ)</span> <span class='ocrx_word' id='word_1_286' title='bbox 742 1458 787 1645; x_wconf 81' lang='lat' dir='ltr'>Cantica</span> <span class='ocrx_word' id='word_1_287' title='bbox 742 1674 770 1773; x_wconf 88' lang='lat' dir='ltr'>cum</span> <span class='ocrx_word' id='word_1_288' title='bbox 735 1816 779 1962; x_wconf 88' lang='lat' dir='ltr'>choris</span> <span class='ocrx_word' id='word_1_289' title='bbox 729 1999 773 2149; x_wconf 85' lang='lat' dir='ltr'>iuncta</span> <span class='ocrx_word' id='word_1_290' title='bbox 724 2193 767 2401; x_wconf 77' lang='lat' dir='ltr'>habuisse</span> <span class='ocrx_word' id='word_1_291' title='bbox 707 2442 765 2750; x_wconf 87' lang='lat' dir='ltr'>dithyrambus</span> <span class='ocrx_word' id='word_1_292' title='bbox 716 2790 743 2873; x_wconf 89' lang='lat' dir='ltr'>non</span> <span class='ocrx_word' id='word_1_293' title='bbox 714 2902 756 2986; x_wconf 91' lang='lat' dir='ltr'>mi-</span> 
     </span>
     <span class='ocr_line' id='line_1_42' title="bbox 655 1456 708 2178; textangle 270"><span class='ocrx_word' id='word_1_294' title='bbox 677 1456 705 1537; x_wconf 78' lang='lat' dir='ltr'>nua</span> <span class='ocrx_word' id='word_1_295' title='bbox 662 1566 701 1698; x_wconf 86' lang='lat' dir='ltr'>quam</span> <span class='ocrx_word' id='word_1_296' title='bbox 655 1726 708 1962; x_wconf 79' lang='lat' dir='ltr'>tragoedia</span> <span class='ocrx_word' id='word_1_297' title='bbox 658 1997 704 2178; x_wconf 85' lang='lat' dir='ltr'>videtur.</span> 
     </span>
    </p>
   </div>
   <div class='ocr_carea' id='block_1_14' title="bbox 3621 2514 3717 3332">
    <p class='ocr_par' dir='ltr' id='par_1_18' title="bbox 3621 2514 3717 3332">
     <span class='ocr_line' id='line_1_43' title="bbox 3621 2514 3717 3332; textangle 270"><span class='ocrx_word' id='word_1_298' title='bbox 3621 2514 3717 3332; x_wconf 95' lang='lat' dir='ltr'> </span> 
     </span>
    </p>
   </div>
   <div class='ocr_carea' id='block_1_15' title="bbox 2490 3335 3015 3336">
    <p class='ocr_par' dir='ltr' id='par_1_19' title="bbox 2490 3335 3015 3336">
     <span class='ocr_line' id='line_1_44' title="bbox 2490 3335 3015 3336; textangle 270"><span class='ocrx_word' id='word_1_299' title='bbox 2490 3335 3015 3336; x_wconf 95' lang='lat' dir='ltr'> </span> 
     </span>
    </p>
   </div>
   <div class='ocr_carea' id='block_1_16' title="bbox 626 3335 1250 3336">
    <p class='ocr_par' dir='ltr' id='par_1_20' title="bbox 626 3335 1250 3336">
     <span class='ocr_line' id='line_1_45' title="bbox 626 3335 1250 3336; textangle 270"><span class='ocrx_word' id='word_1_300' title='bbox 626 3335 1250 3336; x_wconf 95' lang='lat' dir='ltr'> </span> 
     </span>
    </p>
   </div>
   <div class='ocr_carea' id='block_1_17' title="bbox 0 0 665 3332">
    <p class='ocr_par' dir='ltr' id='par_1_21' title="bbox 0 0 665 3332">
     <span class='ocr_line' id='line_1_46' title="bbox 0 0 665 3332; textangle 270"><span class='ocrx_word' id='word_1_301' title='bbox 0 0 665 3332; x_wconf 95' lang='lat' dir='ltr'> </span> 
     </span>
    </p>
   </div>
  </div>
 </body>
</html>
