5010 3336
3923 2164 3980 2281 132

3778 1395 3844 1627 pientiam
3779 1661 3842 1914 admirari,
3770 1951 3837 2195 Euripidis
3785 2230 3833 2446 carmina
3768 2478 3832 2709 recitare,
3764 2762 3829 3000 imprimis
3776 3033 3808 3060 a

3715 1392 3764 1598 Socrate
3715 1616 3763 1821 docetur
3693 1844 3762 2165 Phidippides
3690 2193 3752 2533 Aristophanis
3689 2561 3754 2705 (Nub.
3699 2730 3748 2872 1371.
3680 2892 3747 3058 137⁷).

3624 1391 3686 1534 Quod
3637 1569 3685 1698 idem
3619 1730 3677 1876 poeta
3632 1908 3680 1957 in
3614 1991 3676 2140 priori
3626 2176 3675 2386 Nubium
3624 2422 3673 2636 editione
3606 2664 3663 2920 posuerat:
3618 2956 3667 3059 Εὐ-η

3545 1389 3608 1602 ριπίδου
3556 1640 3607 1686 δ’
3555 1723 3606 1753 ὁ
3544 1786 3605 1876 τὰς
3534 1909 3599 2201 τραγῳδίας
3546 2234 3594 2405 ποιῶν
3535 2437 3597 2526 τὰς
3528 2559 3591 2936 περιλαλούσας
3537 2971 3597 3059 οὗ-

3468 1387 3528 1475 τός
3477 1508 3531 1611 ἐστι
3466 1645 3526 1737 τὰς
3458 1771 3522 1957 σοφάς,
3470 1993 3517 2087 hoc
3454 2122 3515 2236 quid
3467 2272 3514 2404 aliud
3450 2438 3513 2753 significatur,
3445 2791 3492 2932 quam
3458 2968 3507 3054 Soae

3397 1385 3445 1618 craticam
3378 1652 3443 2010 philosophiam
3374 2045 3439 2299 Euripidis
3386 2334 3435 2508 fabulis
3383 2557 3432 2758 inesse?
3380 2810 3429 2934 Nam
3378 2969 3427 3055 λα·
3370 3204 3374 3206 ‚
3384 3290 3406 3297 ⁸

3318 1382 3366 1493 λεῖν
3318 1525 3365 1609 isti
3317 1640 3359 1713 est
3298 1737 3363 2087 philosophari.
3311 2125 3359 2260 ldem
3308 2288 3341 2458 sensus
3306 2488 3348 2565 est
3302 2592 3351 2847 verborum
3300 2876 3350 3058 Calliae

3221 1381 3281 1555 poetae
3238 1590 3285 1790 comici:

3143 1509 3208 1611 ἤδη
3158 1650 3215 1715 σὺ
3139 1751 3207 1911 σεμνὴ
3154 1945 3203 2033 καὶ
3138 2067 3197 2283 φρονεῖς
3148 2318 3200 2455 οὕτω
3130 2490 3196 2636 μέγα.

3066 1508 3130 1707 »ἔξεστι
3061 1741 3126 1840 γάρ
3061 1877 3106 1965 μοι
3098 1987 3110 1998 ·
3054 2035 3120 2326 Σωκράτης
3052 2357 3118 2457 γὰρ
3055 2495 3116 2703 ainos-‚²³

2998 1376 3048 1511 Idem
2983 1546 3045 1757 denique
2993 1792 3044 2068 Teleclides
2989 2105 3036 2319 comicus
2986 2356 3034 2576 dixerat:

2901 1510 2967 1846 Μνησίλοχός
2914 1878 2966 1980 ἐστ’
2899 2016 2965 2228 ἐκεῖνος,
2900 2267 2959 2323 ὃς
2891 2357 2956 2547 φρύγει
2904 2581 2937 2629 τι
2888 2664 2954 2836 δρᾶμα
2899 2867 2950 3052 καινὸν

2820 1508 2888 1790 Εὐριπίδῃ,
2835 1828 2885 1915 καὶ
2814 1949 2880 2235 Σωκράτης
2829 2269 2879 2331 τὰ
2811 2366 2875 2597 φρύγαν’
2804 2633 2873 2966 ὑποτίθησιν.

2758 1374 2808 1606 Ceterum
2740 1652 2804 1916 Euripides
2753 1964 2784 2024 ne
2748 2071 2799 2330 Prodicum
2733 2380 2793 2576 quidem
2742 2612 2786 2800 temere
2740 2851 2784 3050 secutus

2679 1372 2723 1464 est.
2676 1532 2727 1838 Testimonio
2674 1875 2717 1949 est
2672 1982 2721 2212 Herculis
2656 2261 2701 2497 persona,
2650 2554 2697 2695 quam
2661 2741 2709 2791 in
2661 2838 2709 3047 Alcesti-

2600 1370 2649 1445 dis
2599 1492 2647 1654 fabula
2581 1704 2644 1847 plane
2594 1898 2642 2139 diversam
2593 2187 2623 2213 a
2588 2261 2639 2502 Prodiceo
2584 2554 2633 2770 Hercule
2580 2815 2630 3048 exhibuit.

2520 1501 2567 1597 lam
2506 1628 2566 1894 videamus,
2501 1933 2546 2025 qua
2513 2051 2560 2235 ratione
2512 2264 2553 2315 et
2511 2342 2558 2389 in
2505 2423 2554 2734 moderandis
2502 2761 2552 2908 animi
2486 2935 2532 3046 per-

2439 1368 2487 1725 turbationibus
2436 1746 2482 2069 constantiam
2434 2093 2480 2207 etin
2431 2236 2479 2413 officiis
2415 2444 2473 2733 probitatem
2421 2762 2468 3044 servandam
2420 3300 2453 3304 ‚¹

2361 1366 2393 1479 esse
2360 1508 2407 1734 docuerit
2342 1768 2405 2045 Euripides.
2342 2115 2402 2255 Quod
2334 2284 2398 2564 Aristippus
2330 2593 2391 2909 respondisse
2342 2945 2391 3044 fer—

2282 1365 2325 1448 tur
2264 1480 2329 1827 interrogatus,
2264 1864 2324 1978 quid
2261 2008 2323 2200 sapiens
2272 2225 2319 2283 ab
2257 2308 2320 2557 insipienti
2265 2583 2315 2835 differret:
2251 2868 2310 3043 „mitte

2187 1364 2246 1625 utrumque
2199 1674 2246 1857 nudum
2199 1904 2245 1964 ad
2181 2016 2244 2234 ignotOS,
2194 2300 2235 2349 et
2178 2394 2237 2639 videbis;”
2172 2690 2232 2821 quod
2167 2869 2225 3044 sponte

2107 1361 2171 1675 Anaxagoras
2108 1723 2168 1867 fecit,
2109 1906 2158 1976 ut,
2116 2015 2164 2181 relicta
2099 2218 2160 2375 patria
2112 2411 2141 2467 ac
2094 2502 2154 2787 patrimonio
2089 2824 2150 3040 cognatis

2031 1360 2076 1621 concesso,
2042 1674 2089 1790 nihil
2023 1828 2085 2013 proprii
2034 2049 2084 2284 retineret
2018 2317 2072 2513 praeter
2012 2549 2074 2858 sapientiam3
2010 2910 2071 3039 quod

1965 1357 2013 1471 Bias
1954 1521 2012 1673 dixit,
1962 1726 1992 1780 se
1960 1832 1991 1918 sua
1959 1954 2004 2111 omnia
1955 2146 1987 2315 secum
1937 2350 1990 2577 portare:
1948 2630 1995 2832 eandem
1944 2870 1991 3038 condi-

1884 1358 1932 1539 tionem
1866 1587 1931 1836 plerisque
1864 1873 1928 2122 Euripidis
1862 2160 1920 2381 personis
1855 2417 1917 2719 propositam
1866 2756 1900 2866 esse
1865 2901 1912 3034 vide-

1806 1355 1838 1479 mus.
1804 1549 1852 1700 Exuti
1802 1736 1847 1864 enim
1786 1898 1832 2078 regno,
1783 2118 1844 2244 pulsi
1781 2279 1840 2462 patria,
1776 2497 1839 2674 privati
1772 2711 1836 2911 opibus,
1785 2949 1832 3035 de-

1726 1354 1774 1516 stituti
1725 1550 1756 1577 a
1709 1606 1770 1837 cognatis,
1708 1872 1769 2097 humiles,
1705 2133 1764 2314 miseri,
1700 2351 1759 2518 pannis
1698 2549 1759 2711 obsiti,
1694 2746 1755 2859 quin
1704 2888 1753 3032 etiam

1634 1353 1695 1570 debiles,
1631 1606 1690 1823 aegroti,
1627 1861 1687 2077 corporis
1621 2114 1685 2355 animique
1631 2391 1682 2638 doloribus
1617 2676 1675 2894 cruciati,
1626 2932 1673 3032 for-

1567 1350 1610 1496 tunae
1550 1538 1614 1850 hostiumque
1561 1884 1611 2094 ludibrio
1542 2144 1604 2380 expositi,
1554 2434 1585 2527 non
1552 2562 1600 2658 iam
1533 2691 1582 2833 reges
1531 2870 1579 3029 neque

1473 1349 1537 1557 heroes,
1486 1611 1533 1698 scd
1485 1734 1534 1851 nudi
1480 1885 1528 2114 mortales
1463 2150 1525 2538 experimentum
1472 2578 1520 2693 dare
1468 2727 1517 2921 virtutis
1466 2956 1508 3028 at-

1395 1348 1441 1445 que
1390 1498 1453 1764 sapientiae
1389 1813 1443 2068 coguntur.
1398 2138 1448 2395 Eiusmodi
1392 2447 1440 2779 mendicorum
1370 2826 1421 3026 gregem

1330 1348 1377 1464 satis
1311 1514 1360 1742 magnum
1308 1791 1372 2146 Aristophanes
1320 2192 1367 2285 iam
1318 2331 1365 2379 in
1311 2415 1363 2809 Acharnensibus
1291 2846 1354 3023 coegit,

1250 1346 1284 1441 non
1248 1488 1297 1704 offensus
1246 1750 1294 1835 ille
1231 1883 1292 2079 quidem
1240 2132 1289 2328 miseria
1223 2365 1269 2681 personarum
1225 2717 1280 3022 heroicarum

1158 1346 1223 1478 (nam
1153 1514 1219 1770 Sophoclis
1152 1806 1213 2005 quidem
1146 2041 1212 2233 Oedipo
1146 2270 1207 2375 quis
1139 2407 1205 2706 miserior‘Z),
1151 2747 1199 2831 sed
1133 2858 1195 3021 potius

1074 1344 1141 1683 philosophia,
1088 1731 1135 1867 cuius
1071 1903 1132 2059 gratia
1084 2092 1130 2139 in
1082 2173 1129 2313 istam
1074 2349 1127 2671 humilitatem
1071 2707 1120 2814 illas
1067 2850 1116 3020 detru-

1014 1343 1047 1424 sas
1011 1460 1043 1571 esse
1009 1606 1057 1822 videret:
1005 1857 1055 1910 id
992 1944 1051 2075 quod
1000 2110 1048 2377 ostenditur
981 2410 1047 2792 interrogatione
988 2815 1039 3018 Dicaeo-

919 1342 982 1542 poleos:

844 1999 895 2031 c}
843 2044 875 2076 v
842 2090 873 2121 α
827 2134 891 2167 β
840 2184 889 2216 α’
825 2228 891 2302 δη
839 2318 871 2351 ν
826 2383 884 2562 ποιεῖς,
778 3210 838 3213 Ι

761 1469 828 1586 ἐξὸν
771 1620 803 1649 κ
773 1666 803 1698 τι
773 1713 804 1740 r
771 1753 801 1786 oc
755 1798 817 1832 β
767 1850 817 1884 α’
767 1898 817 1929 δ
750 1942 796 2044 ην,-
760 2083 811 2181 οὐκ
748 2216 811 2327 ἐτὸς
742 2360 813 2563 χωλοὺς
744 2597 801 2773 ποιεῖς.
