5010 3336
3821 2071 3881 2194 35ss

3681 1437 3729 1513 Ex
3683 1548 3732 1641 hac
3667 1666 3729 1810 parte
3682 1841 3733 2077 dramatis
3665 2116 3732 2352 quaedam
3681 2384 3732 2631 Lucianus
3679 2666 3728 2714 in
3662 2753 3724 2981 tragodo-

3583 1306 3649 1520 podagra
3588 1554 3650 1871 decerpsisse
3589 1907 3650 2127 videtur,
3602 2163 3649 2296 velut
3602 2329 3651 2479 haee:

3519 1440 3570 1635 δίναισι
3507 1669 3572 1925 φλογμῶν
3506 1959 3571 2126 σάρκα
3507 2160 3571 2622 πυρπολούμενον,

3438 1439 3489 1598 ὁποῖα
3426 1632 3494 1829 κρητὴρ
3427 1865 3490 2049 μεστὸς
3439 2086 3490 2342 Αἰτναίου
3426 2376 3488 2547 πυρὸς

3342 1439 3409 1472 ἢ
3350 1510 3409 1726 Σικελὸς
3360 1762 3411 1938 αὐλὼν
3344 1974 3410 2228 ἁλιπόρου
3342 2267 3408 2579 διασφάγος,

3276 1439 3331 1580 ὅπου
3267 1615 3329 1937 δυςεξέλικτα
3261 1972 3327 2374 κυματούμενος

3180 1440 3247 1657 σήραγξι
3183 1692 3245 1898 πετρῶν
3186 1933 3249 2141 σκολιὸς
3196 2178 3246 2382 εἱλεῖται
3194 2419 3248 2645 κλύδων.

3116 1440 3173 1481 ὦ
3101 1517 3169 1908 δυςτέκμαρτον
3115 1940 3160 2101 πᾶσιν
3100 2136 3165 2442 ἀνθρώποις
3106 2476 3167 2636 τέλος,

3025 1436 3085 1507 ὡς
3025 1544 3085 1614 εἰς
3020 1650 3084 1818 μάτην
3035 1854 3074 1909 σε
3026 1944 3084 2133 πάντες
3019 2168 3084 2600 άμφιθάλπομεν,

2954 1433 3007 1602 ἐλπίδι
2939 1634 3005 1827 ματαία
2942 1861 3005 2014 μωρὰ
2939 2049 3003 2485 βουκολούμενοι.

2863 1436 2922 1573 Mox,
2876 1608 2923 1747 faces
2875 1784 2922 2075 admovente
2863 2111 2922 2299 dolore,
2862 2336 2921 2605 exclamat,
2875 2641 2923 2870 auxilium
2876 2908 2909 2991 ex-

2778 1307 2837 1510 petens,
2795 1548 2842 1673 mori
2780 1709 2843 1940 cupiens:

2702 1435 2763 1655 „Hem
2697 1694 2762 1838 quis
2715 1873 2762 2079 salsis
2699 2101 2762 2447 fluctibus
2714 2481 2762 2745 mandet

2635 1445 2682 1546 Me
2635 1584 2666 1660 ex·
2634 1693 2681 1976 sublimo
2634 2011 2680 2271 vertice
2633 2305 2680 2496 saxi?

2554 1445 2601 1575 Iam
2554 1610 2601 1736 iam
2543 1775 2601 2109 absamor;
2536 2148 2599 2445 conficit
2552 2484 2599 2763 animam

2473 1449 2522 1558 Vis
2460 1592 2521 1931 volneris,
2472 1968 2519 2223 ulceris
2472 2261 2513 2541 aestus.”

2392 1309 2440 1567 Postremo
2393 1615 2425 1785 somno
2376 1840 2440 2135 opprimitur
2391 2193 2439 2317 adeo
2376 2362 2439 2525 gravi,
2390 2582 2434 2638 ut
2381 2676 2440 2882 chorus,
2393 2930 2425 2993 ne

2310 1306 2358 1517 animam
2300 1553 2361 1821 efflaverit,
2312 1858 2354 2111 vereatur:

2231 1440 2284 1768 άπὲπνευσεν
2220 1806 2281 2004 αἰῶνα,·

2152 1308 2199 1415 Hac
2135 1451 2197 1819 opportunitate
2150 1855 2197 1968 data
2135 2002 2199 2227 Ulysses,
2136 2268 2198 2378 quis
2139 2414 2198 2513 sit,
2152 2551 2198 2721 Actori
2153 2756 2196 2806 et
2154 2840 2202 2992 choro

2057 1307 2118 1466 aperit
2056 1513 2118 1757 simulque
2061 1805 2102 1917 eos,
2072 1979 2114 2035 ut
2072 2082 2113 2251 conata
2072 2300 2103 2385 sua
2062 2435 2118 2692 adiuvent,
2072 2746 2120 2991 obsecrat.

1993 1308 2040 1489 Graeci
1994 1526 2040 1654 enim
1979 1693 2024 1840 quum
1981 1878 2035 2070 essent,
1993 2108 2024 2199 non
1977 2236 2035 2466 poterant
1994 2501 2040 2745 exercitus
1994 2782 2041 2991 salutem

1898 1308 1961 1573 negligere.
1913 1644 1961 1855 Miratur
1913 1883 1960 2038 Actor
1913 2073 1960 2323 audaciam
1903 2357 1961 2465 viri,
1899 2502 1960 2585 qui
1913 2622 1961 2762 adire
1914 2796 1960 2990 hostem

1833 1309 1881 1677 infestissimum
1834 1715 1864 1809 non
1832 1845 1879 2110 dubitarit:

1741 1438 1802 1672 „Quem
1736 1719 1785 1934 neque
1753 1986 1798 2167 tucri
1753 2218 1794 2450 contra
1736 2507 1785 2712 neque
1738 2768 1802 2993 adfari

1654 2168 1703 2333 quea
1674 2347 1704 2384 s.

1604 1441 1615 1505 --
1604 1644 1611 1703 ——
1592 1840 1638 1947 cui
1575 1975 1633 2283 potestas
1593 2318 1639 2373 si
1581 2409 1641 2630 detur,
1592 2667 1633 2779 tua

1494 1448 1560 1810 Cupienter
1510 1845 1558 2044 malis
1512 2090 1559 2371 membra
1495 2412 1560 2753 discerpat
1510 2806 1564 2987 „quia”

1431 1312 1480 1547 Ceterum
1432 1595 1477 1691 hoc
1432 1727 1479 1947 diverbio
1432 1983 1462 2042 eo
1432 2078 1462 2156 res
1416 2195 1479 2510 perducitur,
1433 2563 1474 2615 ut
1432 2652 1462 2783 arma
1433 2820 1480 2989 Philo-

1352 1312 1393 1473 ctetae
1352 1508 1382 1615 cum
1336 1665 1398 1853 sagittis
1351 1889 1398 1937 in
1336 1988 1393 2283 potestatem
1337 2320 1399 2511 Ulyssis
1353 2548 1398 2815 tradantur.
1354 2886 1401 2987 Te-

1270 1311 1313 1467 statur
1271 1502 1317 1629 enim
1272 1668 1318 1758 Dio
1272 1800 1318 1849 in
1272 1886 1317 1976 hac
1271 2012 1301 2065 re
1271 2101 1302 2269 omnes
1272 2304 1313 2403 tres
1258 2457 1313 2626 poetas
1257 2665 1319 2989 conspirasse,

1193 1311 1233 1366 ut
1192 1402 1237 1501 sive
1191 1534 1239 1667 furto
1193 1704 1238 1807 sive
1176 1843 1237 2009 rapina
1182 2044 1222 2203 arma,
1177 2241 1237 2412 quibus
1193 2449 1239 2746 Philoctetes
1184 2783 1240 2987 fidebat,

1100 1312 1144 1435 quae
1113 1482 1154 1532 et
1112 1567 1158 1751 victum
1111 1799 1157 1979 misero
1111 2026 1153 2076 et
1111 2113 1157 2467 contumaciam
1098 2514 1159 2817 nominisque
1112 2855 1159 2985 cele—

1034 1311 1080 1536 britatem
1018 1585 1079 1915 praebebant,
1030 1964 1078 2168 subduci
1033 2207 1077 2249 ei
1021 2285 1079 2532 facerent,
1019 2585 1074 2843 antequam
1018 2878 1078 2987 ipse

938 1312 1000 1485 partim
953 1538 1001 1717 imitus
937 1768 998 1943 partim
935 1991 982 2253 persuasus
952 2293 998 2351 ad
953 2400 997 2666 exercitum
952 2721 999 2986 reducere-

873 1314 916 1406 tur.
858 1477 921 1675 Recipit
872 1722 919 1769 in
871 1814 902 1868 se
870 1903 917 2057 Actor
870 2109 916 2252 etiam
854 2304 918 2555 negotium
872 2590 920 2875 Diomedem
872 2924 920 2985 de

710 1447 750 1609 eadem
708 1638 750 1851 sententia
707 1882 745 1946 est
706 1977 749 2101 Geel.
707 2131 748 2173 iu
707 2204 749 2331 Dion.
693 2365 748 2545 Olymp.
695 2577 734 2619 p.
697 2650 750 2765 401„
692 2797 751 2984 ’Ἄκτορα

639 1451 667 1478 a
637 1510 679 1603 cod.
636 1635 678 1822 Mcemn.
623 1853 677 2059 praeberi
633 2089 673 2265 testans.
635 2326 678 2393 Cf.
635 2427 677 2596 &Vc-lek.
623 2628 662 2670 p.
636 2701 679 2825 1586.
