5010 3336
4016 2169 4071 2245 12

3863 1373 3926 1563 prologi
3864 1596 3929 1921 fragmentum
3869 1947 3928 2274 damnassent,
3879 2310 3923 2446 recte
3865 2472 3928 2738 docuisset,
3875 2773 3925 3033 levissimis

3782 1372 3845 1481 ipse
3783 1515 3850 1813 argumentis
3801 1847 3834 1964 usus
3800 1998 3847 2127 idem
3799 2178 3847 2380 efficere
3799 2426 3843 2625 conatus
3799 2672 3841 2764 est.
3782 2843 3845 3034 „Duo‚‘'

3705 1374 3767 1547 inquit,
3709 1582 3771 1839 „videntur
3722 1859 3753 1939 me
3709 1965 3753 2179 movere,
3708 2215 3767 2437 alterum,
3704 2467 3768 2596 quod
3704 2619 3766 2922 grammatici
3716 2949 3749 3033 ve—

3641 1375 3682 1507 teres
3641 1542 3687 1608 ita
3631 1643 3687 1943 statuerunt,
3627 1980 3690 2219 siquidem
3624 2256 3689 2433 legitur
3641 2465 3686 2515 in
3624 2548 3683 2836 argumento
3622 2869 3687 3035 priore

3562 1373 3609 1450 lin.
3563 1467 3607 1528 11
3547 1543 3594 1672 seq:
3562 1699 3615 1728 ὁ
3547 1753 3611 1909 χορὸς
3546 1938 3615 2254 συνέστηκεν
3561 2279 3613 2336 ἐκ
3546 2361 3610 2632 φυλάκων,
3559 2662 3609 2721 οἳ
3559 2746 3591 2777 κ
3559 2794 3612 2858 αὶ
3544 2878 3594 3035 προ-

3466 1369 3532 1754 λογίζουσι;
3468 1801 3530 1952 magis
3469 1997 3514 2139 vero,
3467 2185 3527 2314 quod
3480 2363 3528 2458 duo
3463 2505 3527 2694 prologi
3465 2727 3527 3033 ferebantur,

3402 1368 3445 1421 ut
3402 1450 3451 1691 Matthiae
3403 1724 3451 1883 verbis
3392 1919 3447 2053 utar,
3388 2090 3450 2220 quod
3387 2253 3449 2411 ipsum
3400 2448 3448 2739 documento
3400 2776 3431 2887 esse
3383 2921 3442 3033 pot—

3323 1370 3366 1448 est
3323 1480 3366 1705 neutrum
3323 1741 3369 1799 ab
3308 1835 3371 1944 ipso
3308 1978 3367 2122 poeta
3308 2146 3372 2426 profectum
3318 2455 3368 2616 esse.''
3320 2673 3368 2864 Horum
3305 2892 3352 3036 argu-

3243 1369 3287 1641 mentorum
3228 1676 3290 1955 posterius„
3244 2000 3292 2052 id
3230 2088 3290 2219 quod
3228 2254 3292 2458 quilibet
3230 2492 3289 2652 vide-t5
3241 2698 3289 2883 nullum
3228 2933 3285 3035 est3

3162 1370 3195 1461 nec
3164 1494 3212 1652 minus
3164 1687 3211 1830 inane
3155 1865 3206 1959 est,
3150 1996 3211 2125 quod
3165 2161 3212 2325 addit:
3152 2360 3196 2502 „nam
3164 2540 3210 2582 si
3147 2608 3209 2873 antiquitus
3145 2902 3208 3037 prior

3082 1367 3131 1644 exstitisset
3067 1700 3131 1930 prologus
3069 1985 3133 2258 Euripideo
3084 2317 3116 2454 more
3067 2512 3130 2846 conscripum,
3082 2906 3130 3038 nulla

3002 1367 3035 1537 caussa
3004 1573 3047 1678 erat
3004 1714 3051 1920 alterum
2995 1958 3051 2122 scribi,
2989 2160 3051 2241 qui
3005 2275 3052 2334 iis
2989 2363 3053 2615 Euripidis
2989 2645 3050 2876 exordiis,
2988 2914 3035 3037 quae

2907 1366 2968 1655 supersunt,
2908 1707 2955 1911 prorsus
2924 1960 2970 2231 contrarius
2925 2281 2972 2405 est.⁷’
2910 2476 2972 2626 Quasi
2923 2672 2956 2769 non
2907 2814 2971 3037 quotidie

2843 1367 2891 1479 fieri
2830 1513 2892 1791 videamus,
2830 1839 2886 1922 ut7
2828 1971 2890 2051 qui
2844 2085 2892 2275 fabulas
2845 2310 2892 2360 in
2844 2395 2891 2601 theatris
2827 2636 2892 2846 agendas
2842 2882 2891 3038 susci-

2746 1364 2810 1531 piunt,
2755 1579 2806 1793 temere,
2765 1847 2810 1887 si
2749 1931 2795 2055 quae
2748 2089 2807 2254 partes
2764 2292 2812 2562 dramatum
2764 2601 2811 2706 sine
2763 2741 2811 2924 theatri
2764 2959 2812 3036 of-

2684 1367 2731 1589 fensione
2685 1625 2730 1798 abesse
2669 1833 2716 1980 posse
2668 2015 2731 2135 ipsis
2675 2172 2732 2449 videantur,
2684 2502 2732 2787 abscindant
2684 2835 2727 2883 et
2668 2918 2717 3035 quas

2588 1365 2651 1459 ipsi
2604 1495 2652 1715 efficiunt
2604 1750 2652 1946 lacunas
2605 1978 2651 2076 suis
2590 2107 2652 2528 interpolamentis
2590 2555 2652 2797 expleant,
2589 2833 2653 3037 amplio-

2523 1362 2575 1500 ribus
2513 1534 2572 1785 breviora,
2509 1830 2572 2222 impeditioribus
2525 2256 2572 2475 faciliora
2524 2511 2572 2875 substituentes.
2525 2943 2572 3034 Fa-

2442 1366 2490 1546 cillime
2445 1591 2487 1754 autem
2429 1799 2492 2031 prologus
2433 2077 2492 2213 talis,
2430 2262 2492 2453 qualem
2446 2489 2492 2604 huic
2446 2639 2492 2842 dramati
2445 2878 2494 3034 fuisse

2362 1366 2412 1610 ostensuri
2354 1655 2397 1848 sumus,
2364 1902 2412 2043 abiici
2350 2089 2413 2249 potuit
2354 2294 2413 2433 ideo7
2351 2481 2414 2607 quod
2367 2646 2413 2694 in
2366 2732 2414 3034 Graecorum

2281 1364 2331 1538 castris
2269 1574 2333 1843 agebantur
2273 1877 2316 1987 res,
2270 2038 2316 2161 quae
2286 2195 2333 2279 illo
2273 2316 2332 2712 continebantur,
2271 2763 2318 2922 neque
2287 2956 2318 3033 ar-

2202 1362 2251 1583 ctissime
2204 1629 2252 1915 videbantur
2205 1964 2236 2074 cum
2193 2121 2253 2211 iis,
2190 2262 2252 2464 quaein
2205 2499 2255 2821 Troianorum
2206 2860 2253 3033 castris

2105 1364 2167 1601 aguntur,
2123 1639 2171 1920 cohaerere.
2114 1981 2173 2280 Accedebat,
2109 2319 2173 2463 quod,
2126 2501 2172 2655 recisa
2127 2690 2173 2770 illa
2127 2798 2174 3034 dramatis

2025 1360 2086 1531 parte,
2028 1582 2092 1791 simplici
2028 1838 2086 2076 apparatu
2045 2126 2091 2321 scenico
2046 2355 2077 2437 res
2031 2474 2092 2548 agi
2030 2582 2088 2839 poterant,
2031 2885 2078 3032 quum

1961 1363 2004 1553 servata
1962 1588 2010 1757 eadem
1949 1797 1996 1919 opus
1965 1956 2013 2137 suisset
1948 2172 2012 2370 duplici.
1965 2438 2014 2660 Alterum
1949 2697 2010 3034 argumentum

1882 1364 1929 1642 testimonio
1883 1678 1930 1847 nititur
1885 1881 1932 2091 hominis
1869 2126 1915 2286 neque
1886 2323 1933 2449 cauti
1870 2486 1933 2827 diligentisque
1872 2874 1918 3034 neque

1789 1364 1849 1523 acuti,
1803 1574 1851 1661 sed
1804 1707 1851 1829 levis
1806 1877 1848 1925 et
1805 1969 1852 2220 oculorum
1806 2268 1837 2413 sensu
1792 2461 1853 2613 magis
1792 2661 1838 2802 quam
1807 2849 1854 3036 ratione

1722 1360 1770 1637 iudicantis.
1725 1708 1773 1833 Nam
1710 1882 1773 2073 quoda
1725 2117 1771 2216 suis
1726 2251 1773 2390 libris
1709 2435 1774 2693 prologum
1727 2742 1774 2916 abesse
1727 2962 1775 3033 vi-

1642 1362 1689 1508 debat
1643 1556 1686 1607 et
1644 1653 1687 1817 tamen
1628 1865 1692 2095 prologos
1629 2130 1693 2382 praemitti
1645 2415 1695 2596 fabulis
1647 2632 1694 2793 solere
1634 2829 1695 3031 sciebat,

1561 1362 1609 1498 chori
1547 1544 1610 1782 parodum
1549 1824 1597 1913 pro
1549 1962 1613 2166 prologo
1566 2216 1597 2326 esse
1566 2360 1613 2494 haud
1567 2530 1610 2816 cunctanter
1568 2852 1617 3031 effatus

1470 1361 1524 1463 est,
1466 1499 1513 1645 quem
1484 1680 1517 1899 errorem
1485 1934 1517 2050 mox
1486 2082 1533 2358 accuratius
1487 2389 1535 2688 refutaturus
1488 2725 1521 2847 sum.
1489 2908 1538 3031 Nul-

1402 1363 1450 1462 lum
1387 1509 1452 1759 Euripidis
1405 1811 1452 1976 drama
1389 2019 1454 2273 prooemio
1407 2321 1454 2535 caruisse
1407 2579 1457 2795 Vaterus
1408 2842 1455 3032 Aristo—

1305 1361 1370 1511 phani
1323 1545 1369 1592 in
1324 1628 1372 1777 Ranis
1310 1811 1373 1876 (v.
1325 1902 1370 1998 945
1310 2030 1376 2189 seqq.)
1328 2217 1376 2395 dicenti
1328 2422 1360 2515 non
1328 2542 1376 2767 credidit.
1313 2824 1377 3034 „Neque

1232 1364 1293 1538 enim‚''
1229 1560 1291 1734 inquit,
1231 1765 1294 2053 „quisquam
1247 2081 1294 2180 dis
1247 2198 1291 2334 erte
1248 2359 1296 2561 tradidit
1248 2589 1297 2767 nullam
1232 2782 1296 3034 Euripidis

1147 1362 1212 1723 tragoediarum
1149 1756 1214 1964 prologo
1166 2000 1214 2132 iusto
1159 2178 1215 2420 caruisse,
1154 2468 1201 2628 neque
1168 2677 1217 2914 credibile
1168 2957 1212 3034 est

1067 1363 1127 1556 poetam
1084 1594 1132 1759 statim
1086 1793 1134 1852 ab
1087 1887 1134 2023 initio
1087 2058 1134 2153 hoc
1086 2188 1120 2330 usum
1089 2366 1121 2476 esse
1078 2517 1136 2741 invento,
1088 2785 1132 2868 aut
1088 2910 1121 3032 nun-

988 1366 1035 1509 quam
988 1544 1048 1716 postea
1007 1750 1038 1778 a
1007 1812 1040 1951 more
991 1985 1050 2187 recepto
1008 2221 1058 2537 recessisse.''
995 2610 1057 2759 Fugit
1009 2792 1041 2901 eum
1009 2936 1058 3032 sci-

925 1364 973 1481 licet
925 1515 974 1849 testimonium
927 1886 975 2180 scholiastae
928 2213 975 2274 ad
928 2301 977 2536 Hecubae
929 2568 978 2761 initium
914 2796 978 3034 scriptum

846 1367 895 1445 his
843 1493 893 1680 verbis:
846 1739 895 1767 ὃ
844 1815 899 1928 καὶ
845 1972 899 2039 ἐν
831 2087 898 2255 ἀρχῇ
847 2308 900 2583 πάντων
849 2637 901 2768 τῶν
848 2826 900 3033 αὐτοῦ
