5010 3336
3846 2089 3903 2210 232

3722 1307 3773 1504 landum
3718 1541 3769 1762 dolorem
3691 1801 3762 2198 cohibendasque
3700 2236 3751 2459 lacrimas
3677 2494 3746 2816 iustissimas,
3684 2854 3727 2903 et
3685 2933 3732 2991 fi-

3643 1306 3690 1418 dem
3623 1453 3689 1787 incorruptam
3630 1824 3671 1986 servat
3627 2022 3668 2071 et
3622 2106 3672 2341 ultionem
3614 2380 3666 2621 malorum
3608 2651 3655 2849 strenue
3591 2872 3637 2988 per—

3548 1303 3609 1555 sequitur,
3558 1607 3600 1657 et
3541 1706 3595 1887 quanta
3548 1936 3597 2036 fide
3541 2085 3593 2319 bonorum
3535 2367 3585 2628 amicitiam
3517 2665 3579 2806 colit,
3524 2856 3569 2989 tanta

3480 1300 3527 1573 constantia
3461 1608 3526 1806 ignavos
3451 1841 3519 2156 ingratosque
3447 2190 3506 2458 propellit:

3382 1420 3457 1684 Ἀδμήτου
3377 1714 3443 1891 λόγον,
3388 1932 3445 1971 ὦ
3367 2007 3433 2183 ’ταφὴ
3365 2222 3428 2429 μαθών,
3363 2468 3430 2593 τοὺς
3355 2621 3425 2866 ἀγαθοὺς
3351 2900 3415 2985 φί-

3290 2133 3348 2224 Aa„

3238 1425 3286 1533 τῶν
3231 1569 3286 1758 δειλῶν
3230 1793 3280 1840 δ’
3208 1878 3278 2092 οἷπὲχου,
3205 2130 3274 2294 γνοὺς
3216 2320 3266 2398 ὅτι
3210 2427 3264 2615 δειλῶν
3192 2639 3260 2791 ὀλίγα
3189 2817 3254 2981 χάρις.

3156 1421 3206 1574 Forte
3154 1610 3194 1658 et
3137 1692 3182 1984 generosum
3138 2023 3188 2214 facinus
3136 2252 3183 2355 edit
3117 2393 3180 2619 Alcestis,
3124 2656 3173 2866 animam
3122 2905 3170 2975 ef-

3077 1287 3129 1500 fundens
3058 1550 3105 1639 pro
3068 1688 3118 1887 Admeti
3058 1939 3110 2111 salute.
3042 2184 3105 2358 Neque
3051 2409 3093 2571 tamen
3045 2621 3095 2798 ardore
3042 2833 3090 2980 animi

2983 1284 3048 1533 incitatur,
2993 1571 3034 1625 ut
2976 1660 3022 1806 parva
2983 1842 3034 1989 ducat
2979 2025 3013 2135 esse
2962 2172 3008 2296 qnae
2973 2332 3020 2523 amittat
2954 2560 2999 2679 prae
2954 2714 3012 2802 iis,
2946 2849 2994 2975 quae

2916 1285 2966 1473 efficiat
2898 1508 2955 1655 atque
2891 1692 2944 2037 consequatur,
2890 2075 2941 2145 ut,
2879 2184 2941 2460 exemplum
2891 2490 2922 2542 se
2872 2566 2920 2844 proponere
2880 2867 2912 2973 mu-

2835 1279 2888 1483 lieribus
2832 1521 2875 1722 aeterna
2826 1767 2876 1911 laude
2804 1960 2868 2159 dignum
2799 2207 2863 2517 intelligens,
2805 2567 2856 2750 doloris
2799 2801 2848 2972 oblivi-

2756 1281 2798 1449 scatur
2753 1485 2795 1535 et
2751 1572 2800 1699 bono
2745 1736 2795 1897 animo
2740 1934 2788 2081 etiam
2735 2118 2783 2346 maritum
2732 2384 2764 2496 esse
2716 2534 2776 2713 iubeat,
2723 2752 2764 2806 ut
2719 2833 2753 2970 more

2663 1277 2729 1559 Iphigeniae
2656 1595 2711 1742 atque
2649 1780 2715 2059 Polyxenae
2656 2102 2698 2312 mortem
2652 2353 2699 2521 obiens
2629 2558 2694 2844 triumphet.
2639 2915 2688 2968 In

2585 1275 2647 1466 pietate
2577 1503 2639 1735 colenda,
2586 1791 2633 1838 in
2580 1889 2630 1989 fide
2563 2039 2621 2364 praestanda,
2572 2416 2619 2464 in
2555 2512 2614 2669 gratia
2561 2704 2611 2967 reserenda

2517 1273 2567 1428 virtus
2513 1467 2560 1569 eius
2509 1608 2551 1709 tota
2487 1747 2550 1981 cernitur,
2497 2020 2529 2110 nec
2492 2147 2542 2397 dissimilis
2489 2435 2531 2511 est
2470 2554 2536 2783 Admeto,
2466 2820 2513 2964 quem

2435 1272 2484 1433 anima
2432 1471 2463 1558 sua
2424 1593 2474 1834 cariorem
2414 1872 2468 2039 habet.

2352 1402 2402 1484 Sic
2349 1518 2396 1563 in
2342 1600 2393 1878 mitioribus
2317 1914 2383 2319 mollioribnsque
2328 2354 2374 2502 animi
2323 2541 2373 2802 affectibus
2318 2832 2367 2961 cele-

2272 1268 2324 1467 brandis
2264 1504 2316 1783 universum
2260 1820 2309 1916 hoc
2254 1953 2304 2120 drama
2250 2158 2289 2394 versatur.
2232 2466 2293 2706 Accedit,
2241 2763 2282 2815 ut
2239 2851 2272 2959 sae-

2195 1265 2244 1389 vitas
2170 1427 2236 1755 atrocitasque
2179 1792 2226 1920 absit
2162 1957 2221 2112 malo,
2156 2171 2201 2265 qno
2167 2303 2215 2477 domus
2162 2515 2211 2714 Admeti
2155 2750 2209 2956 laborat.

2109 1262 2166 1632 Matersamilias
2103 1669 2149 1797 enim
2098 1835 2138 1994 morte
2093 2029 2142 2165 fatali
2088 2202 2138 2400 decedit
2072 2449 2126 2525 et,
2083 2580 2114 2607 e
2081 2653 2127 2814 mariti
2078 2848 2110 2955 am-

2014 1260 2078 1504 plexibus,
2025 1541 2055 1600 ex
2020 1639 2071 1904 liberorum
2011 1942 2058 2297 consuetmline
1992 2325 2046 2512 erepta,
2003 2553 2048 2610 ad
1984 2640 2032 2830 rogum,
1998 2869 2029 2951 co-

1945 1257 1997 1546 mitantibus
1927 1583 1989 1841 exsequias
1937 1878 1987 2073 famulis
1915 2103 1980 2403 civibusque,
1909 2442 1971 2664 eil'ertur,
1906 2704 1950 2828 quae
1917 2847 1948 2950 ma-

1855 1254 1918 1332 gis
1852 1367 1916 1566 idyllica
1849 1602 1895 1744 quam
1846 1782 1906 1966 tragica
1855 2001 1895 2078 est
1852 2112 1885 2275 rerum
1845 2328 1892 2559 conditio.
1824 2641 1889 2816 Neque
1838 2861 1885 2948 de-

1788 1255 1831 1370 sunt
1773 1405 1834 1595 hilaria,
1769 1631 1829 1805 quibus
1779 1842 1810 1923 res
1774 1960 1823 2172 miserae
1771 2209 1813 2257 et
1751 2286 1816 2667 interpellentur
1761 2694 1802 2743 et
1759 2772 1806 2821 in
1756 2850 1805 2948 fine

1705 1252 1757 1501 tollantur.
1700 1572 1751 1758 Contra
1697 1804 1744 1987 omissa
1694 2023 1737 2098 est
1688 2134 1735 2412 certaminis
1680 2448 1729 2741 atrocissimi
1677 2777 1711 2943 narra-

1615 1252 1678 1340 tio,
1626 1378 1667 1433 ut
1622 1467 1665 1671 naturae
1617 1707 1667 1941 dramatis
1600 1976 1646 2147 parum
1604 2187 1653 2499 conveniens.

1528 1381 1594 1724 Reprehensio
1538 1756 1585 1814 ab
1520 1855 1583 2063 antiquis
1517 2092 1577 2288 quidem
1508 2317 1571 2638 scriptoribus
1517 2675 1567 2792 hnic
1516 2828 1563 2939 dra-

1466 1242 1512 1362 mati
1461 1398 1513 1529 sacta
1460 1566 1502 1643 est
1445 1679 1506 1837 nulla,
1452 1887 1495 2057 contra
1450 2095 1498 2254 laudis
1431 2292 1489 2439 atque
1437 2475 1489 2812 admirationis
1435 2849 1483 2937 do-

1382 1244 1424 1473 cumenta
1379 1522 1423 1719 exstant
1361 1769 1424 1994 plurima.
1365 2067 1419 2423 Recentiorum
1346 2469 1392 2564 quo
1344 2601 1405 2707 quis
1341 2744 1404 2935 longius

1305 1242 1354 1401 abfuit
1302 1436 1332 1463 a
1299 1499 1338 1637 recta
1281 1674 1339 2004 cognoscendi
1270 2040 1336 2428 aestimandique
1281 2463 1328 2537 via
1264 2572 1331 2645 (et
1275 2670 1325 2933 abfuerunt

1225 1237 1274 1361 alius
1222 1399 1269 1493 alio
1217 1532 1250 1702 errore
1214 1741 1263 1919 ductus
1193 1957 1259 2222 plerique),
1206 2259 1255 2355 hoc
1188 2391 1250 2500 plus
1187 2528 1247 2725 invenit,
1197 2762 1245 2810 in
1181 2835 1230 2930 quo

1130 1236 1194 1606 offenderetur,
1122 1659 1167 1781 quos
1121 1831 1179 2033 omitt0,
1114 2074 1174 2250 partim
1124 2300 1172 2392 iam
1121 2432 1167 2491 ab
1120 2527 1166 2632 aliis
1103 2669 1167 2929 refutatos,

1051 1234 1111 1412 partim
1060 1447 1108 1542 iam
1056 1580 1106 1719 dictis
1040 1757 1101 1845 iis,
1036 1898 1082 2020 quae
1049 2056 1095 2118 ad
1042 2155 1092 2394 arcendos
1040 2434 1072 2628 errores
1023 2663 1079 2774 apta
1033 2811 1084 2924 sint.

981 1232 1035 1567 Vehementer
973 1615 1025 1863 theatrum
966 1908 1018 2284 Atheniensium
962 2332 1002 2520 motum
959 2568 991 2680 esse
954 2715 1003 2926 veritate

903 1230 953 1496 affectuum
900 1536 941 1584 et
893 1619 941 1877 verborum
887 1917 934 2130 omnium
868 2167 917 2432 rerumque
866 2486 926 2842 concinnitate,
874 2896 905 2923 a

826 1228 874 1344 suco
807 1380 863 1529 atque
818 1566 866 1693 inani
796 1731 845 1911 pompa
793 1946 855 2236 alienorum,
802 2284 845 2495 testatur
781 2543 846 2921 Aristophanes,

731 1226 793 1446 pluribus
739 1479 788 1601 locis
721 1627 778 2064 praestantissimis
708 2102 774 2355 Euripidis
720 2384 768 2531 dictis
704 2561 763 2783 abutens,
716 2817 764 2917 vel—

665 1225 707 1279 ut
647 1326 712 1672 Equit.1251.„
639 1708 702 2193 Acl1a1·n.o39.<‘5593.‚
631 2234 690 2519 Avib.539.,
628 2558 687 2915 Thesm.194.‚

664 3153 682 3157 t
