5010 3336
2462 3292 2491 3323 1⁸⁴.
2464 3254 2493 3273 zii

1039 2140 1095 2257 187

1215 2943 1248 3022 me
1195 2663 1262 2911 poenitet:
1190 2427 1240 2627 meliora
1187 2266 1233 2393 enim
1184 2124 1229 2233 fore
1195 1944 1243 2088 spero
1191 1783 1241 1908 quae
1174 1519 1235 1749 deinceps
1169 1366 1218 1486 scri-

1281 2893 1328 3023 bam.
1276 2703 1323 2825 Nam
1272 2536 1334 2666 quod
1270 2455 1314 2503 in
1264 2266 1328 2421 pomis
1266 2139 1319 2229 est,
1260 1912 1316 2105 itidem,
1256 1691 1319 1875 inquit,
1268 1532 1300 1643 esse
1250 1363 1297 1497 aiunt

1358 2970 1405 3021 in
1355 2699 1417 2935 ingeniis:
1364 2539 1411 2664 quae
1347 2383 1391 2504 dura
1346 2299 1388 2349 et
1340 2094 1387 2268 acerba
1341 1780 1390 2059 nascuntur,
1338 1633 1395 1743 post
1332 1478 1378 1601 fiunt
1328 1362 1375 1452 mi-

1437 2952 1484 3021 tia
1440 2867 1481 2918 et
1430 2600 1484 2835 iucunda3
1425 2467 1472 2555 sed
1436 2300 1484 2423 quae
1420 2007 1482 2266 gignuntur
1416 1797 1461 1962 statim
1415 1635 1460 1764 vieta
1416 1553 1458 1601 et
1407 1356 1455 1519 mollia

1519 2871 1575 3017 atque
1511 2790 1556 2837 in
1504 2519 1569 2757 principio
1507 2371 1548 2481 sunt
1500 2168 1555 2337 uvida,
1511 2026 1542 2122 non
1499 1803 1542 1992 matura
1492 1621 1550 1769 fiunt,
1489 1484 1537 1572 sed
1504 1358 1550 1451 pu-

1588 2876 1640 3018 tria.'’
1587 2614 1635 2808 Attiano
1582 2430 1629 2579 Atreo
1579 2203 1640 2393 saepius
1581 1937 1636 2169 tanquam
1570 1522 1619 1903 luculentissimo
1568 1356 1614 1490 furo—

1672 2950 1718 3016 ris
1662 2476 1722 2914 dominationisque
1656 2218 1719 2441 exemplo
1655 2029 1701 2183 utitur
1653 1793 1711 1993 Cicer0‚
1651 1615 1696 1747 velut
1646 1510 1692 1571 de
1648 1352 1691 1475 orat.

1749 2934 1809 3013 111,
1750 2808 1804 2904 58„
1739 2528 1798 2773 'l'usc.1V,
1741 2412 1795 2507 36„
1735 2278 1784 2374 Off.
1734 2115 1793 2258 1‚28.,
1734 1867 1793 2081 itemque
1730 1615 1777 1848 Horatius
1724 1447 1781 1589 0d.l‚
1725 1352 1783 1431 16,

1831 2932 1878 3012 17.
1821 2630 1873 2864 Eiusdem
1831 2321 1882 2580 personam
1812 2038 1862 2273 Aemilius
1811 1780 1858 1991 Scaurus
1810 1348 1871 1745 repraesentave-

1911 2935 1955 3010 rat
1901 2649 1967 2901 tragoedia
1896 2390 1960 2615 quadam,
1892 2275 1940 2352 cui
1907 2066 1938 2241 nomen
1891 1714 1951 2031 inscripserat
1885 1518 1935 1685 Atrei:
1882 1344 1931 1480 cuius

1985 2793 2034 3008 moribus
1994 2595 2041 2743 quum
1973 2290 2022 2543 Tiberium
1976 2040 2018 2235 notasse
1970 1718 2027 1987 videretur,
1967 1582 2014 1665 hic
1964 1343 2023 1529 dicens,

2062 2778 2128 3001 quoniam
2059 2634 2122 2742 ipse
2056 2542 2102 2600 ab
2069 2452 2101 2510 eo
2053 2238 2100 2418 Atreus
2050 2039 2097 2202 factus
2054 1840 2104 2003 esset,
2064 1739 2095 1792 se
2050 1520 2094 1687 contra
2044 1340 2092 1477 illum

2144 2759 2191 3005 facturum
2137 2471 2188 2722 mantem,
2137 2224 2179 2436 mortem
2130 2096 2177 2188 sibi
2129 1754 2175 2061 consciscere
2125 1576 2173 1720 iussit
2125 1484 2183 1551 *).
2122 1338 2171 1426 Vi-

2223 2862 2270 3005 detur
2219 2746 2266 2829 hic
2230 2526 2278 2719 quoque
2211 2212 2273 2501 Euripidem
2209 1973 2255 2185 imitatus
2224 1824 2266 1951 esse,
2206 1742 2252 1789 id
2204 1587 2267 1715 quod
2221 1541 2250 1567 a
2203 1335 2249 1524 Seneca

2300 2817 2348 3004 factum
2312 2670 2344 2781 esse
2296 2418 2355 2636 apparet.
2288 2276 2336 2351 Ne
2287 2033 2334 2241 artifices
2287 1800 2347 1997 quidem
2283 1559 2331 1771 fabulam
2280 1334 2344 1535 Euripi-

2380 2922 2427 2997 dis
2376 2555 2439 2887 neglexerunt.
2368 2444 2415 2487 T
2367 2185 2415 2439 estimonio
2370 2071 2413 2148 est
2365 1775 2428 2039 amphorae
2363 1522 2425 1741 pictura,
2376 1332 2422 1477 quam

2456 2780 2506 2997 reddidit
2452 2506 2513 2761 Millingen
2450 2395 2495 2490 tab.
2449 2289 2494 2367 ⁶23.
2446 2168 2508 2265 W),
2461 2041 2507 2135 qua
2446 1628 2506 2021 repraesentatur
2440 1330 2503 1597 Thyeste&

2536 2817 2584 2995 canitie
2532 2604 2581 2783 barbae
2527 2352 2591 2571 insignis,
2527 2269 2572 2317 in
2541 2156 2571 2238 ara
2526 1938 2582 2131 sedens,
2528 1852 2569 1902 et
2522 1635 2583 1830 Aerope
2535 1501 2566 1611 cum
2521 1328 2566 1478 Atreo

2631 2881 2663 2992 eum
2613 2629 2673 2836 benigne
2604 2336 2654 2580 invitando
2605 2044 2651 2288 deducere
2603 1954 2649 2002 in
2601 1643 2662 1910 hospitium
2599 1326 2646 1596 studentes.

2693 2832 2756 2991 Super
2691 2590 2737 2797 Atreum
2686 2375 2742 2556 Furia,
2699 2192 2746 2337 super
2684 1908 2744 2161 Thyesten
2684 1724 2740 1871 atque
2680 1458 2740 1689 Aeropen
2675 1326 2725 1425 Ve-

2786 2900 2819 2990 nus
2784 2744 2816 2852 cum
2764 2466 2828 2707 Cupidine
2764 2232 2825 2422 positae
2766 2072 2809 2185 sunt
2761 1785 2808 2036 sublimes.
2757 1633 2804 1716 Sic
2757 1445 2819 1589 plena
2760 1322 2802 1399 est

2850 2724 2911 2987 antiquitas
2844 2294 2892 2689 testimoniorum
2841 1911 2905 2244 praestantiae
2837 1680 2886 1875 fabulae
2836 1323 2898 1647 Euripideae3

2930 2922 2976 2985 de
2924 2642 2989 2887 Sophocle
2928 2443 2971 2605 autem
2918 2237 2978 2406 οὐδεὶς
2919 2019 2985 2204 λόγος,
2934 1825 2981 1983 neque
2920 1596 2980 1793 praeter
2921 1461 2963 1563 tres
2927 1320 2962 1427 ver-

3023 2900 3055 2982 sus
3005 2602 3069 2866 quidquam
3019 2506 3051 2566 ex
3003 2368 3050 2471 eius
3000 2082 3066 2333 tragoedia
3003 1806 3048 2048 servatum
3000 1678 3046 1771 est.

3308 2620 3360 2687 B.
3306 2156 3358 2550 Alcmaeon
3304 2030 3355 2099 in
3302 1598 3374 1977 Psophide.

3445 2492 3505 2841 Argumentum
3440 2312 3485 2455 huius
3438 2082 3483 2274 fabulae
3453 1955 3483 2048 non
3437 1759 3483 1918 solum
3434 1598 3497 1724 apud
3431 1309 3494 1572 Apollodo-

3539 2864 3571 2970 rum
3520 2758 3578 2839 Ill,
3523 2682 3579 2729 7,
3523 2608 3566 2653 5.
3556 2576 3578 2587 ,
3518 2438 3564 2522 sed
3518 2243 3563 2388 etiam
3516 2081 3579 2206 apud
3516 1756 3563 2044 Pausaniam
3513 1608 3571 1734 Vni,
3514 1502 3570 1582 ⁶2⁴,
3512 1428 3557 1474 4.
3525 1308 3557 1390 ex-

3606 2853 3650 2965 stat.
3600 2379 3660 2784 Fragmentorum
3612 2122 3643 2348 numerus
3596 1882 3658 2084 exiguus
3599 1608 3651 1845 servatur7
3591 1493 3653 1570 qui
3597 1304 3637 1467 tamen

3680 2802 3745 2965 paullo
3678 2570 3725 2767 uberior
3676 2317 3723 2537 redditur
3675 2108 3722 2283 additis
3674 1787 3737 2073 fragmentis
3672 1606 3729 1752 Attii,
3670 1433 3716 1568 cuius
3667 1303 3715 1385 Al-

3774 2682 3809 2963 cmaeonem
3756 2556 3803 2656 sive
3756 2166 3817 2538 Alphesibocam
3754 1928 3815 2138 (duobus
3753 1770 3799 1898 enim
3750 1473 3798 1743 nominibus
3762 1300 3794 1445 unam

3837 2746 3886 2960 fabulam
3835 2434 3899 2699 significari
3835 2198 3896 2387 pridem
3834 2037 3879 2155 vidit
3832 1834 3879 1990 Bothe
3832 1743 3878 1791 in
3846 1586 3877 1708 mus.
3828 1394 3876 1550 Rhen.
3825 1300 3874 1360 V,

3935 2908 3981 2958 p.
3918 2734 3974 2867 252.)
3931 2626 3962 2686 ex
3913 2334 3975 2583 Euripidis
3913 2116 3960 2281 sabula
3927 1789 3975 2069 expressam
3908 1591 3959 1748 fuisse
3912 1409 3971 1543 patet
3920 1298 3953 1357 ex

3998 2862 4043 2957 hoc
4010 2657 4042 2829 versu:

4123 2847 4172 2885 *)
4120 2735 4160 2817 Dio
4120 2586 4159 2705 Cass.
4118 2404 4159 2555 Lvlll.
4133 2332 4171 2372 p.
4118 2207 4159 2300 (534.
4118 2123 4157 2174 Ε.

4189 2852 4241 2910 ”)
4189 2653 4230 2822 Wclck.
4203 2580 4241 2623 p.
4187 2456 4228 2551 683.
