5010 3336
3959 2090 4016 2171 38

3799 1285 3864 1581 tragicorum
3803 1599 3869 1817 scripsit,
3820 1851 3870 1985 illius
3819 2019 3868 2190 habuit
3821 2211 3871 2448 rationem
3807 2477 3873 2653 (schol.
3823 2671 3871 2732 ad
3805 2752 3872 2975 v.495.).

3719 1284 3783 1459 Neque
3737 1494 3787 1668 minori
3723 1704 3787 1833 apud
3722 1868 3789 2165 Pergameos
3724 2200 3790 2546 grammaticos
3743 2594 3791 2722 hanc
3742 2757 3792 2971 fabulam

3653 1283 3701 1475 honore
3657 1511 3706 1665 fuisse
3658 1714 3707 1927 Cratetis
3658 1964 3699 2015 et
3659 2048 3708 2346 Menecratis
3652 2401 3710 2770 commentarii,
3662 2819 3710 2881 ad
3662 2913 3710 2974 il-

3573 1283 3621 1381 lam
3560 1418 3625 1606 scripti‚
3576 1642 3624 1981 demonstrant
3567 2004 3627 2095 (cf.
3580 2124 3628 2279 schol.
3580 2315 3628 2376 ad
3581 2411 3613 2456 v.
3578 2494 3627 2542 4.
3581 2582 3625 2633 et
3566 2670 3632 2825 515.).
3582 2898 3631 2976 In-

3491 1283 3535 1362 ter
3486 1397 3542 1676 Romanos,
3480 1714 3544 1794 qui
3497 1826 3547 2109 eruditionis
3499 2138 3547 2283 laude
3491 2309 3547 2597 floruerunt,
3484 2634 3550 2980 gravissimum

3411 1283 3459 1348 de
3414 1381 3461 1468 illo
3414 1505 3462 1738 iudicium
3417 1774 3465 1899 fecit
3416 1933 3465 2112 Accius
3419 2148 3467 2322 Latine
3419 2355 3468 2592 vertendo
3420 2635 3468 2759 etin
3421 2797 3469 2977 Roma-

3331 1283 3364 1458 norum
3334 1505 3381 1700 theatra
3324 1747 3385 2124 transferendo,
3339 2174 3386 2223 id
3323 2272 3388 2402 quod
3322 2450 3388 2681 profecto
3340 2730 3387 2842 fieri
3342 2888 3373 2981 ne-

3235 1283 3299 1490 quisset,
3254 1528 3301 1568 si
3255 1595 3302 1656 ad
3255 1683 3303 1949 movendos
3244 1976 3305 2325 docendosque
3258 2355 3306 2580 homines
3258 2615 3306 2776 minus
3244 2811 3304 2980 aptum

3171 1282 3219 1477 fuisset.
3173 1546 3221 1643 Aut
3174 1689 3222 1836 huius
3176 1885 3218 1968 aut
3161 2013 3223 2168 ipsius
3162 2216 3226 2468 Euripidis
3162 2519 3210 2642 opus
3162 2695 3228 2981 respexisse

3090 1282 3139 1515 videntur
3080 1547 3142 1784 Virgilius
3095 1821 3142 1944 Aen.
3085 1978 3145 2096 ΧΠ,
3094 2147 3143 2261 348.
3095 2332 3146 2477 Ovid.
3099 2526 3146 2596 lb.
3099 2643 3144 2756 628.
3099 2824 3148 2980 Trist-

2996 1281 3058 1362 111,
2999 1399 3057 1446 4,
3011 1482 3057 1561 27.
3013 1631 3061 1787 Plaut.
3014 1824 3062 1974 Poen.
3014 2010 3065 2093 lV.
3014 2131 3059 2255 extr.
3017 2328 3066 2634 Graecorum
3001 2661 3065 2978 scriptorum,

2913 1284 2977 1366 qui
2913 1401 2974 1574 postea
2914 1609 2981 1942 scripserunt,
2934 1990 2982 2052 ad
2919 2085 2983 2378 Euripidem
2919 2414 2979 2747 respexerunt
2921 2780 2985 2983 Apollo-

2838 1282 2896 1451 dorus,
2833 1506 2898 1706 Longus
2835 1744 2899 1814 (V.
2836 1849 2902 1988 209.)
2843 2011 2865 2024 ,
2853 2062 2902 2356 Parthenius
2840 2394 2904 2463 (v.
2839 2500 2903 2653 422),
2856 2690 2904 2782 Dio
2841 2820 2904 2983 Chry-

2768 1284 2811 1534 sostomus
2754 1573 2821 1639 (v.
2751 1675 2820 1843 841.)‚
2762 1879 2818 2126 Tzetzes,
2764 2164 2821 2481 Eustathius,
2764 2529 2822 2802 Stobaeus‚
2775 2851 2825 2982 Mar.

2679 1286 2737 1596 Victorinus,
2689 1634 2738 1811 Suidas
2690 1847 2732 1944 etc.
2688 2011 2738 2090 cf.
2691 2127 2741 2297 Vater.
2677 2333 2724 2386 p.
2692 2421 2743 2728 Vll—Xlll.

2592 1415 2656 1679 Reliquum
2597 1710 2652 1803 est,
2597 1838 2653 1909 ut,
2595 1933 2659 2091 qualis
2596 2117 2660 2369 Euripidis
2613 2396 2644 2474 ars
2614 2502 2660 2550 in
2602 2576 2662 2813 dramate,
2601 2851 2663 2983 quod

2509 1282 2575 1501 primum
2527 1537 2575 1596 ab
2528 1635 2560 1693 eo
2513 1730 2576 1973 scriptum
2517 2007 2578 2308 doctumque
2532 2344 2565 2457 esse
2524 2492 2582 2784 statuimus,
2519 2831 2566 2983 appa-

2434 1283 2489 1406 reat,
2431 1444 2495 1763 explicemus.
2448 1832 2497 2041 Homeri
2451 2077 2498 2289 imitatio
2452 2314 2501 2487 similis
2439 2512 2496 2661 atque
2454 2684 2502 2734 in
2439 2763 2503 2985 Cyclope

2349 1284 2414 1612 conspicitur:
2368 1648 2415 1699 in
2354 1735 2411 1948 utroque
2370 1983 2418 2113 enim
2371 2150 2418 2372 dramate
2372 2407 2403 2503 non
2373 2524 2421 2670 modo
2364 2689 2406 2789 res,
2359 2826 2406 2980 quan-

2285 1282 2330 1389 tum
2287 1433 2335 1735 dramaticae
2272 1783 2321 1993 poeseos
2290 2060 2338 2187 ratio
2275 2252 2339 2521 permittit,
2292 2582 2342 2672 sed
2293 2714 2340 2981 sententias

2190 1284 2238 1481 quoque
2191 1527 2255 1763 plurimas
2208 1815 2252 1866 et
2209 1909 2256 2059 verba
2210 2094 2258 2304 Homeri
2211 2340 2259 2534 reddita
2212 2580 2245 2692 esse
2211 2738 2260 2981 videmuS.

2113 1283 2174 1630 Nihilominus,
2127 1667 2159 1778 cum
2127 1810 2171 1948 tanto
2129 1975 2177 2141 studio
2116 2176 2177 2383 vestigia
2116 2419 2179 2611 legeret
2133 2645 2180 2851 IIomeri
2131 2880 2179 2983 Eu-

2029 1283 2093 1501 ripides,
2031 1549 2093 1695 longe
2046 1742 2094 1952 recessit
2049 1996 2081 2023 a
2050 2068 2096 2199 servi
2034 2244 2098 2439 pecoris
2036 2485 2098 2655 putida
2050 2690 2098 2984 morositate

1950 1284 2008 1432 atque
1952 1466 2012 1658 inertia,
1956 1697 2012 1803 sed,
1952 1842 1999 1990 quum
1968 2026 2017 2270 retineret
1955 2304 2003 2428 quae
1971 2463 2013 2653 mutare
1970 2687 2018 2827 nefas
1969 2872 2002 2984 esse

1871 1286 1933 1515 ducebat,
1868 1553 1933 1755 propria
1886 1790 1934 1980 addidit
1875 2016 1919 2091 ea,
1874 2128 1936 2302 quibus
1890 2341 1932 2597 ornaretur
1875 2623 1933 2981 argumentum,

1803 1287 1846 1338 et
1804 1372 1835 1562 summa
1788 1598 1853 1863 prudentia
1807 1898 1853 1967 sic
1808 2002 1856 2219 fabulam
1793 2255 1858 2578 temperavit,
1810 2630 1852 2684 ut
1800 2720 1858 2982 movendo,

1722 1286 1771 1581 delectando
1711 1627 1773 1948 docendoque
1726 1993 1775 2189 theatro
1711 2225 1777 2478 aptissima
1725 2527 1777 2786 existeret.
1729 2873 1777 2984 Sci-

1642 1288 1690 1469 endum
1643 1520 1685 1598 est
1643 1645 1687 1810 autem
1635 1828 1702 1849 ,Δ
1644 1896 1693 1978 isti
1629 2026 1694 2255 propriae
1648 2300 1697 2595 inventionis
1636 2631 1697 2790 laudi,
1632 2839 1680 2984 quam

1562 1288 1610 1513 studiose
1546 1549 1611 1828 cupideque
1564 1863 1613 2020 nostri
1551 2056 1610 2328 sequuntur
1552 2380 1599 2572 quaque
1568 2626 1599 2797 carere
1552 2832 1600 2984 opera

1481 1288 1513 1375 sua
1482 1433 1530 1551 vitio
1482 1604 1529 1695 sibi
1466 1740 1531 1837 ipsi
1472 1883 1530 2114 vertunt,
1471 2180 1519 2427 nunquam
1486 2475 1518 2502 a
1486 2549 1535 2855 Graecorum
1487 2903 1536 2982 vel

1384 1290 1449 1455 poetis
1401 1490 1449 1570 vel
1401 1605 1450 1877 artificibus
1402 1912 1453 2200 inservitum
1396 2236 1438 2373 esse,
1406 2430 1438 2487 ac
1407 2521 1438 2584 ne
1391 2619 1456 2844 potuisse
1393 2878 1455 2983 qui-

1321 1289 1369 1405 dem
1318 1440 1369 1680 inserviri.
1319 1751 1373 1847 Vix
1323 1893 1371 2023 enim
1324 2068 1372 2117 in
1326 2170 1373 2351 fabulis
1326 2395 1374 2602 inveniri
1311 2636 1371 2864 poterant
1328 2899 1359 2983 ar—

1223 1289 1285 1551 gumenta,
1225 1590 1274 1715 quae
1242 1748 1275 1845 non
1242 1882 1288 2050 essent
1245 2083 1291 2180 iam
1245 2214 1277 2241 a
1230 2274 1293 2522 prioribus
1230 2557 1295 2719 poetis
1234 2754 1292 2982 tractata,

1159 1289 1204 1523 exornata
1161 1559 1204 1608 et
1161 1642 1210 1703 ad
1162 1744 1210 1995 docendos
1150 2030 1212 2398 movendosque
1165 2431 1214 2619 animos
1165 2658 1215 2979 conformata.

1065 1289 1128 1508 Quorum
1079 1542 1128 1740 inventa
1069 1773 1129 2003 abiicere,
1066 2038 1116 2277 respuere
1084 2310 1132 2437 bona
1086 2471 1117 2498 a
1084 2531 1133 2794 maioribus
1071 2825 1131 2980 parta,

998 1289 1046 1527 deserere
1000 1569 1044 1619 et
984 1663 1049 1919 negligere
985 1966 1033 2117 opera
1002 2151 1051 2417 multorum
1004 2467 1053 2630 studio
990 2680 1054 2980 ingeniisque

903 1290 967 1534 perfecta,
905 1572 967 1748 quibus
921 1785 954 1955 omnes
914 1991 970 2378 delectabantur,
924 2411 972 2462 in
909 2490 972 2669 quibus
925 2689 973 2818 vitae
911 2841 976 2979 quasi

838 1291 887 1605 tabernacula
832 1641 888 1955 collocaram,
825 1992 873 2149 paene
840 2182 875 2279 non
842 2312 890 2470 minus
842 2505 893 2823 temerarium
834 2849 879 2979 esse,

745 1291 791 1435 quam
758 1471 807 1607 novis
759 1643 807 1789 rebus
760 1825 808 1874 in
744 1906 808 2159 republica
760 2194 810 2580 administranda
753 2614 812 2842 studere,
750 2886 797 2979 pu·
