5010 3336
1046 2132 1103 2254 513

1208 2709 1274 3027 imploratura
1201 2515 1262 2675 adeat,
1196 2396 1261 2478 qui
1209 2191 1245 2360 omnes
1188 2011 1240 2158 simul
1202 1864 1237 1976 cum
1184 1736 1234 1830 diis
1181 1529 1248 1702 patriis
1181 1353 1229 1496 inter-

1287 2827 1339 3027 ierunt?

1361 2744 1412 2897 Venit
1358 2523 1415 2709 statim,
1357 2359 1404 2487 sicut
1349 2050 1401 2326 nuntiatum
1351 1904 1403 2014 est,
1343 1632 1406 1868 Ulysses,
1337 1349 1387 1597 victimam

1443 2705 1495 3025 abducturus.
1438 2462 1486 2637 Monet
1431 2143 1487 2429 Hecubam,
1431 2054 1475 2107 ut
1426 1774 1489 2021 patienter
1422 1608 1469 1742 serat
1434 1452 1481 1574 quae
1417 1349 1464 1419 vi-

1524 2930 1573 3025 tari
1522 2616 1584 2895 nequeant,
1531 2446 1565 2570 neve
1528 2303 1561 2411 cum
1506 1915 1572 2267 potentioribus
1503 1682 1550 1866 frustra
1496 1346 1547 1647 contendere

1602 2887 1651 3025 velit.
1596 2484 1658 2820 Eiusdemque
1590 2249 1655 2439 generis
1586 1934 1648 2212 Polyxenae
1585 1773 1629 1887 sunt
1578 1347 1627 1740 adhortationes:

1681 2836 1743 3026 „Visne
1678 2623 1726 2800 cadere
1676 2543 1722 2591 in
1679 2330 1721 2509 terram
1684 2236 1715 2293 ac
1663 2064 1712 2196 trahi
1667 1884 1709 2019 tuum
1675 1660 1722 1835 corpus
1658 1469 1705 1622 senile
1670 1344 1718 1434 per

1762 2927 1808 3024 vim
1756 2602 1823 2893 protrusae‘?
1752 2487 1800 2558 vis
1751 2217 1797 2442 iuvenum
1742 1948 1792 2172 manibus
1738 1704 1788 1902 revulsa
1734 1344 1784 1670 dedecorari‘}

1840 2882 1889 3024 Haec
1838 2709 1885 2836 enim
1832 2412 1882 2659 evenient:
1827 2315 1874 2366 id
1823 2141 1889 2268 quod
1820 1934 1869 2091 absit!
1818 1754 1867 1866 Non
1817 1578 1864 1708 enim
1812 1346 1862 1543 decet.’'

1918 2693 1969 3021 Nihilominus
1911 2454 1960 2658 Hecuba
1906 2190 1971 2420 precibus
1900 1842 1960 2153 lacrimisque
1894 1493 1945 1795 contendere
1908 1344 1941 1442 non

1998 2714 2061 3022 dedignatur.
1990 2473 2038 2647 Potest
1988 2290 2049 2441 igitur
1983 2039 2030 2244 inferior
1994 1844 2042 1987 quam
1977 1694 2023 1795 filia
1990 1534 2023 1647 esse
1972 1341 2020 1499 videri

2079 2945 2138 3021 iis,
2074 2822 2139 2907 qui
2073 2590 2120 2797 virtutes
2074 2514 2116 2564 et
2065 2227 2129 2491 sapientias
2060 1941 2109 2195 ebulliunt.
2056 1711 2105 1872 Aliter
2054 1523 2103 1677 sensit
2056 1340 2116 1505 poeta,

2171 2925 2220 3021 quo
2156 2841 2202 2892 in
2148 2454 2216 2797 perspicienda
2145 2143 2192 2406 mulierum
2144 1928 2188 2102 natura
2151 1737 2184 1883 nemo
2135 1591 2182 1691 fuit
2133 1341 2182 1547 acutior.

2235 2818 2284 3020 Centies
2231 2652 2279 2782 enim
2232 2416 2284 2617 1natreS‚
2239 2256 2286 2380 qnae
2220 2023 2283 2222 quidem
2233 1872 2265 1989 vere
2220 1614 2263 1837 materno
2216 1473 2260 1589 sunt
2211 1340 2259 1440 ani-

2330 2908 2373 3021 mo,
2328 2798 2360 2852 se
2311 2612 2373 2762 ipsam,
2322 2429 2369 2575 quam
2301 2238 2351 2393 semel
2300 2021 2347 2201 liberos
2296 1856 2344 1981 mori
2294 1604 2343 1810 malunt.
2292 1339 2353 1536 Anceps

2398 2854 2441 3019 autem
2403 2668 2453 2821 genus
2392 2554 2434 2633 est
2381 2179 2447 2522 generositatis
2382 1855 2425 2133 nostrorum
2372 1492 2421 1803 incommoda
2369 1335 2418 1458 forti

2473 2861 2520 3020 animo
2473 2761 2517 2812 et
2464 2476 2515 2718 constanti
2463 2293 2510 2443 ferre.
2458 2000 2519 2223 Denique
2454 1810 2517 1966 magis
2451 1497 2516 1775 perturbari
2466 1337 2509 1463 eam,

2552 2880 2599 3018 cuius
2563 2737 2597 2843 sors
2545 2472 2594 2701 miserior
2543 2356 2601 2436 sit,
2540 2136 2587 2319 frustra
2540 1914 2583 2107 tentare
2550 1766 2597 1889 quae
2533 1624 2579 1741 nihil
2530 1334 2595 1596 profutura

2633 2872 2690 3018 sunt,
2634 2770 2675 2822 et
2624 2452 2674 2724 retinacula
2620 2190 2683 2406 quamvis
2616 1951 2663 2143 infirma
2611 1496 2676 1899 apprchendere,
2608 1337 2671 1445 quis

2708 2773 2759 3019 miretur?
2703 2470 2761 2707 Accedit,
2700 2289 2763 2417 quod
2702 2085 2745 2241 matre
2710 1940 2742 2037 non
2694 1628 2741 1906 reluctante
2690 1333 2737 1594 tolleretur

2788 2808 2837 3015 actionis
2786 2636 2848 2772 vigor
2788 2550 2830 2601 et
2782 2157 2841 2517 relinqueretur
2774 2008 2822 2112 sola
2772 1773 2837 1975 virginis
2769 1519 2818 1737 laudatio
2768 1334 2829 1486 Ulys-

2869 2850 2929 3015 sisque
2861 2508 2927 2815 vituperatio.
2859 2371 2905 2437 Et
2857 2254 2903 2337 hic
2854 2032 2917 2229 quidem
2854 1926 2911 2003 iis,
2867 1763 2913 1889 quae
2866 1648 2912 1738 pro
2864 1528 2896 1614 sua
2862 1330 2895 1504 caussa

2946 2764 2995 3017 verissima
2942 2595 3002 2730 dicit,
2942 2388 3004 2560 posset
2940 2103 2983 2365 excusatus
2932 1907 2991 2079 videri,
2930 1778 2977 1872 nisi
2928 1529 2991 1743 propriis
2926 1330 2973 1499 Hecu—

3025 2923 3073 3017 bae
3022 2638 3072 2891 beneficiis
3018 2335 3067 2601 obstrictus
3020 2148 3063 2298 esset.
3011 1789 3073 2078 Congruunt
3009 1614 3056 1745 enim
3006 1486 3054 1570 illa
3021 1329 3053 1441 cum

3103 2925 3161 3018 iis,
3116 2749 3163 2873 quae
3098 2529 3146 2716 Thesei
3096 2390 3141 2478 filii
3095 2093 3151 2354 dixerunt,
3089 1801 3138 2045 tumulum
3088 1658 3134 1748 viri
3083 1328 3144 1610 fortissimi,

3182 2873 3230 3011 cuius
3178 2625 3226 2837 maxime
3190 2437 3239 2590 opera
3178 2263 3235 2406 parta
3172 2163 3218 2227 sit
3168 1906 3228 2129 victoria,
3164 1472 3228 1868 quandoquidem
3163 1327 3225 1438 ipse

3263 2813 3326 3013 poscat,
3256 2583 3319 2778 virginis
3253 2328 3316 2546 captivae
3251 2096 3298 2293 victima
3248 1892 3310 2060 utique
3244 1523 3293 1856 decorandum
3256 1326 3303 1487 neque

3337 2608 3389 3012 committendum
3350 2444 3394 2572 esse,
3338 2340 3392 2409 ut,
3335 2098 3394 2303 aequato
3330 1822 3377 2063 bonorum
3330 1638 3387 1786 atque
3323 1326 3386 1613 ignavorum

3421 2794 3479 3012 honore,
3416 2466 3478 2749 languescat
3412 2227 3459 2432 fortium
3409 1966 3456 2181 virorum
3406 1763 3453 1932 virtus.
3404 1616 3451 1693 An
3404 1325 3448 1574 mortuum

3501 2826 3548 3012 honore
3494 2590 3543 2790 destitui
3491 2258 3540 2562 conducebat
3505 2105 3548 2233 eum,
3486 1985 3549 2067 qui
3486 1798 3542 1951 vivus,
3498 1646 3529 1757 cum
3496 1449 3527 1614 rerum
3493 1327 3540 1414 ge-

3586 2824 3627 3009 starum
3574 2569 3641 2789 praemio
3570 2194 3627 2533 fraudaretur,
3583 2001 3631 2159 paene
3563 1696 3628 1967 perniciem
3560 1438 3607 1660 omnibus
3560 1325 3604 1401 at-

3658 2892 3707 3007 tulit
3662 2788 3705 2840 et
3668 2627 3703 2755 nunc
3652 2413 3699 2593 iterum
3650 2144 3696 2378 allaturus
3646 1989 3694 2106 est‘}
3642 1652 3705 1922 Despicere
3644 1450 3686 1614 autem
3636 1325 3683 1415 ho-

3751 2842 3786 3011 norem
3731 2383 3796 2793 philosophorum
3733 2231 3786 2338 est3
3724 1888 3773 2181 contrariam
3720 1548 3769 1838 sententiam
3714 1325 3764 1509 Graeci

3816 2810 3882 3006 publice
3813 2488 3868 2777 tuebantur,
3824 2294 3870 2438 quam
3806 2126 3868 2257 quod
3804 1922 3868 2093 Ulyssi
3802 1639 3867 1887 propriam
3801 1435 3844 1603 noster
3798 1324 3842 1400 at·-

3894 2800 3954 3004 tribuit,
3898 2608 3940 2746 recte
3890 2451 3938 2574 fecit
3892 2365 3936 2416 et
3890 2046 3950 2331 argumento
3884 1812 3933 2010 fabulae
3878 1430 3929 1777 convenienter
3871 1324 3934 1395 *).

4011 2896 4065 2946 ff)
4011 2686 4052 2867 Erravit
4009 2515 4066 2651 igitur
4005 2212 4048 2475 scholiastes
4002 1916 4046 2177 Socraticae
3997 1552 4056 1866 philosophiae
3992 1322 4048 1513 vestigia

4079 2819 4120 2864 in
4079 2706 4121 2777 his
4080 2582 4121 2668 sibi
4078 2269 4133 2542 deprendere
4075 2110 4117 2232 visus
4075 2011 4116 2068 ad
4088 1928 4115 1973 v.
4072 1785 4113 1897 314:
4065 1428 4124 1723 Σωκρατικὸς
4061 1322 4105 1400 καὶ

4140 2724 4197 2863 οὗτος
4144 2627 4191 2692 ‹Bv
4148 2521 4191 2598 καὶ
4146 2405 4203 2490 τὴν
4142 2223 4202 2377 ψυχὴν
4145 1997 4199 2191 νομίζων
4142 1890 4185 1969 καὶ
4138 1749 4197 1862 μετὰ
4135 1638 4181 1720 τὸν
4132 1398 4179 1609 θάνατον
4130 1320 4174 1369 ἐν

4217 2799 4274 2862 τῷ
4214 2678 4275 2768 ᾅδῃ
4219 2555 4274 2646 ζῆν,
4215 2250 4263 2524 διαστέλλων
4214 2050 4270 2220 ἐκείνης
4213 1939 4270 2022 τῆς
4213 1794 4268 1909 ζωῆς
4205 1619 4253 1766 ταῦτά
4216 1433 4260 1587 φησιν.
