5010 3336
2566 3174 2735 3184 ἱ

2737 3175 2864 3183 l

1039 2094 1094 2207 241

1187 2802 1250 2977 ecquid
1186 2526 1250 2776 Euripidis
1185 2234 1233 2498 cantilenas
1188 2022 1231 2199 nautae
1188 1747 1242 1988 tenerent,
1188 1647 1243 1714 et,
1183 1329 1235 1612 affirmanti-

1268 2888 1315 2979 bus
1268 2760 1326 2852 his,
1266 2563 1313 2723 statim
1264 2205 1320 2526 concessisse,
1269 2114 1309 2168 ut
1263 1951 1308 2079 navis
1262 1514 1310 1914 subduceretur.”

1345 2516 1407 2847 Loquacitatis
1342 2260 1405 2455 quidem
1342 1956 1402 2216 Euripides
1355 1809 1387 1904 non
1342 1702 1387 1759 ab
1344 1324 1407 1649 Aristophane

1425 2841 1480 2975 solo,
1423 2703 1470 2790 sed
1424 2599 1470 2656 ab
1423 2442 1469 2545 aliis
1436 2200 1483 2391 quoque
1419 1847 1481 2165 scriptoribus
1420 1633 1480 1812 passim
1430 1322 1485 1599 accusatur,

1509 2849 1550 2975 teste
1502 2562 1548 2821 Plutarcho
1501 2474 1547 2534 de
1506 2328 1547 2446 rect.
1504 2200 1545 2288 rat.
1498 2069 1545 2175 aud.
1514 1998 1544 2036 c.
1500 1881 1543 1967 13:
1493 1590 1559 1843 μέμψαιτο
1500 1518 1548 1563 δ’
1503 1424 1550 1489 ἄν
1519 1321 1561 1398 τις

1574 2666 1644 2967 Ἀρχιλόχου
1576 2545 1641 2638 μὲν
1577 2426 1642 2522 τὴν
1575 2121 1635 2407 ὑπόθεσιν,
1575 1742 1638 2083 Παρμενίδου
1576 1658 1626 1712 δὲ
1576 1528 1642 1622 τὴν
1592 1322 1644 1489 στιχο-

1659 2777 1719 2977 ποιίαν,
1656 2444 1707 2756 Φωκυλίδου
1654 2370 1707 2423 δὲ
1652 2262 1720 2357 τὴν
1654 1970 1715 2242 εὐτέλειαν,
1654 1814 1717 1947 Εὐρ
1674 1778 1704 1795 ι
1673 1727 1705 1763 π
1656 1652 1706 1710 ίό
1676 1609 1706 1635 ο
1677 1561 1706 1593 υ
1658 1464 1708 1529 δὲ
1660 1321 1725 1438 τὴν

1738 2722 1795 2978 λαλιάν,
1735 2345 1802 2683 Σοφοκλέους
1734 2258 1785 2312 δὲ
1735 2133 1801 2229 τὴν
1734 1784 1798 2102 ἀνωμαλίαν.
1738 1321 1802 1731 Philosophautur

1821 2850 1867 2977 enim
1819 2711 1883 2837 apud
1834 2589 1865 2695 eum
1818 2293 1882 2572 promiscue
1833 2095 1876 2278 omues,
1818 1834 1875 2078 mulieres,
1817 1455 1876 1806 adolescentes,
1835 1323 1867 1426 ser-

1900 2915 1959 2977 vi,
1899 2839 1945 2887 id
1897 2685 1959 2810 quod
1898 2373 1959 2656 gloriantem
1897 2184 1959 2344 ipsum
1896 2037 1943 2159 fecit
1896 1663 1958 2013 Aristophanes
1897 1520 1945 1637 Ran.
1915 1461 1946 1502 v.
1902 1320 1946 1445 949:

1975 2739 2024 2847 αλλ’
1972 2533 2039 2700 ἔλεγεν
1975 2466 2041 2499 ἦ
1974 2297 2039 2433 γυνή
1972 2212 2023 2265 τέ
1992 2088 2038 2177 μοι
1971 1984 2039 2055 χώ
1973 1753 2033 1945 δοῦλος
1974 1563 2025 1719 οὐδὲν
1967 1374 2042 1531 ἧττον

2052 2776 2119 2848 χώ
2054 2490 2120 2739 δεσπότης
2054 2394 2121 2457 χή
2052 2094 2117 2361 παρθένος
2053 2000 2119 2061 χή
2058 1799 2117 1966 γραῦς
2056 1699 2103 1766 ἄν
2082 1573 2115 1668 »-,

2142 2875 2184 2978 tum
2137 2694 2183 2840 etiam
2137 2569 2195 2659 iis,
2152 2310 2199 2516 quorum
2151 2041 2199 2274 personas
2135 1697 2198 2005 philosophia
2136 1504 2183 1661 minus
2138 1318 2186 1468 dede—

2220 2881 2274 2976 cet,
2232 2693 2278 2843 saepe
2216 2384 2263 2657 sententiae
2216 2073 2262 2349 tribuuntur
2230 1936 2271 2037 eae,
2215 1734 2274 1907 quibus
2215 1548 2277 1701 magis
2216 1319 2279 1518 Euripi-

2295 2883 2354 2975 dis,
2311 2704 2356 2847 quam
2295 2432 2357 2670 ipsorum,
2310 2254 2341 2393 sensa
2294 1868 2354 2217 exprimantur.
2293 1636 2351 1796 Quum
2293 1399 2341 1599 difficile
2295 1315 2342 1379 sit

2375 2751 2420 2974 omnibus
2374 2557 2435 2715 poetis
2374 2474 2419 2520 in
2373 2347 2418 2437 hoc
2386 2129 2433 2309 genere
2371 1854 2416 2094 moderari
2371 1648 2429 1819 anim0,
2373 1317 2435 1593 cupidinem

2453 2704 2515 2974 reprimere
2451 2360 2512 2668 studiumque
2451 2150 2497 2307 celare
2450 2004 2507 2101 sic,
2452 1901 2495 1955 ut
2449 1766 2494 1853 sub
2450 1570 2496 1720 aliena
2468 1314 2513 1522 persona

2532 2766 2579 2974 latentes
2535 2496 2592 2731 perpetuo
2528 2266 2584 2461 fallant,
2535 2127 2574 2227 tum
2543 1976 2573 2092 vero
2542 1744 2584 1939 eorum,
2528 1625 2589 1705 qui
2544 1566 2574 1592 a
2530 1315 2591 1532 philoso-

2611 2858 2672 2971 phia
2611 2773 2655 2833 ad
2608 2559 2654 2745 fabulas
2606 2168 2668 2527 componendas
2606 1754 2669 2143 proficiscuntur,
2606 1656 2652 1732 vix
2607 1481 2653 1631 ullum
2609 1313 2656 1456 inve-

2689 2850 2747 2972 nias,
2688 2729 2749 2813 qui
2689 2647 2733 2695 in
2686 2539 2732 2613 ria
2685 2320 2732 2504 lubrica
2700 2192 2731 2285 uon
2684 1979 2730 2155 titubet
2691 1895 2730 1943 et
2684 1582 2747 1866 saepissime
2687 1417 2734 1563 etiam
2688 1314 2734 1386 la-

2767 2817 2816 2973 batur.
2767 2654 2813 2746 Est
2765 2488 2812 2617 enim
2764 2149 2826 2453 investigatio
2779 1804 2822 2110 caussarum,
2779 1675 2825 1768 qua
2764 1588 2810 1645 ad
2766 1313 2827 1550 cuiusque

2847 2902 2894 2971 rei
2846 2653 2894 2867 abditam
2844 2380 2907 2615 originem
2843 1950 2906 2345 perspiciendam
2843 1540 2899 1915 descendimus,
2852 1314 2892 1502 contra-

2927 2903 2973 2972 ria
2925 2823 2972 2868 ei
2923 2611 2971 2787 mentis
2923 2276 2985 2573 cogitationi,
2938 2146 2985 2237 qua
2937 2032 2969 2112 res
2926 1746 2983 1992 utcunque
2928 1577 2969 1712 natas
2924 1313 2987 1543 imagina-

3019 2863 3052 2971 mur
3008 2757 3051 2807 et
3003 2505 3065 2722 speciem
3002 2244 3049 2469 continuo
3002 2049 3060 2209 talem,
3002 1820 3063 2013 qualem
3017 1707 3048 1785 res
3002 1465 3050 1672 effectae
3019 1312 3051 1429 nan-

3083 2695 3139 2969 ciscuntur,
3081 2347 3143 2645 effingimus.
3081 2054 3127 2279 Attamen
3080 1647 3143 2001 perfectissima
3082 1496 3127 1610 artis
3097 1310 3145 1460 opera

3177 2907 3209 2967 ex
3161 2620 3221 2874 utriusque
3159 2350 3205 2595 facultatis
3160 1990 3206 2324 conciliatione
3163 1684 3218 1961 nascuntur,
3161 1521 3207 1646 sicut
3177 1311 3220 1496 eorum,

3255 2842 3302 2967 quae
3242 2634 3285 2806 natura
3238 2298 3300 2600 procreavit,
3238 1830 3301 2247 praestantissima
3254 1564 3301 1781 quaeque
3244 1418 3286 1529 sunt
3255 1310 3297 1383 ea,

3318 2919 3366 2967 in
3317 2698 3379 2870 quibus
3317 2510 3362 2649 dotes
3315 2333 3361 2461 inter
3332 2223 3363 2275 se
3317 1910 3362 2176 contrariae
3316 1584 3363 1863 felicissima
3318 1308 3364 1540 mixtione

3396 2659 3444 2964 consociatae
3399 2525 3441 2635 sunt
3394 2415 3449 2498 ita,
3399 2326 3441 2378 ut
3394 2183 3441 2301 aliae
3395 2055 3441 2157 aliis
3399 1638 3455 2027 compensentur,
3396 1309 3442 1600 confirmen-

3482 2870 3535 2966 tur,
3474 2517 3521 2836 illustrentur.
3471 2360 3519 2466 Nou
3478 2200 3519 2333 recte
3488 1980 3519 2179 munere
3472 1690 3535 1951 officioque
3478 1491 3536 1666 poetae
3474 1308 3536 1469 fungi-

3559 2886 3602 2967 tur
3553 2768 3611 2840 is,
3552 2635 3614 2715 qui
3551 2446 3599 2590 nullis
3551 2323 3597 2397 sui
3552 2144 3598 2289 animi
3552 1914 3598 2108 dotibus
3551 1614 3599 1879 instructos
3554 1305 3615 1579 ditatosque

3632 2742 3680 2965 homines
3631 2554 3691 2705 tales,
3630 2341 3692 2506 quales
3631 2148 3693 2291 vulgo
3635 1963 3689 2100 sunt,
3630 1709 3692 1913 effingit.
3630 1470 3693 1642 Neque
3631 1305 3679 1435 enim

3711 2717 3773 2964 vulgarem
3725 2521 3758 2682 rerum
3711 2271 3771 2485 speciem
3712 2189 3757 2236 in
3709 1976 3757 2155 fabulis
3710 1647 3771 1940 quaerimus,
3710 1524 3757 1611 sed
3715 1306 3772 1498 poetae,

3791 2873 3837 2963 sub
3790 2668 3837 2837 alienis
3790 2411 3852 2632 personis
3790 2150 3848 2374 latentis,
3804 1953 3851 2101 opera
3788 1632 3850 1902 opibusque
3795 1431 3836 1599 auctos
3789 1303 3836 1395 ho-

3868 2804 3916 2960 mines
3872 2717 3917 2768 et
3870 2637 3915 2685 in
3868 2382 3915 2603 altiorem
3870 2104 3930 2345 quendam
3868 1908 3914 2069 locum
3872 1658 3927 1872 evectos,
3868 1494 3914 1622 unde
3871 1301 3930 1465 pateat

3945 2762 3994 2961 liberior
3948 2662 3995 2713 in
3962 2318 3994 2597 caussarum
3947 1903 4009 2261 effectuumque
3961 1670 3993 1847 nexum
3951 1302 4009 1605 prospectus.

4022 2836 4069 2959 Nam
4025 2696 4088 2801 quis
4025 2508 4073 2663 ferret
4031 2204 4089 2475 satyrorum
4024 1789 4089 2168 turpitudinem,
4024 1649 4086 1754 quis
4024 1421 4071 1611 rudium
4024 1301 4071 1392 ho-

4102 2774 4150 2955 minum
4104 2408 4168 2741 stupiditatem
4141 2375 4162 2387 ‚
4106 2218 4167 2325 quis
4105 1819 4153 2169 sceleratorum
4102 1485 4165 1787 impietatem
4102 1300 4150 1451 libere

4194 2896 4229 2951 se
4181 2599 4244 2862 iactanteS,
4183 2474 4233 2566 nisi
4184 2266 4233 2440 horum
4184 2094 4247 2231 quasi
4198 1851 4248 2060 persona
4182 1624 4232 1820 indutus
4186 1444 4247 1590 poeta
4181 1301 4230 1412 imi—

4261 1634 4307 1698 16

4414 776 4559 800 ..εξ-,ἰ

4570 785 4646 792 ,ᾑ-

4562 793 4631 800 *a*
