5010 3336
3924 2085 3982 2207 200

3792 1432 3845 1543 δεῖν
3791 1577 3844 1624 δ’
3774 1660 3845 1905 ἄγχονῶν
3787 1936 3823 1990 τε
3784 2024 3837 2111 καὶ
3770 2145 3835 2351 πετρῶν
3766 2385 3834 2585 ῥίπτειν
3763 2618 3828 2739 ἄπο,

3711 1431 3764 1530 οὐκ
3710 1564 3764 1622 ἐν
3694 1658 3757 1907 σοφοῖσιν
3692 1940 3760 2095 ἔστιν,
3687 2133 3755 2367 εὐχέσθω
3700 2404 3752 2452 δ’
3683 2488 3751 2632 ὅμως

3615 1430 3681 1647 ἄπειρος
3626 1682 3684 1818 εἶναι
3608 1851 3674 1945 τῆς
3621 1978 3673 2142 νόσου
3604 2177 3671 2370 ταύτης
3618 2404 3671 2486 οΞεί
3600 2518 3667 2584 *).

3555 1297 3605 1374 Ab
3550 1410 3599 1608 oraculo
3533 1644 3580 1791 quum
3528 1827 3576 2117 responsum
3539 2146 3588 2344 tulisset
3536 2393 3581 2676 sanaturum
3522 2726 3568 2868 eum,
3517 2907 3579 2987 qui

3451 1295 3524 1716 vulnerasset**>‚
3463 1738 3514 1984 Achillem
3446 2010 3493 2266 quaerens,
3458 2298 3503 2399 tum
3457 2427 3507 2557 forte
3456 2582 3505 2643 ad
3440 2658 3503 2983 Agamemno-

3393 1295 3429 1408 nem
3374 1444 3440 1605 Argos
3371 1642 3433 1941 profectum,
3380 1978 3430 2152 eodem
3379 2188 3412 2243 se
3361 2279 3426 2624 contulit)
3358 2694 3423 2868 Neque
3371 2903 3404 2985 so-

3314 1293 3364 1370 lus
3294 1402 3361 1653 Achilles,
3305 1691 3353 1779 sed
3287 1815 3351 2024 Ulysses
3284 2062 3332 2256 quoque
3298 2293 3340 2342 et
3295 2378 3347 2637 Menelaus
3277 2674 3342 2856 aliique
3291 2891 3340 2981 du-

3234 1293 3267 1376 ces
3232 1413 3281 1477 de
3228 1510 3279 1641 bello
3208 1677 3273 2057 redintegrando
3219 2094 3267 2301 consilia
3215 2354 3265 2580 collaturi
3212 2626 3262 2743 illuc
3210 2802 3243 2980 conve-

3150 1289 3195 1465 nerant
3133 1480 3199 1633 ²¹²)
3127 1706 3193 1959 Telephus
3125 1995 3189 2158 igitur,
3122 2193 3181 2452 postquam
3120 2488 3180 2714 pervenit
3116 2749 3163 2843 quo
3129 2871 3173 2979 ten-

3062 1289 3123 1456 debat,
3065 1493 3115 1704 mendici
3048 1739 3110 1905 specie
3061 1942 3110 2128 aditum
3045 2165 3105 2373 quaerit,

2990 1421 3042 1505 δεῖ
2970 1533 3038 1634 γάρ
2969 1670 3017 1732 με
2970 1768 3034 1915 δόξαι
2965 1949 3030 2159 πτωχὸν
2978 2194 3034 2329 εἶναι
2959 2362 3027 2608 τήμερον,

2907 1420 2965 1557 εἶναι
2889 1590 2957 1686 μὲν
2885 1722 2954 1877 ὄςπερ
2885 1915 2951 2034 εἰμί,
2883 2072 2950 2361 φαίνεσθαι
2894 2396 2947 2451 δὲ
2877 2487 2944 2574 μή.

2813 1287 2878 1581 suppliciter
2820 1614 2856 1758 orans
2804 1776 2871 1834 †)

2759 1418 2769 1482 —
2755 1616 2764 1681 —
2738 1814 2787 1907 λῦε
2735 1943 2785 2116 πακτὰ
2718 2151 2784 2428 δωμάτων,

2672 1284 2705 1313 a
2665 1347 2721 1555 ianitore
2648 1591 2709 1910 prohibetur:

2600 1414 2610 1478 —
2594 1613 2602 1674 --
2576 1809 2628 2004 ἄπελθε
2573 2038 2625 2238 λαΐνων
2557 2273 2623 2529 σταθμῶν
2557 2548 2619 2663 ††).

2485 1338 2540 1390 ³¹²)
2478 1420 2537 1605 Fragm.
2488 1634 2531 1718 inc.
2481 1751 2529 1882 LXV.
2470 1942 2525 2136 Telephi
2481 2165 2521 2281 haec
2479 2310 2508 2406 esse
2478 2435 2520 2724 manifestum
2475 2755 2515 2833 est.

2413 1332 2469 1399 ¹¹⁴¹)
2420 1430 2467 1589 Liban.
2417 1616 2459 1719 1.1.:
2415 1767 2458 1791 ὁ
2412 1824 2456 1872 δὲ
2411 1905 2457 2054 α’νεῖλε
2396 2084 2453 2244 παρὰ
2394 2283 2449 2358 τῷ
2392 2399 2451 2700 τρώσαντι
2404 2737 2448 2835 καὶ
2392 2864 2447 2970 τὴν

2349 1422 2396 1586 ἴασιν
2336 1615 2388 1837 ζητεῖν.
2340 1897 2383 1966 Cf.
2340 2007 2381 2134 Iahn.
2327 2167 2365 2210 p.
2337 2242 2381 2313 23.
2337 2346 2373 2434 not.
2336 2466 2379 2535 23.
2336 2595 2378 2744 Minus
2332 2777 2376 2966 obscure

2266 1413 2325 1625 Hyginus
2276 1655 2317 1684 l.
2274 1715 2314 1772 l.:
2262 1804 2312 2058 „neminem
2267 2081 2310 2252 mederi
2253 2273 2294 2418 posse,
2264 2448 2307 2530 nisi
2263 2561 2305 2748 eandem
2251 2771 2304 2966 hastam,

2199 1417 2240 1507 qua
2203 1534 2247 1790 vulneratus
2201 1813 2241 1955 erat.’³

2130 1303 2188 1392 ***)
2125 1421 2183 1576 Dictys
2125 1596 2178 1653 11,
2134 1684 2177 1759 10:
2120 1788 2172 1908 „Per
2130 1938 2171 2058 idem
2113 2089 2165 2263 tempus
2112 2293 2166 2523 Telephus
2122 2562 2164 2715 dolore
2108 2750 2163 2965 vulneris,

2059 1415 2109 1534 quod
2068 1554 2109 1597 in
2054 1619 2105 1790 proelio
2059 1814 2102 2050 adversum
2057 2079 2099 2275 Graecos
2040 2316 2089 2573 acceperat,
2052 2613 2093 2688 diu
2035 2708 2093 2963 afflictatus,

1988 1416 2027 1552 quum
1996 1579 2035 1700 nullo
1990 1736 2032 1934 remedio
1988 1967 2029 2138 mederi
1973 2161 2023 2327 posset,
1986 2356 2025 2412 ad
1972 2438 2019 2710 postremum
1968 2745 2021 2965 Apollinis

1927 1415 1967 1598 oraculo
1922 1636 1964 1829 monitus
1932 1860 1938 1914 —
1905 1970 1946 2162 propere
1902 2213 1957 2393 Argos
1898 2447 1957 2677 navigat.”
1906 2744 1949 2959 Proclus:

1856 1412 1904 1572 ἔπειτα
1839 1596 1898 1810 Τήλεφον
1849 1842 1894 1959 κατὰ
1836 1995 1887 2215 μαντείαν
1830 2244 1887 2618 παραγενόμενον
1832 2646 1882 2730 εἷς
1823 2762 1886 2961 ’Ἄργος

1785 1414 1829 1542 ἰᾶται
1771 1581 1831 1797 Ἀχιλλεύς
1772 1829 1824 1891 ὦς
1766 1930 1823 2135 ἡγεμόνα
1775 2168 1817 2253 τοῦ
1774 2286 1819 2354 ἐπ’
1772 2380 1818 2519 ’Ίλιον
1770 2554 1811 2685 πλοῦ.
1754 2760 1810 2958 Hygia:

1706 1409 1757 1541 „Hoc
1699 1571 1753 1799 Telephus
1708 1835 1749 1913 ubi
1695 1940 1747 2133 audivit,
1706 2169 1746 2233 ad
1690 2267 1745 2760 Agamemnonem
1695 2792 1737 2957 venit.'’

1642 1410 1689 1654 Libanius:
1639 1686 1681 1834 ταῦτα
1628 1859 1680 2060 οἷκούσας
1619 2098 1680 2389 εἰς”Αργος
1618 2422 1675 2610 ἔρχεται.
1627 2669 1669 2852 Videtur
1625 2877 1653 2959 au-

1574 1412 1614 1505 tem
1571 1527 1610 1658 antea
1570 1677 1612 1720 in
1566 1735 1609 2022 Thessaliam
1565 2043 1607 2241 venisse:
1563 2272 1590 2374 nam
1559 2395 1601 2638 scholiasta
1558 2662 1598 2718 ad
1541 2731 1598 2957 Aristoph.

1503 1409 1548 1522 Nub.
1501 1552 1528 1594 v.
1486 1621 1544 1735 919„
1485 1767 1539 1842 qui
1496 1872 1534 1914 et
1482 1945 1537 2041 ipse
1482 2072 1537 2338 Euripidem
1490 2371 1527 2545 secutus
1478 2580 1526 2671 est,
1486 2701 1529 2779 καὶ
1481 2817 1527 2957 πάλιν

1417 1408 1480 1688 ἀποροῦντα,
1415 1720 1471 1874 inquit,
1424 1903 1465 1986 τοῦ
1409 2013 1466 2404 θεραπεύσαντος,
1406 2437 1460 2517 τῆς
1408 2540 1459 2728 Πυθίας
1406 2764 1459 2820 ,,ὁ
1399 2842 1457 2955 τρώ-

1355 1408 1393 1490 σας
1358 1528 1406 1732 ἰάσεται”
1341 1767 1402 2042 ἀνελούσης,
1339 2082 1395 2454 παραγενόμενον
1340 2487 1390 2572 εἰς
1339 2614 1389 2955 Θετταλίαν

1277 1406 1334 1471 τῷ
1272 1507 1329 1688 χρησμῷ
1276 1722 1326 1932 πεισθεὶς
1268 1963 1323 2215 θεραπείας
1266 2247 1323 2429 ἠξίωσε.

1211 1265 1268 1380 ***⁴‘)
1207 1411 1264 1567 Dictys
1207 1587 1260 1644 11,
1218 1669 1260 1720 9:
1201 1763 1256 1946 „Neque
1211 1977 1251 2118 multo
1197 2151 1249 2252 post
1210 2283 1237 2332 re
1194 2361 1250 2539 cognita
1191 2559 1248 2702 Argos
1203 2721 1245 2777 ab
1200 2806 1244 2950 omni-

1153 1404 1195 1489 bus
1147 1520 1189 1821 convenitur.⁷⁷
1141 1901 1183 2115 Caussam
1141 2153 1183 2246 eius
1137 2292 1175 2530 conventus
1134 2559 1178 2694 fuisse
1120 2726 1173 2948 perhibet,

1069 1404 1121 1522 quod
1077 1547 1121 1766 barbaros
1075 1790 1117 1834 id
1058 1861 1101 1997 agere
1070 2023 1113 2268 nuntiatum
1058 2288 1105 2415 esset,
1066 2442 1104 2491 ut
1062 2512 1108 2708 Graecos
1047 2732 1089 2948 praever-

1011 1403 1050 1544 tentes
1008 1567 1050 1613 in
1005 1637 1048 1799 horum
1001 1820 1041 1987 terram
998 2008 1041 2176 bellum
995 2198 1039 2502 transferrent.

929 1331 983 1385 †)
926 1413 983 1637 Aristoph.
933 1678 977 1871 Acharn.
930 1903 973 2008 452:
913 2074 969 2303 γλίσχρος,
912 2344 965 2603 προςαιτῶν
905 2642 962 2847 λιπαρῶν
915 2877 945 2942 τε.

870 1403 912 1472 Cf.
866 1497 910 1650 Schol.
865 1673 906 1730 ad
862 1750 905 1865 Nub.
860 1886 902 1984 919.
845 2011 887 2148 supra
855 2168 898 2412 laudatum.

786 1287 843 1375 ††)
784 1405 842 1592 Fragm.
790 1616 838 1702 inc.
791 1725 834 1889 CCVII.
788 1947 830 2015 Ex
773 2047 829 2252 Telepho
770 2272 827 2531 decerptum
779 2553 810 2649 esse
762 2674 821 2939 intelligitur

725 1403 757 1456 ex
709 1476 769 1698 Aristoph.
714 1721 764 1914 Acharn.
716 1938 763 2046 479:
712 2077 756 2193 κλεῖε
700 2225 758 2374 πηκτὰ
696 2398 753 2634 δωμάτων.
703 2691 749 2864 Ibidem
702 2895 732 2938 v·
