5010 3336
3826 2116 3881 2237 448

3691 1346 3742 1563 Donatus
3692 1597 3741 1659 ad
3690 1687 3740 2005 Eunuchum:
3676 2040 3736 2278 „Cantica
3667 2314 3718 2464 saepe
3679 2498 3727 2700 mutatis
3675 2732 3725 2888 modis
3671 2922 3705 3007 ex-

3612 1345 3661 1500 hibita
3599 1527 3654 1688 sunt,”
3596 1723 3659 1940 itemque
3609 1974 3656 2035 ad
3590 2057 3655 2295 Adelph.:
3587 2332 3653 2526 „Saepe
3598 2558 3647 2756 mutatis
3581 2777 3628 2869 per
3592 2900 3627 3006 sce-

3532 1343 3565 1453 nam
3532 1487 3580 1645 modis
3532 1683 3579 1871 cantica
3528 1906 3576 2155 mutavit.³’
3525 2223 3575 2402 lisdem
3507 2436 3554 2665 magnum
3502 2694 3566 2824 apud
3514 2841 3562 3006 multi-

3451 1342 3500 1563 tudinem
3453 1598 3501 1815 favorem
3450 1850 3499 2003 fuisse
3448 2037 3496 2086 in
3446 2126 3496 2302 Donati
3443 2337 3493 2501 libello
3441 2537 3488 2600 de
3439 2634 3472 2757 com.
3437 2794 3480 2844 et
3419 2877 3477 3003 trag.

3358 1340 3421 1580 scriptum
3372 1617 3415 1720 est:
3361 1755 3420 2085 „Huiusmodi
3367 2120 3415 2242 adeo
3365 2279 3411 2492 carmina
3361 2527 3409 2586 ad
3359 2622 3407 2765 tibias
3345 2799 3405 3004 fiebant,

3285 1338 3336 1411 ut,
3293 1446 3341 1524 his
3280 1561 3341 1767 auditis,
3292 1813 3338 1949 multi
3289 1984 3321 2044 ex
3272 2081 3335 2259 populo
3284 2294 3327 2404 ante
3269 2440 3329 2713 discerent,
3264 2750 3311 2892 quam
3276 2927 3323 3002 fa—

3215 1335 3263 1497 bulam
3213 1543 3261 1696 acturi
3212 1743 3258 1924 scenici
3195 1969 3250 2159 essent,
3193 2208 3238 2349 quam
3202 2399 3250 2593 omnino
3185 2642 3244 3001 spectatoribus

3119 718 3135 719 ι
3119 1335 3183 1456 ipsis
3133 1491 3182 1784 antecedens
3132 1819 3179 1991 titulus
3114 2030 3174 2474 pronuntiaretur.”
3122 2526 3170 2602 Cf.
3119 2640 3168 2741 Cic.
3112 2765 3166 2999 Academ.

3048 652 3054 658 &A
3050 716 3103 719 ξ
3043 763 3051 766 Ι
3040 1333 3087 1408 pr.
3044 1445 3100 1492 7,
3055 1526 3100 1605 20.
3040 1674 3102 1869 Tibias,
3050 1904 3084 2000 non
3036 2034 3097 2186 fides,
3046 2222 3092 2421 canticis
3028 2458 3090 2585 apud
3039 2621 3089 2840 Graecos
3022 2876 3069 2997 quo-

2962 643 3014 657 ⁴.
2968 703 3046 766 ÷l3j,
2961 1331 3008 1428 que
2974 1453 3022 1705 succinere
2972 1733 3020 1897 solitas
2971 1928 3004 2038 esse
2954 2067 3017 2304 scriptum
2965 2335 3007 2412 est
2963 2436 3012 2485 in
2957 2507 3010 2709 Aristot.
2955 2750 3008 2993 Problem.

2958 635 2964 637 ⁴
2881 1328 2945 1461 XIX,
2895 1497 2941 1575 43.
2895 1610 2936 1658 et
2895 1693 2939 1739 9.

2816 1458 2864 1620 Huius
2800 1670 2862 1817 igitur
2796 1874 2859 2068 generis
2809 2108 2856 2292 cantica
2805 2349 2838 2457 cnm
2785 2511 2849 2756 prologis,
2796 2804 2839 2859 ut
2780 2903 2828 2991 pe-

2736 1326 2785 1528 culiaria
2719 1564 2783 1818 Euripidis
2719 1854 2781 2076 inventa,
2728 2109 2775 2347 acerrime
2707 2380 2770 2667 perstringit
2702 2699 2766 2989 Aristopha-

2657 1324 2690 1425 nes.
2656 1497 2705 1561 Et
2640 1596 2701 1824 proponit
2637 1859 2698 2137 exemplum
2648 2180 2694 2357 cantici
2645 2391 2693 2491 sive
2642 2524 2690 2684 threni
2624 2716 2687 2988 Euripidei,

2566 711 2572 712 ἱ
2563 1323 2610 1472 quum
2576 1522 2624 1670 faciat
2572 1713 2621 2051 mulierculam
2554 2100 2602 2397 pauperem,
2550 2448 2596 2571 quae
2562 2622 2611 2779 lanam
2557 2826 2604 2986 nendo

2506 647 2547 651 l
2484 682 2550 773 l
2497 1321 2546 1504 victum
2483 1543 2538 1742 quaerat
2478 1777 2541 2024 vitamque
2477 2048 2532 2304 sustentet,
2486 2342 2534 2403 de
2471 2440 2531 2566 gallo
2483 2590 2514 2675 suo
2465 2703 2529 2986 gallinaceo,

2456 646 2482 650 ³
2446 682 2483 699 ’Ῑ
2459 726 2481 728 ²
2467 756 2470 758 ’
2403 1322 2450 1465 quem
2400 1502 2464 1682 surripi
2414 1717 2462 1890 viderit
2414 1924 2459 1970 in
2400 2007 2457 2206 somnis,
2405 2243 2454 2505 admodum
2401 2540 2451 2770 flebiliter
2398 2802 2447 2986 lamen-

2306 647 2408 728 ⁵143*
2337 1318 2381 1501 tantem
2322 1536 2379 1683 atque
2318 1716 2382 1964 ingentem
2314 2000 2377 2301 tragoediam
2324 2321 2373 2638 excitantem:
2308 2676 2368 2805 quod
2318 2830 2366 2984 canti-

2187 666 2290 762 's
2258 1319 2290 1430 cum
2257 1479 2300 1528 et
2254 1573 2303 1834 variatione
2249 1882 2283 2191 numerorum
2247 2230 2289 2279 et
2245 2315 2279 2487 vocum
2228 2521 2291 2808 iteratione,
2224 2859 2271 2983 quae

2135 664 2161 669 l

2095 664 2115 668 1

2176 1317 2224 1575 modorum
2159 1609 2222 1761 gratia
2160 1797 2221 1972 fiebat,
2156 2010 2218 2195 insigne
2167 2232 2210 2320 est.

2097 1446 2146 1583 Haec
2081 1617 2141 1847 praemisi
2093 1874 2139 1936 de
2092 1964 2140 2092 Ionis
2089 2118 2137 2279 fabula
2071 2316 2133 2642 expositurus,
2067 2678 2113 2801 quae
2077 2820 2127 2979 tribus

2018 1312 2066 1514 canticis
2002 1547 2061 1979 praestantissimis
2010 2017 2060 2246 distincta
1995 2280 2051 2383 est,
1993 2431 2038 2636 quorum
2000 2682 2048 2976 canticorum

1926 1308 1971 1474 unum,
1938 1509 1985 1590 cui
1923 1624 1982 1837 parodus
1933 1871 1982 2128 adiunctus
1919 2165 1974 2269 est,
1914 2321 1974 2545 quoniam
1909 2591 1969 2977 tranquilliorem

1859 1308 1906 1453 animi
1859 1488 1902 1666 statum
1843 1702 1905 1945 declarat,
1838 1982 1899 2293 stropharum
1848 2329 1882 2527 normae
1842 2560 1893 2846 adstrictum
1826 2882 1882 2975 est,

1765 1305 1829 1493 reliqua
1779 1521 1823 1684 autem
1763 1715 1824 1954 aequabili
1771 1982 1806 2296 numerorum
1768 2327 1817 2590 iteratione
1764 2619 1808 2803 carent.
1748 2865 1809 2973 Quo

1685 1306 1761 1530 tempore
1700 1562 1747 1658 hoc
1698 1694 1747 1862 drama
1694 1897 1737 2058 actum
1680 2096 1740 2185 sit,
1692 2224 1724 2284 ex
1689 2320 1737 2435 satis
1685 2471 1735 2744 man'l'estis
1680 2779 1731 2972 indiciis

1620 1306 1669 1548 coniicere
1607 1582 1668 1713 licet,
1603 1750 1650 1874 quae
1602 1909 1662 2105 quidem
1612 2140 1659 2304 statim
1594 2340 1657 2672 explicaturus
1591 2711 1637 2849 sum,
1600 2887 1649 2972 ubi

1531 1301 1590 1443 salsa,
1526 1482 1573 1605 quae
1524 1640 1587 1837 quidam
1520 1872 1582 2105 suspicati
1519 2141 1575 2269 sunt,
1529 2304 1574 2445 antea
1525 2478 1576 2771 refutavero.

1460 1433 1508 1544 Hoc
1459 1595 1507 1724 enim
1442 1768 1505 2056 Euripidem
1453 2107 1502 2271 Ionem
1447 2319 1497 2579 scribendo
1431 2625 1493 2786 egisse
1430 2831 1486 2969 putat

1424 628 1442 635 ¹
1387 689 1404 694 ,
1435 725 1445 756 ”
1381 1302 1431 1363 G.
1365 1400 1429 1727 Hermannus‚
1378 1766 1421 1821 ut
1374 1848 1423 2172 Athenienses
1357 2206 1405 2449 nunquam
1353 2483 1413 2850 peregrinorum
1363 2886 1394 2965 re-

1284 725 1309 729 )
1287 1297 1334 1413 gum
1284 1449 1349 1653 imperio
1283 1688 1346 1928 paruisse,
1280 1964 1328 2207 nunquam
1293 2243 1338 2302 ab
1276 2338 1338 2620 alienigenis
1286 2662 1333 2817 victos
1283 2853 1317 2964 esse

1209 679 1274 692 ⁴:
1210 726 1242 730 ;
1218 1296 1270 1604 defenderet.
1219 1673 1268 1796 Nam
1204 1833 1265 1960 quod
1216 1997 1264 2055 Ο.
1211 2079 1263 2320 Miillerus
1196 2355 1255 2613 monuerit,
1207 2648 1255 2823 eximia
1203 2857 1246 2963 arte

1202 637 1206 639 Α
1183 689 1199 692 ¹
1144 1294 1192 1362 ita
1142 1399 1175 1510 esse
1140 1543 1190 1758 fabulam
1139 1794 1169 1822 a
1122 1854 1180 1999 poeta
1117 2035 1174 2379 comparatam,
1131 2414 1173 2470 ut
1129 2502 1178 2586 lon
1128 2621 1161 2718 non
1111 2740 1173 2961 peregri-

1052 1296 1097 1402 nus,
1063 1440 1111 1527 sed
1046 1561 1107 1797 genuinus
1055 1831 1105 2137 Erechthida
1040 2171 1100 2445 videretur,
1052 2492 1098 2540 id
1048 2575 1097 2698 adeo
1032 2732 1092 2958 apertum

973 1296 1017 1436 esse,
984 1491 1026 1544 ut
981 1578 1029 1757 mirum
979 1793 1026 1857 sit
978 1891 1009 1986 non
974 2021 1022 2243 omnibus
960 2279 1019 2467 statim,
956 2503 1017 2583 qui
970 2617 1001 2724 eam
952 2760 1011 2956 tragoe-

914 622 965 632 ‘a
905 688 958 734 ἶ,
906 1294 954 1424 diam
888 1459 952 1698 legerent,
902 1734 949 1783 in
897 1819 941 2031 mentem
892 2068 941 2278 venisse.
894 2347 942 2467 Nam
893 2489 925 2583 non
891 2602 939 2760 solum
887 2787 937 2954 inven-

855 727 865 729 ¹
825 1289 873 1473 tionem
822 1511 873 1703 fabulae
819 1754 865 1905 totam
818 1952 865 2010 ad
815 2047 847 2157 eum
814 2193 862 2338 finem
800 2374 856 2630 spectare,
811 2684 857 2771 sed
808 2806 855 2953 etiam

731 1287 795 1474 aliquot
743 1508 792 1630 locis
743 1665 787 1765 tam
725 1802 786 1979 cupide
719 2014 783 2217 gloriam
732 2237 782 2646 Erechthidarum
730 2676 777 2841 extolli
728 2876 775 2952 vel

665 1287 715 1454 odium
649 1490 711 1635 prodi
644 1672 711 1990 advenarum,
655 2044 698 2098 ut
640 2132 703 2366 suspicari
652 2399 701 2543 liceat
635 2577 698 2782 sopitam
648 2816 697 2950 Ioni—
