5010 3336
1037 2137 1095 2254 521

1204 2879 1255 3026 credo
1195 2519 1250 2843 sententiam,
1190 2426 1238 2467 si
1186 2262 1235 2381 satis
1201 2189 1231 2215 a
1176 1843 1230 2155 multitudine
1169 1548 1221 1796 intellecta
1169 1364 1222 1515 esset,

1300 2932 1332 3027 non
1281 2738 1328 2897 minus
1274 2386 1327 2705 invidiosam,
1280 2210 1329 2350 quam
1262 2055 1308 2174 illud
1257 1987 1323 2021 ἦ
1253 1766 1320 1953 γλῶσσ’
1247 1475 1314 1731 ὀμώμοκε,
1245 1364 1292 1445 su-

1369 2865 1411 3025 turam
1358 2641 1405 2813 suisse.
1348 2293 1399 2561 Manifesta
1342 2121 1390 2249 enim
1340 1926 1386 2074 docet
1335 1700 1383 1884 nullum
1328 1481 1377 1655 foedus
1324 1361 1371 1437 vel

1439 2780 1489 3026 vinculum
1442 2629 1483 2732 tam
1433 2392 1478 2585 firmum
1439 2246 1472 2355 esse
1420 1991 1475 2199 debere,
1414 1815 1478 1943 quod
1427 1683 1459 1779 non
1404 1360 1455 1638 violandum

1521 2941 1580 3022 sit,
1520 2863 1565 2903 si
1519 2645 1580 2830 pugnet
1528 2500 1560 2609 cum
1510 2407 1555 2465 iis
1503 2172 1566 2375 legibus,
1498 1959 1561 2136 quibus
1510 1834 1542 1930 non
1490 1581 1540 1801 homines
1490 1358 1542 1563 tantum,

1598 2931 1647 3021 sed
1598 2751 1645 2895 etiam
1593 2637 1641 2706 dii
1592 2322 1639 2594 teneantur.
1575 1954 1627 2253 Necessitati
1573 1780 1621 1909 enim
1583 1559 1633 1734 parere
1578 1357 1612 1524 servo-

1694 2910 1726 3022 rum
1681 2755 1735 2859 est,
1671 2431 1727 2695 iustitiam,
1662 2144 1727 2377 pietatem
1655 1672 1714 2085 honestatemque
1646 1490 1709 1628 sequi
1658 1355 1691 1433 sa-

1756 2755 1822 3019 pientium:

1838 2778 1883 2886 πᾶν
1829 2621 1890 2744 τούξ
1823 2356 1889 2585 ἀνάγκης
1815 2124 1869 2321 δοῦλόν
1811 1990 1863 2089 ἐστ’
1808 1897 1861 1953 ἐν
1810 1754 1867 1864 τοῖς
1805 1530 1869 1719 σοφοῖς

1914 2826 1979 3013 (Orest.
1913 2638 1973 2791 ms).
1906 2424 1956 2570 Unde
1901 2166 1954 2403 efficitur,
1901 2078 1943 2132 ut
1893 1864 1958 2054 legibus
1886 1561 1952 1835 parendum
1883 1469 1931 1535 sit
1895 1348 1928 1443 non

2000 2774 2059 3014 quatenus
1991 2640 2038 2739 sint
1986 2393 2035 2606 sancitae
1982 2252 2030 2355 sive
1979 2158 2025 2216 iis
1974 1992 2022 2108 insit
1968 1650 2027 1945 necessitas,
1964 1509 2012 1598 sed
1977 1347 2024 1467 qua-

2083 2873 2123 3015 tenus
2088 2728 2120 2836 cum
2066 2504 2116 2693 iustitia
2060 2141 2111 2472 consentiant:
2069 1996 2103 2105 nam
2050 1742 2099 1961 iustitiae
2044 1586 2094 1711 ratio
2041 1348 2092 1564 necessi—

2160 2862 2203 3015 tatem
2147 2554 2205 2826 constituit,
2159 2421 2193 2517 non
2139 2117 2188 2387 necessitas
2132 1832 2181 2085 iustitiam.

2231 2544 2292 2871 Cognatorum
2228 2276 2270 2487 mortem
2218 2054 2265 2231 iniuste
2211 1750 2274 1998 impieque
2202 1340 2253 1696 trucidatorum

2309 2681 2360 3013 ulciscendam
2320 2536 2352 2646 esse
2308 2405 2349 2501 tam
2297 2058 2347 2368 consentiens
2296 1916 2340 2021 erat
2294 1663 2337 1883 veterum
2283 1446 2349 1629 opinio,
2284 1338 2341 1411 ut,

2408 2896 2440 3009 cum
2391 2682 2437 2850 contra
2390 2417 2432 2638 naturam
2378 1914 2435 2363 humanitatemque
2369 1810 2416 1869 ab
2366 1578 2414 1758 Oreste
2362 1335 2409 1525 factum

2475 2846 2529 3007 esset,
2475 2636 2515 2798 tamen
2463 2450 2511 2589 iussu
2460 2322 2508 2403 dei
2457 2214 2505 2275 ad
2455 1963 2502 2166 caedem
2448 1691 2511 1929 impulsus
2442 1334 2503 1654 eiusdemque

2549 2828 2598 3008 auxilio
2545 2590 2594 2791 crimine
2540 2301 2589 2555 absolutus
2551 2141 2583 2253 esse
2532 1788 2581 2089 crederetur.
2526 1525 2586 1720 Quanto
2519 1334 2585 1491 magis

2630 2822 2691 3007 hospes
2630 2626 2686 2775 atque
2622 2390 2669 2575 alienus
2615 2079 2683 2354 puniendus
2610 1911 2658 2045 fuit‘}
2606 1660 2656 1842 Oculos
2607 1463 2651 1625 autem
2603 1330 2648 1427 im-

2709 2839 2773 3007 probis
2704 2652 2753 2803 effodi
2717 2520 2749 2617 non
2697 2227 2747 2487 temeraria
2692 1890 2748 2190 crudelitaS,
2687 1749 2735 1838 sed
2684 1481 2732 1715 usitatum
2698 1329 2745 1447 sup-

2787 2867 2853 3005 plicii
2798 2667 2850 2822 genus
2786 2481 2834 2618 erat,
2783 2274 2826 2435 morte
2774 1987 2822 2229 acerbius.
2764 1539 2830 1918 Agamemnonis
2766 1327 2809 1492 autem

2866 2759 2915 3002 beneficio
2877 2613 2909 2711 non
2863 2380 2906 2570 tantum
2855 2190 2904 2336 huius
2847 1882 2907 2137 sumendi,
2846 1735 2893 1825 sed
2845 1565 2891 1692 iusta
2856 1324 2904 1519 quoque

2946 2719 3009 3003 Polyxenae
2938 2457 2988 2671 faciendi
2935 2204 2983 2414 facultas
2934 1941 2995 2159 paratur.
2925 1687 2988 1863 Neque
2922 1555 2970 1641 ille
2926 1322 2970 1511 tantum

3024 2734 3084 2999 Talthybio
3020 2558 3067 2710 misso
3017 2274 3064 2530 Hecubam
3010 1977 3069 2247 arcessivit,
3005 1852 3054 1940 sed
3006 1570 3052 1828 cunctante
3017 1460 3059 1535 ea,
3001 1322 3047 1425 ius·

3104 2927 3151 2996 sis
3100 2653 3148 2891 militibus
3098 2441 3145 2618 funere
3094 2112 3148 2390 abstinere,
3103 1920 3135 2066 anum
3086 1648 3131 1887 ducturus
3082 1503 3144 1613 ipse
3080 1322 3128 1469 adve—

3182 2907 3241 2995 nit,
3180 2787 3227 2871 ubi
3177 2549 3226 2750 foedum
3192 2458 3222 2514 ac
3173 2184 3221 2423 nefarium
3164 1794 3229 2150 Polymestoris
3161 1595 3208 1757 scelus
3165 1509 3207 1560 et
3159 1320 3207 1475 oculis

3258 2757 3326 2996 perspicit
3262 2675 3304 2724 et
3254 2406 3304 2648 audiendo
3249 2111 3313 2375 cognoscit,
3244 1878 3293 2079 alternis
3241 1638 3290 1861 versibus
3239 1503 3301 1612 ipso
3254 1318 3301 1468 quae-

3347 2820 3399 2994 rente,
3337 2553 3385 2760 Hecuba
3332 2152 3396 2497 respondente.
3323 1755 3375 2074 Humanitate
3316 1316 3381 1699 Agamemnonis

3422 2800 3472 2993 animus
3416 2541 3466 2766 mulieris
3414 2170 3467 2501 confirmatur,
3410 2080 3455 2137 ut
3412 1932 3469 2047 post
3404 1702 3450 1900 brevem
3398 1314 3447 1667 dubitationem

3517 2900 3564 2992 spe
3500 2611 3559 2865 concepta,
3511 2520 3542 2574 se
3510 2382 3540 2487 rem
3493 2240 3553 2347 ipsa
3489 1981 3536 2207 libertate
3482 1853 3531 1946 sibi
3481 1583 3528 1819 cariorem
3478 1313 3540 1549 impetra-

3587 2812 3637 2990 turam,
3578 2713 3624 2775 ad
3592 2523 3639 2679 genua
3574 2393 3620 2497 eius
3569 2159 3633 2367 supplex
3566 1898 3613 2133 volvatur.
3560 1576 3614 1829 Oratione,
3572 1444 3618 1539 qua
3557 1313 3602 1409 uti-

3665 2880 3717 2989 tur,
3657 2640 3720 2831 gravior
3654 2476 3703 2606 nulla
3650 2225 3714 2429 cogitari
3649 2009 3710 2189 potest.
3640 1698 3702 1942 „Audito‚
3641 1599 3684 1650 et
3636 1509 3683 1551 si
3650 1309 3697 1465 aequa

3740 2897 3789 2987 tibi
3738 2762 3804 2866 pati
3735 2502 3794 2729 videbor,
3746 2311 3793 2465 aequo
3728 2112 3776 2274 animo
3724 1890 3781 2077 seram;
3721 1780 3768 1853 sin
3733 1631 3766 1747 vero
3719 1400 3774 1596 contra,
3719 1309 3763 1365 tu

3821 2916 3868 2984 sis
3818 2757 3866 2881 mihi
3816 2547 3863 2722 vindex
3811 2301 3873 2513 hospitis
3802 1871 3872 2255 improbissimi,
3798 1742 3862 1825 qui
3812 1537 3860 1697 neque
3794 1308 3842 1494 inferos

3915 2822 3962 2983 neque
3911 2580 3961 2787 superos
3894 2425 3940 2544 deos
3892 2215 3937 2397 veritus
3886 1992 3934 2182 facinus
3880 1756 3947 1966 patravit
3875 1307 3930 1731 immanissimum,

3983 2929 4026 2978 et
3995 2785 4025 2894 cum
3992 2600 4037 2749 saepe
3970 2317 4021 2563 communi
3984 2086 4016 2281 mecum
3978 1885 4012 2053 mensa
3976 1730 4008 1852 usus
3959 1601 4014 1693 sit,
3952 1302 4003 1566 trucidavit

4057 2824 4104 2980 filium
4055 2394 4115 2790 trucidatumque
4066 2298 4097 2360 ue
4047 2040 4109 2265 sepulcro
4042 1816 4107 2015 quidem
4039 1564 4101 1788 dignatus
4038 1430 4091 1524 est,
4032 1302 4079 1394 sed

4138 2924 4184 2974 in
4152 2755 4184 2891 mare
4134 2499 4198 2720 proiecit.
4132 2365 4178 2431 Et
4144 2240 4192 2331 ego
4126 2006 4190 2205 quidem
4137 1830 4171 1971 serva
4134 1685 4167 1794 sum
4120 1510 4177 1657 atque
4110 1304 4159 1476 imbel-

4217 2889 4277 2977 lis3
4220 2789 4264 2840 at
4214 2688 4262 2754 dii
4213 2512 4263 2655 validi
4216 2366 4262 2477 sunt
4214 2273 4257 2323 et
4208 2159 4257 2237 cui
4206 2057 4255 2126 dii
4205 1851 4269 2024 parent
4200 1712 4249 1818 lex:
4196 1459 4259 1666 propter
4191 1300 4240 1425 hanc
