5010 3336
1981 3227 2017 3322 §.Uare

3285 3330 3288 3331 =
3280 3290 3295 3305 ν
3258 3221 3303 3277 uari

3432 3222 3464 3275 Ἧι)

1040 2203 1092 2278 91

1202 2844 1252 3064 sparsum
1184 2502 1245 2809 effusumque
1198 2344 1231 2469 esse.
1182 2168 1228 2276 Rex
1180 2032 1225 2126 etsi
1178 1880 1225 1997 nihii
1177 1747 1225 1844 doli
1178 1607 1224 1715 mali
1178 1412 1240 1572 suspi-

1272 2898 1325 3063 catur,
1269 2674 1311 2835 tamen
1264 2502 1310 2640 timet
1261 2186 1325 2453 periculum
1264 2075 1305 2125 et
1273 2006 1303 2033 e
1258 1744 1305 1964 manibus
1256 1411 1304 1697 famulorum

1346 2765 1393 3066 irritamenta
1343 2497 1390 2730 malorum
1327 2171 1389 2462 removenda
1352 2026 1384 2137 csse
1341 1795 1382 1993 censet:

1453 2875 1460 2933 —
1423 2653 1482 2837 „auri
1421 2207 1483 2619 iubeosonte
1417 1936 1464 2173 lavere
1415 1639 1462 1901 minimi

1502 2825 1549 2927 Ma
1519 2778 1549 2809 η
1518 2732 1548 2764 τι
1519 2673 1547 2718 m
1499 2548 1563 2645 *).”

1583 2746 1630 3066 Patrocinium
1578 2481 1643 2711 pecuniae
1575 2244 1639 2446 suscipit
1575 2020 1637 2212 regina:

1662 2736 1725 2935 χρυσοῦ
1656 2647 1706 2700 σὲ
1655 2410 1720 2614 πλήθει,
1653 2192 1713 2375 τούςδε
1653 2113 1702 2158 δ’
1652 1995 1711 2075 οὐ,
1649 1763 1716 1959 χαίρειν
1648 1533 1715 1730 χρεών,-

1740 2990 1787 3065 Ad
1742 2836 1787 2955 haec
1755 2690 1786 2801 rex:

1817 2750 1867 2931 σκαιὸν
1813 2661 1865 2719 τὸ
1815 2365 1872 2626 πλουτεῖν,
1814 2172 1863 2329 κᾶλλο
1809 1975 1876 2137 μηδὲν
1807 1750 1860 1939 εἰδέναι
1810 1632 1873 1729 **).

1897 2944 1945 3064 Mox
1898 2682 1945 2905 continua
1897 2416 1954 2647 oratione,
1910 2237 1957 2379 quam
1894 1899 1957 2201 perniciosae
1892 1766 1939 1863 sint
1892 1524 1951 1733 divitiae,
1892 1404 1938 1488 de-

1982 2806 2024 3063 monstrat:
1979 1662 1982 1666 ’

2055 2678 2116 2933 κρείσσων
2052 2546 2118 2646 γὰρ
2056 2367 2111 2509 οὔτις
2050 2056 2117 2334 χρημάτων
2048 1837 2113 2027 πέφυκ’
2048 1649 2115 1801 άνήρ,

2133 2796 2201 2932 πλὴν
2135 2714 2184 2761 εἴ
2149 2588 2193 2685 τις·
2132 2417 2192 2550 ὅςτις
2133 2340 2182 2382 δ’
2125 2150 2191 2302 οὗτός
2129 1963 2193 2115 ἐστιν,
2129 1832 2195 1927 οὐχ
2129 1676 2193 1798 ὁρῶ.

2298 2717 2361 2930 φιλοῦσι
2293 2583 2358 2682 γάρ
2310 2466 2342 2547 τοι
2292 2326 2341 2432 τῶν
2290 2197 2355 2290 μὲν
2289 1972 2353 2163 ὀλβίων
2288 1758 2354 1938 βροτοὶ

2370 2727 2440 2929 σοφοὺς
2374 2453 2423 2694 τίθεσθαι
2366 2295 2429 2419 τοὺς
2372 2054 2435 2261 λόγους,
2368 1890 2419 2017 ὅταν
2368 1802 2419 1856 δέ
2386 1693 2427 1769 τις

2456 2728 2506 2929 λεπτῶν
2454 2610 2503 2695 ἀπ’
2454 2409 2503 2571 οἴκων
2446 2319 2500 2373 εὖ
2450 2164 2515 2283 λέγῃ
2450 1969 2512 2128 πένης
2450 1789 2514 1938 ἀνήρ,

2538 2749 2601 2929 γελᾶν·
2534 2611 2598 2709 ἐγὼ
2532 2520 2583 2575 δὲ
2531 2240 2589 2485 πολλάκις
2528 1864 2594 2204 σοφωτέρους

2616 2708 2680 2928 πένητας
2613 2476 2674 2674 ἄνδρας
2612 2262 2674 2440 εἰςορῶ
2612 2120 2659 2226 τῶν
2608 1818 2658 2086 πλουσίων

2695 2841 2747 2928 καὶ
2696 2636 2744 2808 θεοῖσι
2690 2445 2755 2602 μικρὰ
2690 2282 2756 2411 χειρὶ
2690 2018 2748 2251 θύοντας
2688 1870 2752 1987 τέλη

2778 2820 2826 2928 τῶν
2772 2366 2839 2784 βουθυτούντων
2773 2176 2829 2332 ὄντας
2766 1735 2835 2140 εὐσεβεστέρους.

2934 2791 2993 2925 ὅςτις
2933 2559 2997 2756 δόμους
2931 2430 2996 2524 μὲν
2930 2220 2998 2397 ἥδεται
2928 1768 2994 2185 πληρουμένους,

3012 2702 3080 2926 γαστρὸς
3013 2624 3063 2669 δ’
3012 2346 3076 2589 άφαιρῶν
3014 2164 3075 2311 σῶμα
3010 1873 3075 2127 δύστηνος
3012 1672 3071 1838 κακοῖ,

3100 2730 3145 2925 τοῦτον
3094 2503 3158 2697 νομίζω
3091 2380 3143 2467 καὶ
3094 2205 3142 2348 θεῶν
3094 2005 3141 2170 συλᾶν
3089 1815 3155 1970 βρέτη

3180 2818 3234 2925 τοῖς
3174 2518 3240 2783 φιλτάτοις
3191 2434 3223 2485 τε
3172 2150 3237 2398 πολέμιον
3168 1811 3234 2116 πεφυκέναι.

3260 2870 3306 3051 Contra
3256 2520 3319 2838 patrocinium
3256 2250 3317 2483 pecuniae
3254 2051 3315 2216 regina
3253 1780 3315 2016 suscipit,
3250 1514 3298 1733 studiose
3249 1388 3296 1479 hoc

3354 2887 3403 3051 agenS,
3352 2792 3383 2852 ne
3335 2570 3381 2757 deliciis
3335 2436 3379 2533 suis
3334 2326 3379 2399 vel
3334 2186 3394 2291 ipsa
3332 2076 3378 2151 vcl
3331 1832 3377 2041 famulae
3331 1525 3393 1797 priventur:

3408 2839 3477 2922 ἆρ’
3407 2642 3471 2798 οἷσθ’,
3411 2521 3461 2605 ὅθ’
3410 2318 3473 2484 οὕνεχ’
3409 2229 3459 2278 οἱ
3408 2103 3473 2196 μἐν
3409 1846 3472 2068 εὐγενεῖς
3409 1589 3470 1811 βροτῶν,

3492 2708 3558 2921 πένητες
3495 2515 3550 2672 ὄντες,
3490 2317 3541 2475 οὐδὲν
3487 1972 3553 2280 έμφαίνουσ’
3486 1848 3547 1933 ἔτι,

3575 2866 3624 2917 οἳ
3574 2786 3623 2831 δ’
3572 2590 3623 2747 οὐδὲν
3566 2421 3637 2557 ἦσαν
3570 2137 3635 2389 πρόσθεν,
3569 1933 3633 2099 ὄλβιοι
3565 1842 3616 1897 δὲ
3571 1689 3626 1808 νῦν,

3654 2754 3715 2915 δόξαν
3652 2471 3718 2721 φέρονται
3656 2342 3702 2437 τοῦ
3651 1987 3715 2305 νομίσματος
3648 1807 3714 1955 χάριν

3733 2829 3785 2918 καὶ
3732 2418 3797 2796 συμπλέκοντες
3731 2182 3796 2383 σπέρμα
3729 2061 3781 2146 καὶ
3729 1823 3794 2027 γάμους
3728 1561 3793 1788 βροτῶν;

3814 2729 3865 2918 δοῦναι
3813 2640 3864 2693 δὲ
3816 2408 3878 2605 μᾶλλον
3812 2136 3878 2373 πλουσίῳ
3816 2002 3869 2101 πᾶς
3828 1895 3869 1969 τις
3810 1719 3879 1861 κακῷ

3894 2643 3960 2921 πρόθυμός
3891 2457 3958 2610 ἐστιν,
3894 2390 3959 2422 ἢ
3894 2172 3959 2353 πένητι
3891 1904 3956 2139 κάγαθῷ,

3971 2102 3988 2124 71

3976 2758 4034 2915 κακὸς
3975 2680 4025 2722 δ’
3974 2616 4024 2644 ὁ
3974 2512 4041 2581 μὴ
3978 2337 4042 2476 ’χων,
3974 2245 4024 2299 οἱ
3974 2164 4023 2209 δ’
3988 1927 4038 2127 εχοντες
3970 1705 4034 1887 ὄλβιοι.

4169 2928 4222 2971 *)
4170 2731 4225 2899 Vulgo:
4167 2527 4211 2698 animi
4190 2444 4198 2499 -
4170 2261 4209 2415 lavere
4166 2001 4208 2231 nemini.

4238 2928 4293 2997 **)
4239 2719 4295 2899 Fragm.
4239 2602 4279 2687 inc.
4235 2503 4279 2571 64.
