5010 3336
1613 3298 1641 3324 ,ᾖς
1602 3249 1648 3274 de

2146 3250 2194 3314 dms

2323 3258 2353 3319 ‘200-

2723 3246 2769 3283 [ΠΟ

3286 3256 3296 3330 ,,,,,

3342 3164 3434 3172 .—r
3451 3162 3466 3167 -n
3481 3163 3511 3170 a..

1140 2175 1196 2292 349

1285 2807 1349 2929 τοὺς
1288 2676 1353 2774 γὰρ
1280 2363 1350 2641 περισσοὺς
1284 2244 1335 2328 καί
1300 2163 1331 2211 τι
1280 1802 1342 2130 πράσσοντας
1276 1613 1327 1770 πλέον

1373 2702 1434 2926 τιμῶμεν
1367 2472 1427 2668 ἄνδρας
1368 2398 1413 2439 τ’
1363 2305 1413 2359 ἐν
1362 2131 1412 2273 πόλει
1359 1771 1422 2096 νομίζομενΡ

1450 2966 1515 3056 ὑφ’
1452 2856 1515 2916 ής
1446 2522 1543 2823 φιλοτιμίας
1444 2329 1508 2467 κάγὼ
1441 1990 1505 2285 προάγομαι
1441 1776 1487 1948 πλεῖστ
1455 1741 1485 1801 τα
1435 1424 1499 1694 πράγματα

1529 2924 1595 3054 ἔχειν
1527 2808 1578 2892 καὶ
1530 2682 1592 2772 ζῆν
1523 2391 1582 2646 ἐπιπόνως
1524 2241 1585 2358 παρ’
1520 1928 1577 2205 ὁντινοῦν
1516 1817 1565 1894 άεί
1533 1670 1565 1785 τινα
1514 1424 1578 1643 προςδεο

1611 2839 1675 3054 χόμενος
1606 2620 1656 2804 καινὸν
1604 2317 1661 2585 κίνδυνον,

1687 2758 1749 2928 ,,όκνῶ
1683 2669 1734 2721 δὲ
1685 2421 1749 2634 μόχθων
1683 2284 1730 2389 τῶν
1694 2130 1742 2252 πριν
1674 1930 1741 2094 ἐκχέαι
1674 1785 1739 1898 χάρι
1690 1750 1723 1799 ιν

1766 2839 1817 2926 καὶ
1760 2683 1823 2804 τοὺς
1764 2390 1826 2650 παρόντας
1760 2256 1809 2353 οὐκ
1758 1904 1819 2223 ἀπωθοῦμαι
1754 1771 1803 1871 πόν
1753 1626 1811 1802 νους.”

1850 2952 1896 3054 νῦν
1841 2810 1895 2907 οὖν
1842 2632 1895 2761 κατὰ
1841 2403 1904 2587 πρᾶξιν
1840 2219 1889 2358 πάνυ
1834 2031 1885 2175 ἐπισ
1853 1976 1898 2014 φ
1853 1927 1883 1958 α
1837 1884 1883 1912 λ
1838 1838 1899 1869 ἡ
1832 1698 1883 1785 καὶ
1828 1417 1895 1642 χαλεπὴν

1925 2878 1987 3052 δεῦρ’
1923 2541 1989 2842 ἐλήλυθα
1920 2411 1979 2504 είς
1922 2072 1985 2377 Λῆμνον,
1915 1895 1973 2035 ὅπως
1913 1535 1977 1856 Φιλοκτήτην
1908 1416 1959 1502 καὶ

2003 2991 2054 3053 τὰ
1998 2552 2066 2954 ἹΙρακλέους
2000 2353 2062 2510 τόξα
1996 2061 2062 2318 κομίζοιμι
1998 1918 2053 2026 τοῖς
1992 1482 2058 1882 συμμάχοις·
1989 1415 2039 1444 ὁ

2083 2927 2148 3053 γὰρ
2102 2868 2146 2901 μ
2082 2433 2132 2848 αντικώτατο
2098 2388 2138 2411 ς
2070 1800 2141 2356 Φρυγῶν”Ἐλενος
2073 1744 2123 1771 ὁ
2071 1415 2134 1718 Πριάμου

2164 2674 2228 3053 κατεμήνυσεν,
2158 2556 2220 2613 ὃς
2156 2323 2225 2499 ἔτυχεν
2156 1939 2222 2259 αἰχμάλωτος
2152 1665 2217 1883 ληφθείς
2189 1636 2209 1647 ,
2153 1414 2200 1574 ἄνευ

2244 2793 2293 3053 τούτων
2241 2529 2306 2758 μήποτ’
2257 2414 2289 2491 αν
2238 2184 2287 2380 άλῶναι
2234 2062 2301 2157 τὴν
2234 1835 2284 2030 πόλιν
2234 1741 2293 1813 *).
2230 1526 2293 1670 Πρὸς
2230 1410 2293 1505 μὲν

2321 2986 2388 3051 δὴ
2316 2840 2380 2963 τοὺς
2320 2585 2386 2821 βασιλέας
2320 2457 2384 2550 οὐχ
2317 2126 2383 2433 ὡμολόγησα
2313 2004 2379 2099 τὴν
2314 1779 2377 1979 πρᾶξιν
2310 1410 2373 1743 ἐπιστάμενος

2402 2957 2467 3051 τὴν
2406 2828 2451 2923 τοῦ
2401 2599 2464 2790 ἀνδρὸς
2398 2354 2464 2565 ἔχθραν
2398 2276 2463 2315 ᾡ
2414 2198 2461 2253 γε
2394 2007 2453 2162 αὐτὸς
2393 1808 2451 1971 αἴτιος
2389 1535 2456 1784 ἐγενόμην
2408 1410 2440 1502 κα-

2484 2690 2547 3049 ταλειφθῆναι,
2478 2571 2529 2652 ὅτε
2477 2297 2543 2544 δηχθεὶς’
2494 2137 2541 2311 ετυχεν
2475 2001 2524 2104 υπὸ
2476 1762 2539 1981 χαλεπῆς
2470 1659 2522 1746 καὶ
2470 1409 2520 1624 άνιάτου

2560 2846 2626 3047 ἐχίδνης
2564 2727 2623 2819 ⁶⁵⁹⁵).
2559 2554 2609 2686 Οὐκ
2558 2449 2607 2525 ἂν
2552 2305 2607 2421 οὖν
2553 1996 2621 2280 ᾡμηνούδὲ
2553 1757 2603 1971 πειθὼ
2551 1408 2614 1734 τοιαύτην

2640 2740 2705 3047 ἐξευρεῖν
2676 2708 2697 2720 ,
2638 2572 2703 2673 ὑφ’
2629 2463 2703 2536 ἧς
2640 2363 2687 2429 ἄν
2653 2212 2686 2333 ποτε
2634 1912 2691 2175 ἐκεινος
2630 1765 2695 1877 ἐμοὶ
2632 1554 2695 1732 πράως
2627 1407 2693 1527 ἔχοι,

2721 2940 2771 3047 ἀλλ’
2713 2739 2778 2901 εὐθὺς
2718 2320 2769 2705 άποθανεῖσθαι
2718 2139 2781 2284 ὼμην
2714 2024 2763 2106 ὑπ’
2713 1806 2762 1985 αὐτοῦ
2706 1511 2774 1762 Γ’Τστερον
2707 1405 2771 1477 δέ,

2804 2957 2867 3048 τῆς
2794 2706 2862 2930 Ἀθηνᾶς
2816 2586 2862 2675 μοι
2793 2036 2861 2552 παρακελευσαμένης
2795 1882 2843 2003 καθ’
2791 1777 2840 1848 ὕπ
2807 1618 2849 1812 πνους,
2786 1406 2853 1569 ὥςπερ

2881 2866 2941 3046 εἴωθε,
2876 2503 2942 2812 θαρροῦντα
2874 2376 2926 2457 ἐπὶ
2876 2240 2925 2331 τὸν
2874 2024 2935 2193 ἄνδρα
2870 1858 2921 1988 ἰέναι
2900 1761 2905 1825 -
2868 1562 2934 1724 αὐτὴ
2888 1496 2933 1527 γ
2868 1405 2931 1479 ὰρ

2959 2730 3021 3046 ἀλλάξειν
2975 2580 3022 2684 μου
2955 2476 3007 2533 τὸ
2951 2288 3014 2426 εἶδος
2952 2155 3003 2240 καὶ
2951 2026 3017 2121 τὴν
2950 1778 3016 1991 φωνήν,
2947 1620 3008 1740 ὥςτε
2952 1402 2998 1587 λαθεῖν

3042 2907 3105 3045 αὐτῷ
3038 2475 3103 2851 ξυγγενόμενον
3065 2370 3072 2430 --
3032 2158 3093 2323 οὕτως
3032 2037 3098 2099 δὴ
3032 1752 3095 1978 άφῖγμαι
3027 1401 3093 1694 θαρρήσας.

3120 2579 3182 3042 Πυνθάνομαι
3112 2301 3166 2520 δὲκαὶ
3112 2112 3176 2255 παρὰ
3112 1772 3175 2058 Φρυγῶν
3107 1400 3173 1714 πρέσβεις

3200 2728 3250 3044 ἀπεστάλθαι
3196 2441 3259 2695 κρύφα
3194 2291 3244 2405 ἐάν
3210 2128 3251 2257 πως
3192 1732 3241 2077 δύνωνται
3188 1598 3238 1690 τὸν
3190 1401 3237 1555 Φιλο-

3280 2848 3345 3040 κτήτην
3276 2461 3330 2813 πείσαντες
3272 2387 3321 2415 δ
3273 2166 3335 2367 ώροις
3270 2013 3333 2119 άμα
3268 1892 3319 1979 καὶ
3268 1772 3319 1857 διὰ
3265 1644 3362 1739 την
3264 1400 3331 1595 ἔχθραν

3358 2945 3424 3040 τὴν
3357 2780 3421 2911 πρὸς
3356 2614 3421 2747 ημᾶς
3352 2300 3415 2580 άναλαβεῖν
3351 2188 3409 2257 εἰς
3349 2052 3414 2147 τὴν
3350 1867 3399 2018 πόλιν
3367 1762 3397 1837 αυ
3346 1637 3396 1791 ὐτόν
3364 1542 3394 1603 τε
3344 1399 3395 1507 καὶ

3456 3013 3488 3040 τ
3438 2965 3488 2997 ὰ
3438 2776 3497 2939 τόξα.
3432 2526 3483 2729 Τούτου
3435 2405 3481 2500 οῦν
3429 2046 3495 2386 προκειμένου
3432 1847 3478 2017 ἄθλου
3444 1786 3477 1822 π
3429 1732 3475 1770 ὤ
3444 1690 3485 1714 ς
3444 1638 3475 1664 ο
3426 1591 3474 1623 ύ
3426 1398 3474 1566 πάντα

3517 2760 3582 3031 γίγνεσθαι
3532 2699 3578 2727 χ
3532 2656 3576 2683 ρ
3512 2610 3577 2640 ὴ
3515 2542 3561 2574 ά
3530 2498 3561 2528 ν
3512 2456 3561 2483 δ’
3531 2411 3575 2438 ρ
3530 2363 3559 2394 α
3528 2291 3560 2327 π
3530 2247 3574 2274 ρ
3511 2205 3560 2231 6
3514 2156 3559 2193 θ
3528 2108 3558 2141 υ
3527 2055 3573 2089 μ
3527 2014 3558 2040 ο
3527 1968 3558 2000 ν
3549 1940 3570 1953 ,
3506 1835 3566 1903 ὡς
3504 1398 3570 1800 διαμαρτάνοντι

3601 2947 3662 3038 τῆς
3595 2694 3659 2923 πράξεως
3592 2484 3656 2670 ταύτης
3592 2366 3640 2449 πά
3609 2235 3640 2349 ντα
3608 2175 3639 2201 τ
3588 2126 3639 2157 ὰ
3588 1836 3653 2091 πρότερον
3583 1398 3651 1793 εἰργασμένα

3695 3002 3741 3038 μ
3677 2915 3727 2987 άτ
3694 2823 3741 2900 ην
3676 2463 3739 2790 πεπονῆσθαι
3668 2283 3721 2429 ἐόικε.

3871 2930 3923 2981 *)
3869 2726 3911 2902 Valck.:

3934 2530 3992 2794 ‘Hganzs'ovg
3950 2456 3977 2502 τε
3931 2318 3985 2427 τόξα
3936 2173 3974 2288 τοῖσι
3930 1898 3986 2144 συμμάχοις

4004 2596 4062 2793 φέροιμ’·
4003 2541 4048 2562 ὁ
4004 2427 4060 2511 γὰρ
4002 2342 4058 2395 δὴ
3999 1978 4057 2313 μαντικώτατος
4001 1764 4056 1947 Φρυγῶν

4140 2683 4187 2793 ἄνευ
4159 2606 4197 2653 γε
4142 2400 4185 2575 τούτων
4137 2208 4196 2370 μήποτ’
4136 2118 4181 2174 ιῗν
4137 1930 4194 2091 πέρσαι
4139 1756 4182 1903 πόλιν.

4214 2927 4267 3005 *ἢ
4214 2795 4255 2898 Attii
4215 2606 4268 2767 fragm.
4212 2498 4253 2575 20:
4215 2090 4264 2458 „Dracontem
4210 1922 4251 2062 Attius
4211 1849 4252 1891 in
4207 1550 4261 1819 Philocteta,
4207 1395 4261 1509 quod

4284 2752 4337 2900 utique
4283 2614 4326 2731 venit
4297 2567 4325 2593 a
4284 2366 4325 2538 nomine
4282 2279 4323 2335 hi
4297 2242 4321 2263 c
4282 2046 4321 2212 draco
4280 1960 4320 2029 n.⁷'
