<?xml version="1.0" encoding="UTF-8"?>
<!DOCTYPE html PUBLIC "-//W3C//DTD XHTML 1.0 Transitional//EN"
    "http://www.w3.org/TR/xhtml1/DTD/xhtml1-transitional.dtd">
<html xmlns="http://www.w3.org/1999/xhtml" xml:lang="en" lang="en">
 <head>
  <title>
</title>
<meta http-equiv="Content-Type" content="text/html;charset=utf-8" />
  <meta name='ocr-system' content='tesseract 3.04.00' />
  <meta name='ocr-capabilities' content='ocr_page ocr_carea ocr_par ocr_line ocrx_word'/>
</head>
<body>
  <div class='ocr_page' id='page_1' title='image "./euripidesrestitu00hartuoft_raw_0393.png"; bbox 0 0 5010 3336; ppageno 0'>
   <div class='ocr_carea' id='block_1_1' title="bbox 4 3336 3336 3336">
    <p class='ocr_par' dir='ltr' id='par_1_1' title="bbox 4 3336 3336 3336">
     <span class='ocr_line' id='line_1_1' title="bbox 4 3336 3336 3336; textangle 90"><span class='ocrx_word' id='word_1_1' title='bbox 4 3336 3336 3336; x_wconf 95' lang='lat' dir='ltr'><strong>  </strong></span> <span class='ocrx_word' id='word_1_2' title='bbox 4 3336 1114 3336; x_wconf 95' lang='lat' dir='ltr'><strong> </strong></span> 
     </span>
     <span class='ocr_line' id='line_1_2' title="bbox 4 3336 3336 3336; textangle 90"><span class='ocrx_word' id='word_1_3' title='bbox 4 3336 3336 3336; x_wconf 95' lang='lat' dir='ltr'><strong>                                        </strong></span> 
     </span>
    </p>
   </div>
   <div class='ocr_carea' id='block_1_2' title="bbox 1605 3168 2254 3181">
    <p class='ocr_par' dir='ltr' id='par_1_2' title="bbox 1605 3168 2254 3181">
     <span class='ocr_line' id='line_1_3' title="bbox 1605 3168 2254 3181; baseline -0.011 0"><span class='ocrx_word' id='word_1_4' title='bbox 1605 3169 1985 3181; x_wconf 34' lang='lat' dir='ltr'><strong>,ssss-Qs-‘ss-‚Tss</strong></span> <span class='ocrx_word' id='word_1_5' title='bbox 1994 3169 2016 3177; x_wconf 49' lang='lat' dir='ltr'><em>s</em></span> <span class='ocrx_word' id='word_1_6' title='bbox 2028 3168 2130 3179; x_wconf 28' lang='grc' dir='ltr'><strong>’ᾲῑῑχψ</strong></span> <span class='ocrx_word' id='word_1_7' title='bbox 2193 3174 2254 3179; x_wconf 31' lang='grc' dir='ltr'><strong>,μ’</strong></span> 
     </span>
    </p>
   </div>
   <div class='ocr_carea' id='block_1_3' title="bbox 1852 3164 2894 3171">
    <p class='ocr_par' dir='ltr' id='par_1_3' title="bbox 1852 3164 2894 3171">
     <span class='ocr_line' id='line_1_4' title="bbox 1852 3164 2894 3171; textangle 90"><span class='ocrx_word' id='word_1_8' title='bbox 1852 3164 2894 3171; x_wconf 95' lang='lat' dir='ltr'><strong> </strong></span> 
     </span>
    </p>
   </div>
   <div class='ocr_carea' id='block_1_4' title="bbox 1287 3328 3993 3336">
    <p class='ocr_par' dir='ltr' id='par_1_4' title="bbox 1287 3328 3993 3336">
     <span class='ocr_line' id='line_1_5' title="bbox 1287 3328 3993 3336; textangle 90"><span class='ocrx_word' id='word_1_9' title='bbox 1287 3328 3993 3336; x_wconf 95' lang='lat' dir='ltr'><strong> </strong></span> 
     </span>
    </p>
   </div>
   <div class='ocr_carea' id='block_1_5' title="bbox 1946 3329 3993 3336">
    <p class='ocr_par' dir='ltr' id='par_1_5' title="bbox 1946 3329 3993 3336">
     <span class='ocr_line' id='line_1_6' title="bbox 1946 3329 3993 3336; textangle 90"><span class='ocrx_word' id='word_1_10' title='bbox 1946 3329 3993 3336; x_wconf 95' lang='lat' dir='ltr'><strong> </strong></span> 
     </span>
    </p>
   </div>
   <div class='ocr_carea' id='block_1_6' title="bbox 1354 2091 1422 2222">
    <p class='ocr_par' dir='ltr' id='par_1_6' title="bbox 1354 2091 1422 2222">
     <span class='ocr_line' id='line_1_7' title="bbox 1354 2091 1422 2222; textangle 90"><span class='ocrx_word' id='word_1_11' title='bbox 1354 2091 1422 2222; x_wconf 89' lang='grc' dir='ltr'><strong>ΙΧ.</strong></span> 
     </span>
    </p>
   </div>
   <div class='ocr_carea' id='block_1_7' title="bbox 1467 1317 1775 2976">
    <p class='ocr_par' dir='ltr' id='par_1_7' title="bbox 1467 1317 1775 2976">
     <span class='ocr_line' id='line_1_8' title="bbox 1467 1317 1560 2976; textangle 90"><span class='ocrx_word' id='word_1_12' title='bbox 1488 2737 1557 2976; x_wconf 87' lang='lat' dir='ltr'><strong>Duce</strong></span> <span class='ocrx_word' id='word_1_13' title='bbox 1473 2147 1549 2675; x_wconf 81' lang='lat' dir='ltr'><strong>Aristotele</strong></span> <span class='ocrx_word' id='word_1_14' title='bbox 1477 1823 1560 2081; x_wconf 84' lang='lat' dir='ltr'><strong>atque</strong></span> <span class='ocrx_word' id='word_1_15' title='bbox 1467 1317 1559 1762; x_wconf 81' lang='lat' dir='ltr'><strong>Dionysio</strong></span> 
     </span>
     <span class='ocr_line' id='line_1_9' title="bbox 1573 1496 1678 2795; textangle 90"><span class='ocrx_word' id='word_1_16' title='bbox 1583 2286 1678 2795; x_wconf 82' lang='lat' dir='ltr'><strong>Euripides</strong></span> <span class='ocrx_word' id='word_1_17' title='bbox 1600 2025 1645 2209; x_wconf 92' lang='lat' dir='ltr'><strong>cum</strong></span> <span class='ocrx_word' id='word_1_18' title='bbox 1573 1496 1665 1960; x_wconf 81' lang='lat' dir='ltr'><strong>Sophocle</strong></span> 
     </span>
     <span class='ocr_line' id='line_1_10' title="bbox 1686 1836 1775 2428; textangle 90"><span class='ocrx_word' id='word_1_19' title='bbox 1686 1836 1775 2428; x_wconf 82' lang='lat' dir='ltr'><strong>comparatur.</strong></span> 
     </span>
    </p>
   </div>
   <div class='ocr_carea' id='block_1_8' title="bbox 1894 1311 2214 2977">
    <p class='ocr_par' dir='ltr' id='par_1_8' title="bbox 1894 1311 2214 2977">
     <span class='ocr_line' id='line_1_11' title="bbox 1894 1314 1963 2840; textangle 90"><span class='ocrx_word' id='word_1_20' title='bbox 1911 2554 1963 2840; x_wconf 88' lang='lat' dir='ltr'><strong>Aristoteles</strong></span> <span class='ocrx_word' id='word_1_21' title='bbox 1907 2384 1955 2518; x_wconf 86' lang='lat' dir='ltr'><strong>Poet.</strong></span> <span class='ocrx_word' id='word_1_22' title='bbox 1906 2271 1953 2348; x_wconf 80' lang='lat'><strong>25.</strong></span> <span class='ocrx_word' id='word_1_23' title='bbox 1909 2122 1950 2222; x_wconf 82' lang='lat' dir='ltr'><strong>tres</strong></span> <span class='ocrx_word' id='word_1_24' title='bbox 1901 1927 1948 2074; x_wconf 87' lang='lat' dir='ltr'><strong>docet</strong></span> <span class='ocrx_word' id='word_1_25' title='bbox 1913 1764 1946 1874; x_wconf 88' lang='lat' dir='ltr'><strong>esse</strong></span> <span class='ocrx_word' id='word_1_26' title='bbox 1896 1508 1945 1730; x_wconf 87' lang='lat' dir='ltr'><strong>imitandi</strong></span> <span class='ocrx_word' id='word_1_27' title='bbox 1894 1314 1943 1463; x_wconf 88' lang='lat' dir='ltr'><strong>ratio-</strong></span> 
     </span>
     <span class='ocr_line' id='line_1_12' title="bbox 1978 1312 2047 2976; textangle 90"><span class='ocrx_word' id='word_1_28' title='bbox 2010 2860 2044 2976; x_wconf 86' lang='lat' dir='ltr'><strong>nes:</strong></span> <span class='ocrx_word' id='word_1_29' title='bbox 1999 2741 2041 2825; x_wconf 85' lang='lat' dir='ltr'><strong>aut</strong></span> <span class='ocrx_word' id='word_1_30' title='bbox 1992 2582 2039 2707; x_wconf 91' lang='lat' dir='ltr'><strong>enim</strong></span> <span class='ocrx_word' id='word_1_31' title='bbox 1988 2408 2043 2545; x_wconf 88' lang='lat' dir='ltr'><strong>tales,</strong></span> <span class='ocrx_word' id='word_1_32' title='bbox 1983 2190 2047 2355; x_wconf 88' lang='lat' dir='ltr'><strong>quales</strong></span> <span class='ocrx_word' id='word_1_33' title='bbox 1995 1986 2027 2155; x_wconf 70' lang='lat' dir='ltr'><strong>revera</strong></span> <span class='ocrx_word' id='word_1_34' title='bbox 1978 1853 2025 1950; x_wconf 88' lang='lat' dir='ltr'><strong>sint</strong></span> <span class='ocrx_word' id='word_1_35' title='bbox 1978 1743 2025 1819; x_wconf 86' lang='lat' dir='ltr'><strong>vel</strong></span> <span class='ocrx_word' id='word_1_36' title='bbox 1978 1511 2035 1706; x_wconf 74' lang='lat' dir='ltr'><strong>fuerint,</strong></span> <span class='ocrx_word' id='word_1_37' title='bbox 1989 1312 2021 1474; x_wconf 84' lang='lat' dir='ltr'><strong>mores</strong></span> 
     </span>
     <span class='ocr_line' id='line_1_13' title="bbox 2054 1312 2137 2976; textangle 90"><span class='ocrx_word' id='word_1_38' title='bbox 2080 2828 2137 2976; x_wconf 85' lang='lat' dir='ltr'><strong>atque</strong></span> <span class='ocrx_word' id='word_1_39' title='bbox 2071 2610 2133 2795; x_wconf 81' lang='lat' dir='ltr'><strong>ingenia</strong></span> <span class='ocrx_word' id='word_1_40' title='bbox 2080 2260 2130 2577; x_wconf 86' lang='lat' dir='ltr'><strong>personarum</strong></span> <span class='ocrx_word' id='word_1_41' title='bbox 2059 1992 2123 2223; x_wconf 84' lang='lat' dir='ltr'><strong>exprimi,</strong></span> <span class='ocrx_word' id='word_1_42' title='bbox 2063 1861 2104 1942; x_wconf 89' lang='lat' dir='ltr'><strong>aut</strong></span> <span class='ocrx_word' id='word_1_43' title='bbox 2057 1660 2120 1826; x_wconf 88' lang='lat' dir='ltr'><strong>quales</strong></span> <span class='ocrx_word' id='word_1_44' title='bbox 2071 1511 2102 1622; x_wconf 88' lang='lat' dir='ltr'><strong>esse</strong></span> <span class='ocrx_word' id='word_1_45' title='bbox 2054 1312 2100 1475; x_wconf 80' lang='lat' dir='ltr'><strong>dican-</strong></span> 
     </span>
     <span class='ocr_line' id='line_1_14' title="bbox 2125 1311 2214 2977; textangle 90"><span class='ocrx_word' id='word_1_46' title='bbox 2160 2895 2202 2977; x_wconf 88' lang='lat' dir='ltr'><strong>tur</strong></span> <span class='ocrx_word' id='word_1_47' title='bbox 2157 2493 2214 2848; x_wconf 79' lang='lat' dir='ltr'><strong>putemurque,</strong></span> <span class='ocrx_word' id='word_1_48' title='bbox 2150 2347 2192 2431; x_wconf 91' lang='lat' dir='ltr'><strong>aut</strong></span> <span class='ocrx_word' id='word_1_49' title='bbox 2141 2135 2205 2300; x_wconf 82' lang='lat' dir='ltr'><strong>quales</strong></span> <span class='ocrx_word' id='word_1_50' title='bbox 2153 1980 2185 2090; x_wconf 91' lang='lat' dir='ltr'><strong>esse</strong></span> <span class='ocrx_word' id='word_1_51' title='bbox 2138 1721 2184 1933; x_wconf 91' lang='lat' dir='ltr'><strong>debeant</strong></span> <span class='ocrx_word' id='word_1_52' title='bbox 2132 1612 2198 1665; x_wconf 91' lang='lat'><strong>(3}</strong></span> <span class='ocrx_word' id='word_1_53' title='bbox 2126 1490 2183 1574; x_wconf 80' lang='grc' dir='ltr'><em>οἷοι</em></span> <span class='ocrx_word' id='word_1_54' title='bbox 2125 1378 2197 1445; x_wconf 82' lang='grc' dir='ltr'><strong>ἧν</strong></span> <span class='ocrx_word' id='word_1_55' title='bbox 2129 1311 2196 1344; x_wconf 79' lang='grc' dir='ltr'>ἢ</span> 
     </span>
    </p>
   </div>
   <div class='ocr_carea' id='block_1_9' title="bbox 2215 2040 2233 2065">
    <p class='ocr_par' dir='ltr' id='par_1_9' title="bbox 2215 2040 2233 2065">
     <span class='ocr_line' id='line_1_15' title="bbox 2215 2040 2233 2065; textangle 90"><span class='ocrx_word' id='word_1_56' title='bbox 2215 2040 2233 2065; x_wconf 68' lang='grc' dir='ltr'>Ἃ</span> 
     </span>
    </p>
   </div>
   <div class='ocr_carea' id='block_1_10' title="bbox 2208 1307 2687 2978">
    <p class='ocr_par' dir='ltr' id='par_1_10' title="bbox 2208 1307 2687 2978">
     <span class='ocr_line' id='line_1_16' title="bbox 2208 1312 2294 2977; textangle 90"><span class='ocrx_word' id='word_1_57' title='bbox 2228 2808 2289 2977; x_wconf 77' lang='grc' dir='ltr'><em>ἔστιν,</em></span> <span class='ocrx_word' id='word_1_58' title='bbox 2228 2726 2294 2758; x_wconf 80' lang='lat'><strong>3}</strong></span> <span class='ocrx_word' id='word_1_59' title='bbox 2223 2602 2279 2687; x_wconf 82' lang='grc' dir='ltr'><em>οἷοι</em></span> <span class='ocrx_word' id='word_1_60' title='bbox 2222 2438 2288 2567; x_wconf 82' lang='grc' dir='ltr'>φασὶ</span> <span class='ocrx_word' id='word_1_61' title='bbox 2220 2318 2273 2405; x_wconf 80' lang='grc' dir='ltr'><strong>καὶ</strong></span> <span class='ocrx_word' id='word_1_62' title='bbox 2220 2118 2277 2283; x_wconf 85' lang='grc' dir='ltr'><em>δοκεῖ,</em></span> <span class='ocrx_word' id='word_1_63' title='bbox 2235 2038 2281 2071; x_wconf 80' lang='grc' dir='ltr'>η</span> <span class='ocrx_word' id='word_1_64' title='bbox 2208 1916 2264 2000; x_wconf 82' lang='grc' dir='ltr'><strong>οἷα</strong></span> <span class='ocrx_word' id='word_1_65' title='bbox 2210 1745 2264 1879; x_wconf 75' lang='grc' dir='ltr'><em>εἶναι</em></span> <span class='ocrx_word' id='word_1_66' title='bbox 2214 1593 2277 1709; x_wconf 73' lang='grc' dir='ltr'><em>δεῖ).</em></span> <span class='ocrx_word' id='word_1_67' title='bbox 2214 1312 2261 1526; x_wconf 86' lang='lat' dir='ltr'><strong>Primum</strong></span> 
     </span>
     <span class='ocr_line' id='line_1_17' title="bbox 2294 1310 2371 2978; textangle 90"><span class='ocrx_word' id='word_1_68' title='bbox 2311 2702 2361 2978; x_wconf 83' lang='lat' dir='ltr'><strong>imitationis</strong></span> <span class='ocrx_word' id='word_1_69' title='bbox 2322 2491 2371 2645; x_wconf 80' lang='lat' dir='ltr'><strong>genus</strong></span> <span class='ocrx_word' id='word_1_70' title='bbox 2305 2098 2352 2443; x_wconf 88' lang='lat' dir='ltr'><strong>veritatem</strong></span> <span class='ocrx_word' id='word_1_71' title='bbox 2295 1801 2361 2046; x_wconf 72' lang='grc' dir='ltr'><strong>(τάληθῆ)</strong></span> <span class='ocrx_word' id='word_1_72' title='bbox 2295 1583 2358 1749; x_wconf 81' lang='lat' dir='ltr'><strong>sequi,</strong></span> <span class='ocrx_word' id='word_1_73' title='bbox 2294 1310 2340 1515; x_wconf 89' lang='lat' dir='ltr'><strong>alterum</strong></span> 
     </span>
     <span class='ocr_line' id='line_1_18' title="bbox 2372 1310 2455 2975; textangle 90"><span class='ocrx_word' id='word_1_74' title='bbox 2391 2565 2455 2975; x_wconf 87' lang='lat' dir='ltr'><strong>opinionem,</strong></span> <span class='ocrx_word' id='word_1_75' title='bbox 2386 2316 2433 2514; x_wconf 87' lang='lat' dir='ltr'><strong>tertium</strong></span> <span class='ocrx_word' id='word_1_76' title='bbox 2379 1982 2443 2267; x_wconf 87' lang='lat' dir='ltr'><strong>speciem</strong></span> <span class='ocrx_word' id='word_1_77' title='bbox 2377 1706 2441 1943; x_wconf 85' lang='lat' dir='ltr'><strong>quandam</strong></span> <span class='ocrx_word' id='word_1_78' title='bbox 2372 1500 2436 1665; x_wconf 80' lang='lat' dir='ltr'><strong>(quam</strong></span> <span class='ocrx_word' id='word_1_79' title='bbox 2372 1310 2418 1466; x_wconf 85' lang='lat' dir='ltr'><strong>animo</strong></span> 
     </span>
     <span class='ocr_line' id='line_1_19' title="bbox 2450 1310 2532 2977; textangle 90"><span class='ocrx_word' id='word_1_80' title='bbox 2467 2716 2532 2977; x_wconf 78' lang='lat' dir='ltr'><strong>fingamus)</strong></span> <span class='ocrx_word' id='word_1_81' title='bbox 2466 2363 2514 2682; x_wconf 88' lang='lat' dir='ltr'><strong>meliorem</strong></span> <span class='ocrx_word' id='word_1_82' title='bbox 2458 2240 2518 2325; x_wconf 74' lang='grc' dir='ltr'><strong>(τὰ</strong></span> <span class='ocrx_word' id='word_1_83' title='bbox 2455 1931 2521 2211; x_wconf 77' lang='grc' dir='ltr'><em>βελτίονα).</em></span> <span class='ocrx_word' id='word_1_84' title='bbox 2456 1815 2503 1879; x_wconf 78' lang='lat' dir='ltr'><strong>Et</strong></span> <span class='ocrx_word' id='word_1_85' title='bbox 2454 1517 2517 1788; x_wconf 88' lang='lat' dir='ltr'><strong>opinionem</strong></span> <span class='ocrx_word' id='word_1_86' title='bbox 2450 1310 2510 1485; x_wconf 82' lang='lat' dir='ltr'><strong>(Glau-</strong></span> 
     </span>
     <span class='ocr_line' id='line_1_20' title="bbox 2528 1307 2605 2976; textangle 90"><span class='ocrx_word' id='word_1_87' title='bbox 2551 2882 2598 2976; x_wconf 87' lang='lat' dir='ltr'><strong>ben</strong></span> <span class='ocrx_word' id='word_1_88' title='bbox 2547 2750 2595 2847; x_wconf 90' lang='lat' dir='ltr'><strong>und</strong></span> <span class='ocrx_word' id='word_1_89' title='bbox 2545 2436 2599 2714; x_wconf 68' lang='lat' dir='ltr'><strong>&#39;l‘radition)</strong></span> <span class='ocrx_word' id='word_1_90' title='bbox 2543 2189 2605 2384; x_wconf 86' lang='lat' dir='ltr'><strong>quidem</strong></span> <span class='ocrx_word' id='word_1_91' title='bbox 2544 2019 2586 2152; x_wconf 87' lang='lat' dir='ltr'><strong>recte</strong></span> <span class='ocrx_word' id='word_1_92' title='bbox 2551 1818 2584 1982; x_wconf 86' lang='lat' dir='ltr'><strong>omnes</strong></span> <span class='ocrx_word' id='word_1_93' title='bbox 2533 1634 2594 1773; x_wconf 88' lang='lat' dir='ltr'><strong>sequi</strong></span> <span class='ocrx_word' id='word_1_94' title='bbox 2530 1390 2578 1600; x_wconf 81' lang='lat' dir='ltr'><strong>ostendit</strong></span> <span class='ocrx_word' id='word_1_95' title='bbox 2528 1307 2576 1357; x_wconf 89' lang='lat' dir='ltr'><strong>in</strong></span> 
     </span>
     <span class='ocr_line' id='line_1_21' title="bbox 2608 1307 2687 2974; textangle 90"><span class='ocrx_word' id='word_1_96' title='bbox 2626 2727 2676 2974; x_wconf 83' lang='lat' dir='ltr'><strong>imitandis</strong></span> <span class='ocrx_word' id='word_1_97' title='bbox 2626 2489 2672 2692; x_wconf 87' lang='lat' dir='ltr'><strong>deorum</strong></span> <span class='ocrx_word' id='word_1_98' title='bbox 2622 2198 2687 2451; x_wconf 71' lang='lat' dir='ltr'><strong>personiS,</strong></span> <span class='ocrx_word' id='word_1_99' title='bbox 2634 2001 2681 2145; x_wconf 90' lang='lat' dir='ltr'><strong>quum</strong></span> <span class='ocrx_word' id='word_1_100' title='bbox 2617 1905 2663 1963; x_wconf 87' lang='lat' dir='ltr'><strong>ad</strong></span> <span class='ocrx_word' id='word_1_101' title='bbox 2614 1623 2661 1869; x_wconf 84' lang='lat' dir='ltr'><strong>hominum</strong></span> <span class='ocrx_word' id='word_1_102' title='bbox 2608 1307 2657 1587; x_wconf 84' lang='lat' dir='ltr'><strong>similitudi-</strong></span> 
     </span>
    </p>
   </div>
   <div class='ocr_carea' id='block_1_11' title="bbox 2692 1298 3798 2975">
    <p class='ocr_par' dir='ltr' id='par_1_11' title="bbox 2692 1298 3798 2975">
     <span class='ocr_line' id='line_1_22' title="bbox 2692 1307 2768 2975; textangle 90"><span class='ocrx_word' id='word_1_103' title='bbox 2724 2864 2756 2975; x_wconf 86' lang='lat' dir='ltr'><strong>nem</strong></span> <span class='ocrx_word' id='word_1_104' title='bbox 2705 2636 2768 2827; x_wconf 83' lang='lat' dir='ltr'><strong>ingenia</strong></span> <span class='ocrx_word' id='word_1_105' title='bbox 2720 2439 2751 2605; x_wconf 88' lang='lat' dir='ltr'><strong>eorum</strong></span> <span class='ocrx_word' id='word_1_106' title='bbox 2715 2152 2761 2410; x_wconf 85' lang='lat' dir='ltr'><strong>moresque</strong></span> <span class='ocrx_word' id='word_1_107' title='bbox 2692 1803 2758 2126; x_wconf 78' lang='lat' dir='ltr'><strong>effingant*);</strong></span> <span class='ocrx_word' id='word_1_108' title='bbox 2693 1686 2755 1765; x_wconf 89' lang='lat' dir='ltr'><strong>qui</strong></span> <span class='ocrx_word' id='word_1_109' title='bbox 2705 1498 2737 1656; x_wconf 88' lang='lat' dir='ltr'><strong>mores</strong></span> <span class='ocrx_word' id='word_1_110' title='bbox 2703 1307 2750 1474; x_wconf 89' lang='lat' dir='ltr'><strong>qnam-</strong></span> 
     </span>
     <span class='ocr_line' id='line_1_23' title="bbox 2771 1306 2846 2975; textangle 90"><span class='ocrx_word' id='word_1_111' title='bbox 2787 2903 2834 2975; x_wconf 87' lang='lat' dir='ltr'><strong>vis</strong></span> <span class='ocrx_word' id='word_1_112' title='bbox 2801 2709 2846 2867; x_wconf 89' lang='lat' dir='ltr'><strong>neque</strong></span> <span class='ocrx_word' id='word_1_113' title='bbox 2783 2356 2830 2673; x_wconf 86' lang='lat' dir='ltr'><strong>meliores</strong></span> <span class='ocrx_word' id='word_1_114' title='bbox 2779 1970 2841 2319; x_wconf 84' lang='lat' dir='ltr'><strong>exprimantur,</strong></span> <span class='ocrx_word' id='word_1_115' title='bbox 2789 1776 2835 1917; x_wconf 86' lang='lat' dir='ltr'><strong>quam</strong></span> <span class='ocrx_word' id='word_1_116' title='bbox 2771 1500 2834 1739; x_wconf 77' lang='lat' dir='ltr'><strong>vulgares,</strong></span> <span class='ocrx_word' id='word_1_117' title='bbox 2781 1306 2828 1465; x_wconf 89' lang='lat' dir='ltr'><strong>neque</strong></span> 
     </span>
     <span class='ocr_line' id='line_1_24' title="bbox 2845 1305 2921 2975; textangle 90"><span class='ocrx_word' id='word_1_118' title='bbox 2866 2842 2914 2975; x_wconf 84' lang='lat' dir='ltr'><strong>veri</strong></span> <span class='ocrx_word' id='word_1_119' title='bbox 2866 2682 2921 2804; x_wconf 87' lang='lat' dir='ltr'><strong>sint,</strong></span> <span class='ocrx_word' id='word_1_120' title='bbox 2866 2472 2908 2635; x_wconf 88' lang='lat' dir='ltr'><strong>tamen</strong></span> <span class='ocrx_word' id='word_1_121' title='bbox 2875 2335 2907 2426; x_wconf 87' lang='lat' dir='ltr'><strong>usu</strong></span> <span class='ocrx_word' id='word_1_122' title='bbox 2858 2124 2905 2290; x_wconf 75' lang='lat' dir='ltr'><strong>venire</strong></span> <span class='ocrx_word' id='word_1_123' title='bbox 2854 1959 2901 2080; x_wconf 89' lang='lat' dir='ltr'><strong>illud</strong></span> <span class='ocrx_word' id='word_1_124' title='bbox 2850 1582 2914 1925; x_wconf 87' lang='lat' dir='ltr'><strong>Xenophanis:</strong></span> <span class='ocrx_word' id='word_1_125' title='bbox 2845 1305 2906 1523; x_wconf 81' lang='lat' dir='ltr'><strong>„atenim</strong></span> 
     </span>
     <span class='ocr_line' id='line_1_25' title="bbox 2924 1304 3007 2974; textangle 90"><span class='ocrx_word' id='word_1_126' title='bbox 2945 2851 2993 2974; x_wconf 87' lang='lat' dir='ltr'><strong>certi</strong></span> <span class='ocrx_word' id='word_1_127' title='bbox 2944 2562 3007 2814; x_wconf 87' lang='lat' dir='ltr'><strong>quicquam</strong></span> <span class='ocrx_word' id='word_1_128' title='bbox 2955 2380 2986 2524; x_wconf 89' lang='lat' dir='ltr'><strong>nemo</strong></span> <span class='ocrx_word' id='word_1_129' title='bbox 2936 2069 3000 2337; x_wconf 87' lang='lat' dir='ltr'><strong>comperit’&#39;</strong></span> <span class='ocrx_word' id='word_1_130' title='bbox 2932 1881 2995 2029; x_wconf 79' lang='grc' dir='ltr'>(ἴσως</span> <span class='ocrx_word' id='word_1_131' title='bbox 2928 1753 2993 1853; x_wconf 74' lang='grc' dir='ltr'><strong>γὰρ</strong></span> <span class='ocrx_word' id='word_1_132' title='bbox 2929 1602 2977 1722; x_wconf 81' lang='grc' dir='ltr'><em>οὔτε</em></span> <span class='ocrx_word' id='word_1_133' title='bbox 2924 1304 2989 1566; x_wconf 81' lang='grc' dir='ltr'><em>βέλτιον</em></span> 
     </span>
     <span class='ocr_line' id='line_1_26' title="bbox 3001 1304 3086 2973; textangle 90"><span class='ocrx_word' id='word_1_134' title='bbox 3021 2835 3075 2973; x_wconf 76' lang='grc' dir='ltr'><em>οὕτω</em></span> <span class='ocrx_word' id='word_1_135' title='bbox 3019 2621 3086 2787; x_wconf 77' lang='grc' dir='ltr'><em>λέγειν</em></span> <span class='ocrx_word' id='word_1_136' title='bbox 3020 2478 3069 2585; x_wconf 80' lang='grc' dir='ltr'><strong>οὔτ’</strong></span> <span class='ocrx_word' id='word_1_137' title='bbox 3017 2188 3081 2439; x_wconf 75' lang='grc' dir='ltr'><em>ἀληθῆ,</em></span> <span class='ocrx_word' id='word_1_138' title='bbox 3013 2032 3063 2139; x_wconf 72' lang='grc' dir='ltr'><strong>ἀλλ’</strong></span> <span class='ocrx_word' id='word_1_139' title='bbox 3010 1803 3074 1981; x_wconf 75' lang='grc' dir='ltr'><em>ἔτυχεν</em></span> <span class='ocrx_word' id='word_1_140' title='bbox 3007 1690 3067 1758; x_wconf 79' lang='grc' dir='ltr'><strong>ὡς</strong></span> <span class='ocrx_word' id='word_1_141' title='bbox 3003 1503 3069 1643; x_wconf 78' lang='grc' dir='ltr'><strong><em>παρὰ</em></strong></span> <span class='ocrx_word' id='word_1_142' title='bbox 3001 1304 3059 1464; x_wconf 80' lang='grc' dir='ltr'><em>Ξενο-</em></span> 
     </span>
     <span class='ocr_line' id='line_1_27' title="bbox 3086 1304 3168 2972; textangle 90"><span class='ocrx_word' id='word_1_143' title='bbox 3102 2792 3168 2972; x_wconf 80' lang='grc' dir='ltr'><em>φάνει·</em></span> <span class='ocrx_word' id='word_1_144' title='bbox 3098 2608 3161 2755; x_wconf 73' lang='grc' dir='ltr'><strong>.,,οέλλ’</strong></span> <span class='ocrx_word' id='word_1_145' title='bbox 3093 2479 3149 2577; x_wconf 79' lang='grc' dir='ltr'><strong>οὖν</strong></span> <span class='ocrx_word' id='word_1_146' title='bbox 3095 2388 3147 2446; x_wconf 87' lang='grc' dir='ltr'><strong>τὸ</strong></span> <span class='ocrx_word' id='word_1_147' title='bbox 3094 2191 3161 2352; x_wconf 73' lang='grc' dir='ltr'>σαφὲς</span> <span class='ocrx_word' id='word_1_148' title='bbox 3096 2016 3151 2155; x_wconf 79' lang='grc' dir='ltr'><em>οὔτις</em></span> <span class='ocrx_word' id='word_1_149' title='bbox 3088 1812 3152 1982; x_wconf 82' lang='grc' dir='ltr'><em>ἴδεν”)</em></span> <span class='ocrx_word' id='word_1_150' title='bbox 3088 1699 3152 1795; x_wconf 65' lang='grc'><strong>**).</strong></span> <span class='ocrx_word' id='word_1_151' title='bbox 3086 1499 3135 1650; x_wconf 81' lang='lat' dir='ltr'><strong>Primi</strong></span> <span class='ocrx_word' id='word_1_152' title='bbox 3091 1304 3132 1464; x_wconf 89' lang='lat' dir='ltr'><strong>autem</strong></span> 
     </span>
     <span class='ocr_line' id='line_1_28' title="bbox 3164 1302 3248 2972; textangle 90"><span class='ocrx_word' id='word_1_153' title='bbox 3184 2777 3248 2972; x_wconf 83' lang='lat' dir='ltr'><strong>generis</strong></span> <span class='ocrx_word' id='word_1_154' title='bbox 3182 2549 3245 2729; x_wconf 83' lang='lat' dir='ltr'><strong>duplex</strong></span> <span class='ocrx_word' id='word_1_155' title='bbox 3185 2440 3226 2513; x_wconf 89' lang='lat' dir='ltr'><strong>est</strong></span> <span class='ocrx_word' id='word_1_156' title='bbox 3179 2214 3225 2403; x_wconf 85' lang='lat' dir='ltr'><strong>modus.</strong></span> <span class='ocrx_word' id='word_1_157' title='bbox 3176 2037 3222 2134; x_wconf 90' lang='lat' dir='ltr'><strong>Aut</strong></span> <span class='ocrx_word' id='word_1_158' title='bbox 3172 1875 3220 2001; x_wconf 86' lang='lat' dir='ltr'><strong>enim</strong></span> <span class='ocrx_word' id='word_1_159' title='bbox 3185 1677 3216 1839; x_wconf 86' lang='lat' dir='ltr'><strong>mores</strong></span> <span class='ocrx_word' id='word_1_160' title='bbox 3182 1526 3225 1637; x_wconf 89' lang='lat' dir='ltr'><strong>eos,</strong></span> <span class='ocrx_word' id='word_1_161' title='bbox 3164 1302 3226 1476; x_wconf 85' lang='lat' dir='ltr'><strong>quibus</strong></span> 
     </span>
     <span class='ocr_line' id='line_1_29' title="bbox 3243 1300 3324 2970; textangle 90"><span class='ocrx_word' id='word_1_162' title='bbox 3263 2744 3324 2970; x_wconf 84' lang='lat' dir='ltr'><strong>aequales</strong></span> <span class='ocrx_word' id='word_1_163' title='bbox 3266 2659 3307 2708; x_wconf 86' lang='lat' dir='ltr'><strong>et</strong></span> <span class='ocrx_word' id='word_1_164' title='bbox 3259 2365 3321 2624; x_wconf 86' lang='lat' dir='ltr'><strong>populares</strong></span> <span class='ocrx_word' id='word_1_165' title='bbox 3261 2103 3309 2327; x_wconf 81' lang='lat' dir='ltr'><strong>utuntur,</strong></span> <span class='ocrx_word' id='word_1_166' title='bbox 3253 1807 3298 2054; x_wconf 87' lang='lat' dir='ltr'><strong>imitantur</strong></span> <span class='ocrx_word' id='word_1_167' title='bbox 3252 1589 3311 1761; x_wconf 81' lang='lat' dir='ltr'><strong>poetae</strong></span> <span class='ocrx_word' id='word_1_168' title='bbox 3243 1300 3305 1541; x_wconf 85' lang='lat' dir='ltr'><strong>simulque</strong></span> 
     </span>
     <span class='ocr_line' id='line_1_30' title="bbox 3321 1300 3389 2968; textangle 90"><span class='ocrx_word' id='word_1_169' title='bbox 3340 2717 3389 2968; x_wconf 75' lang='lat' dir='ltr'><strong>vetustatis</strong></span> <span class='ocrx_word' id='word_1_170' title='bbox 3337 2388 3384 2668; x_wconf 84' lang='lat' dir='ltr'><strong>memoriam</strong></span> <span class='ocrx_word' id='word_1_171' title='bbox 3336 2280 3381 2338; x_wconf 87' lang='lat' dir='ltr'><strong>ad</strong></span> <span class='ocrx_word' id='word_1_172' title='bbox 3330 1864 3380 2229; x_wconf 84' lang='lat' dir='ltr'><strong>similitudinem</strong></span> <span class='ocrx_word' id='word_1_173' title='bbox 3341 1622 3384 1817; x_wconf 88' lang='lat' dir='ltr'><strong>eorum,</strong></span> <span class='ocrx_word' id='word_1_174' title='bbox 3340 1449 3386 1571; x_wconf 90' lang='lat' dir='ltr'><strong>quae</strong></span> <span class='ocrx_word' id='word_1_175' title='bbox 3321 1300 3384 1405; x_wconf 78' lang='lat' dir='ltr'><strong>geri</strong></span> 
     </span>
     <span class='ocr_line' id='line_1_31' title="bbox 3402 1299 3484 2967; textangle 90"><span class='ocrx_word' id='word_1_176' title='bbox 3421 2872 3484 2967; x_wconf 87' lang='lat' dir='ltr'><strong>ipsi</strong></span> <span class='ocrx_word' id='word_1_177' title='bbox 3419 2593 3476 2839; x_wconf 84' lang='lat' dir='ltr'><strong>viderunt,</strong></span> <span class='ocrx_word' id='word_1_178' title='bbox 3416 2258 3471 2539; x_wconf 79' lang='lat' dir='ltr'><strong>immutant,</strong></span> <span class='ocrx_word' id='word_1_179' title='bbox 3418 2124 3459 2205; x_wconf 88' lang='lat' dir='ltr'><strong>aut</strong></span> <span class='ocrx_word' id='word_1_180' title='bbox 3411 1937 3473 2091; x_wconf 86' lang='lat' dir='ltr'><strong>ipsam</strong></span> <span class='ocrx_word' id='word_1_181' title='bbox 3407 1734 3452 1889; x_wconf 84' lang='lat' dir='ltr'><strong>victus</strong></span> <span class='ocrx_word' id='word_1_182' title='bbox 3402 1299 3450 1697; x_wconf 85' lang='lat' dir='ltr'><strong>consuetudinem</strong></span> 
     </span>
     <span class='ocr_line' id='line_1_32' title="bbox 3482 1298 3562 2965; textangle 90"><span class='ocrx_word' id='word_1_183' title='bbox 3500 2692 3562 2965; x_wconf 87' lang='lat' dir='ltr'><strong>priscorum</strong></span> <span class='ocrx_word' id='word_1_184' title='bbox 3497 2402 3543 2646; x_wconf 89' lang='lat' dir='ltr'><strong>hominum</strong></span> <span class='ocrx_word' id='word_1_185' title='bbox 3494 2041 3551 2351; x_wconf 81' lang='lat' dir='ltr'><strong>institutaque</strong></span> <span class='ocrx_word' id='word_1_186' title='bbox 3488 1733 3533 1997; x_wconf 90' lang='lat' dir='ltr'><strong>alienorum</strong></span> <span class='ocrx_word' id='word_1_187' title='bbox 3482 1392 3545 1679; x_wconf 86' lang='lat' dir='ltr'><strong>populorum</strong></span> <span class='ocrx_word' id='word_1_188' title='bbox 3494 1298 3525 1355; x_wconf 91' lang='lat' dir='ltr'><strong>ac</strong></span> 
     </span>
     <span class='ocr_line' id='line_1_33' title="bbox 3559 1300 3638 2963; textangle 90"><span class='ocrx_word' id='word_1_189' title='bbox 3576 2665 3638 2963; x_wconf 86' lang='lat' dir='ltr'><strong>disciplinam</strong></span> <span class='ocrx_word' id='word_1_190' title='bbox 3578 2239 3637 2628; x_wconf 78' lang='lat' dir='ltr'><strong>repraesentant,</strong></span> <span class='ocrx_word' id='word_1_191' title='bbox 3570 2071 3617 2200; x_wconf 75' lang='lat' dir='ltr'><strong>velut</strong></span> <span class='ocrx_word' id='word_1_192' title='bbox 3566 1860 3629 2035; x_wconf 85' lang='lat' dir='ltr'><strong>(inquit</strong></span> <span class='ocrx_word' id='word_1_193' title='bbox 3562 1517 3622 1827; x_wconf 86' lang='lat' dir='ltr'><strong>Aristoteles)</strong></span> <span class='ocrx_word' id='word_1_194' title='bbox 3560 1441 3605 1480; x_wconf 90' lang='lat' dir='ltr'><strong>si</strong></span> <span class='ocrx_word' id='word_1_195' title='bbox 3559 1300 3620 1405; x_wconf 86' lang='lat' dir='ltr'><strong>quis</strong></span> 
     </span>
     <span class='ocr_line' id='line_1_34' title="bbox 3634 1298 3721 2962; textangle 90"><span class='ocrx_word' id='word_1_196' title='bbox 3662 2818 3721 2962; x_wconf 89' lang='lat' dir='ltr'><strong>poeta</strong></span> <span class='ocrx_word' id='word_1_197' title='bbox 3656 2616 3702 2782; x_wconf 86' lang='lat' dir='ltr'><strong>hastas</strong></span> <span class='ocrx_word' id='word_1_198' title='bbox 3653 2418 3699 2563; x_wconf 86' lang='lat' dir='ltr'><strong>saciat</strong></span> <span class='ocrx_word' id='word_1_199' title='bbox 3658 2240 3699 2371; x_wconf 81' lang='lat' dir='ltr'><strong>terra</strong></span> <span class='ocrx_word' id='word_1_200' title='bbox 3649 2047 3711 2193; x_wconf 77' lang='lat' dir='ltr'><strong>defigi</strong></span> <span class='ocrx_word' id='word_1_201' title='bbox 3641 1833 3707 2001; x_wconf 76' lang='grc' dir='ltr'><em>(ἔγχεα</em></span> <span class='ocrx_word' id='word_1_202' title='bbox 3638 1736 3689 1790; x_wconf 79' lang='grc' dir='ltr'><strong>δέ</strong></span> <span class='ocrx_word' id='word_1_203' title='bbox 3652 1573 3702 1699; x_wconf 84' lang='grc' dir='ltr'><em>σφιν</em></span> <span class='ocrx_word' id='word_1_204' title='bbox 3638 1418 3702 1537; x_wconf 75' lang='grc' dir='ltr'><strong>ὄρθ’</strong></span> <span class='ocrx_word' id='word_1_205' title='bbox 3634 1298 3686 1381; x_wconf 78' lang='grc' dir='ltr'><strong>ἐπὶ</strong></span> 
     </span>
     <span class='ocr_line' id='line_1_35' title="bbox 3719 1298 3798 2961; textangle 90"><span class='ocrx_word' id='word_1_206' title='bbox 3735 2566 3798 2961; x_wconf 74' lang='grc' dir='ltr'>σαυρωτῆρος),</span> <span class='ocrx_word' id='word_1_207' title='bbox 3734 2388 3794 2517; x_wconf 80' lang='lat' dir='ltr'><strong>quod</strong></span> <span class='ocrx_word' id='word_1_208' title='bbox 3732 2184 3777 2341; x_wconf 84' lang='lat' dir='ltr'><strong>minus</strong></span> <span class='ocrx_word' id='word_1_209' title='bbox 3728 1942 3789 2136; x_wconf 88' lang='lat' dir='ltr'><strong>quidem</strong></span> <span class='ocrx_word' id='word_1_210' title='bbox 3721 1589 3770 1893; x_wconf 87' lang='lat' dir='ltr'><strong>commodum</strong></span> <span class='ocrx_word' id='word_1_211' title='bbox 3725 1432 3779 1534; x_wconf 83' lang='lat' dir='ltr'><strong>est,</strong></span> <span class='ocrx_word' id='word_1_212' title='bbox 3719 1298 3766 1386; x_wconf 86' lang='lat' dir='ltr'><strong>sed</strong></span> 
     </span>
    </p>
   </div>
   <div class='ocr_carea' id='block_1_12' title="bbox 3798 1299 3873 2961">
    <p class='ocr_par' dir='ltr' id='par_1_12' title="bbox 3798 1299 3873 2961">
     <span class='ocr_line' id='line_1_36' title="bbox 3798 1299 3873 2961; textangle 90"><span class='ocrx_word' id='word_1_213' title='bbox 3817 2728 3865 2961; x_wconf 88' lang='lat' dir='ltr'><strong>usitatum</strong></span> <span class='ocrx_word' id='word_1_214' title='bbox 3814 2599 3861 2693; x_wconf 84' lang='lat' dir='ltr'><strong>suit</strong></span> <span class='ocrx_word' id='word_1_215' title='bbox 3813 2392 3873 2565; x_wconf 84' lang='lat' dir='ltr'><strong>priscis</strong></span> <span class='ocrx_word' id='word_1_216' title='bbox 3809 2151 3856 2353; x_wconf 84' lang='lat' dir='ltr'><strong>Graecis</strong></span> <span class='ocrx_word' id='word_1_217' title='bbox 3815 1969 3868 2114; x_wconf 88' lang='lat' dir='ltr'><strong>atque</strong></span> <span class='ocrx_word' id='word_1_218' title='bbox 3804 1662 3852 1935; x_wconf 84' lang='lat' dir='ltr'><strong>etiamnunc</strong></span> <span class='ocrx_word' id='word_1_219' title='bbox 3800 1440 3864 1626; x_wconf 74' lang='lat' dir='ltr'><strong>illyriis.</strong></span> <span class='ocrx_word' id='word_1_220' title='bbox 3798 1299 3847 1395; x_wconf 87' lang='lat' dir='ltr'><strong>Po-</strong></span> 
     </span>
    </p>
   </div>
   <div class='ocr_carea' id='block_1_13' title="bbox 3916 2517 3931 2962">
    <p class='ocr_par' dir='ltr' id='par_1_13' title="bbox 3916 2517 3931 2962">
     <span class='ocr_line' id='line_1_37' title="bbox 3916 2517 3931 2962; textangle 90"><span class='ocrx_word' id='word_1_221' title='bbox 3916 2517 3931 2962; x_wconf 95' lang='lat' dir='ltr'><strong> </strong></span> 
     </span>
    </p>
   </div>
   <div class='ocr_carea' id='block_1_14' title="bbox 3948 1299 4355 2919">
    <p class='ocr_par' dir='ltr' id='par_1_14' title="bbox 3948 2455 4009 2894">
     <span class='ocr_line' id='line_1_38' title="bbox 3948 2455 4009 2894; textangle 90"><span class='ocrx_word' id='word_1_222' title='bbox 3957 2846 4009 2894; x_wconf 58' lang='lat'><strong>=÷)</strong></span> <span class='ocrx_word' id='word_1_223' title='bbox 3955 2693 3996 2814; x_wconf 77' lang='lat' dir='ltr'><strong>Adde</strong></span> <span class='ocrx_word' id='word_1_224' title='bbox 3967 2625 3993 2659; x_wconf 81' lang='lat' dir='ltr'><strong>c.</strong></span> <span class='ocrx_word' id='word_1_225' title='bbox 3949 2524 4000 2594; x_wconf 75' lang='lat'><strong>25,</strong></span> <span class='ocrx_word' id='word_1_226' title='bbox 3948 2455 3989 2494; x_wconf 87' lang='lat'><strong>6.</strong></span> 
     </span>
    </p>

    <p class='ocr_par' dir='ltr' id='par_1_15' title="bbox 4007 1299 4286 2919">
     <span class='ocr_line' id='line_1_39' title="bbox 4007 1299 4079 2919; textangle 90"><span class='ocrx_word' id='word_1_227' title='bbox 4026 2844 4079 2919; x_wconf 40' lang='lat' dir='ltr'><strong>aa)</strong></span> <span class='ocrx_word' id='word_1_228' title='bbox 4025 2671 4079 2812; x_wconf 82' lang='lat' dir='ltr'><strong>Vulgo</strong></span> <span class='ocrx_word' id='word_1_229' title='bbox 4017 2549 4062 2639; x_wconf 72' lang='grc' dir='ltr'><strong>ἀλλ’</strong></span> <span class='ocrx_word' id='word_1_230' title='bbox 4018 2464 4061 2516; x_wconf 73' lang='grc' dir='ltr'><strong>οὔ</strong></span> <span class='ocrx_word' id='word_1_231' title='bbox 4032 2322 4073 2433; x_wconf 77' lang='grc' dir='ltr'><em>φασι</em></span> <span class='ocrx_word' id='word_1_232' title='bbox 4014 2173 4058 2291; x_wconf 79' lang='grc' dir='ltr'><em>τάδε.</em></span> <span class='ocrx_word' id='word_1_233' title='bbox 4011 1835 4067 2119; x_wconf 79' lang='lat' dir='ltr'><strong>Xenophanis</strong></span> <span class='ocrx_word' id='word_1_234' title='bbox 4010 1668 4051 1808; x_wconf 86' lang='lat' dir='ltr'><strong>verba</strong></span> <span class='ocrx_word' id='word_1_235' title='bbox 4010 1528 4049 1639; x_wconf 80' lang='lat' dir='ltr'><strong>haec</strong></span> <span class='ocrx_word' id='word_1_236' title='bbox 4007 1299 4048 1498; x_wconf 82' lang='lat' dir='ltr'><strong>fuerunt:</strong></span> 
     </span>
     <span class='ocr_line' id='line_1_40' title="bbox 4075 1322 4144 2707; textangle 90"><span class='ocrx_word' id='word_1_237' title='bbox 4091 2632 4134 2707; x_wconf 80' lang='grc' dir='ltr'><strong>καὶ</strong></span> <span class='ocrx_word' id='word_1_238' title='bbox 4088 2551 4131 2600; x_wconf 81' lang='grc' dir='ltr'><strong>τὸ</strong></span> <span class='ocrx_word' id='word_1_239' title='bbox 4088 2439 4144 2519; x_wconf 65' lang='grc' dir='ltr'><strong>μὲν</strong></span> <span class='ocrx_word' id='word_1_240' title='bbox 4083 2324 4131 2407; x_wconf 69' lang='grc' dir='ltr'><strong>οὖν</strong></span> <span class='ocrx_word' id='word_1_241' title='bbox 4086 2153 4139 2291; x_wconf 69' lang='grc' dir='ltr'>σαφὲς</span> <span class='ocrx_word' id='word_1_242' title='bbox 4080 1998 4131 2122; x_wconf 77' lang='grc' dir='ltr'><em>οὔτις</em></span> <span class='ocrx_word' id='word_1_243' title='bbox 4080 1853 4137 1967; x_wconf 71' lang='grc' dir='ltr'><strong>ἀνὴρ</strong></span> <span class='ocrx_word' id='word_1_244' title='bbox 4081 1710 4129 1820; x_wconf 80' lang='grc' dir='ltr'><em>ἴδεν,</em></span> <span class='ocrx_word' id='word_1_245' title='bbox 4075 1571 4120 1679; x_wconf 74' lang='grc' dir='ltr'><em>ου’δέ</em></span> <span class='ocrx_word' id='word_1_246' title='bbox 4093 1476 4125 1543; x_wconf 83' lang='grc' dir='ltr'><strong>τις</strong></span> <span class='ocrx_word' id='word_1_247' title='bbox 4075 1322 4119 1445; x_wconf 73' lang='grc' dir='ltr'><em>ἔσται</em></span> 
     </span>
     <span class='ocr_line' id='line_1_41' title="bbox 4145 1433 4214 2710; textangle 90"><span class='ocrx_word' id='word_1_248' title='bbox 4160 2579 4209 2710; x_wconf 80' lang='grc' dir='ltr'><em>εἰδὼς</em></span> <span class='ocrx_word' id='word_1_249' title='bbox 4158 2430 4214 2547; x_wconf 73' lang='grc' dir='ltr'><strong>ἀμφὶ</strong></span> <span class='ocrx_word' id='word_1_250' title='bbox 4159 2278 4201 2401; x_wconf 77' lang='grc' dir='ltr'><strong>θεῶν</strong></span> <span class='ocrx_word' id='word_1_251' title='bbox 4171 2202 4198 2247; x_wconf 85' lang='grc' dir='ltr'><strong>τε</strong></span> <span class='ocrx_word' id='word_1_252' title='bbox 4154 2097 4197 2171; x_wconf 79' lang='grc' dir='ltr'><strong>καὶ</strong></span> <span class='ocrx_word' id='word_1_253' title='bbox 4152 1948 4196 2063; x_wconf 77' lang='grc' dir='ltr'>ἅσσα</span> <span class='ocrx_word' id='word_1_254' title='bbox 4151 1811 4207 1918; x_wconf 75' lang='grc' dir='ltr'><em>λέγω</em></span> <span class='ocrx_word' id='word_1_255' title='bbox 4149 1680 4206 1781; x_wconf 70' lang='grc' dir='ltr'><strong>περὶ</strong></span> <span class='ocrx_word' id='word_1_256' title='bbox 4145 1463 4190 1649; x_wconf 75' lang='grc' dir='ltr'><em>πάντων</em></span> <span class='ocrx_word' id='word_1_257' title='bbox 4160 1433 4170 1443; x_wconf 89' lang='grc'>·</span> 
     </span>
     <span class='ocr_line' id='line_1_42' title="bbox 4215 1466 4286 2710; textangle 90"><span class='ocrx_word' id='word_1_258' title='bbox 4232 2668 4275 2710; x_wconf 87' lang='grc' dir='ltr'><strong>εἰ</strong></span> <span class='ocrx_word' id='word_1_259' title='bbox 4231 2559 4286 2641; x_wconf 79' lang='grc' dir='ltr'><strong>γὰρ</strong></span> <span class='ocrx_word' id='word_1_260' title='bbox 4230 2450 4272 2526; x_wconf 78' lang='grc' dir='ltr'><strong>καὶ</strong></span> <span class='ocrx_word' id='word_1_261' title='bbox 4227 2365 4272 2420; x_wconf 82' lang='grc' dir='ltr'><strong>τὰ</strong></span> <span class='ocrx_word' id='word_1_262' title='bbox 4228 2144 4282 2336; x_wconf 69' lang='grc' dir='ltr'><em>μάλιστα</em></span> <span class='ocrx_word' id='word_1_263' title='bbox 4222 1987 4278 2115; x_wconf 79' lang='grc' dir='ltr'><em>τύχοι</em></span> <span class='ocrx_word' id='word_1_264' title='bbox 4220 1651 4276 1958; x_wconf 75' lang='grc' dir='ltr'><em>τετελεσμένον</em></span> <span class='ocrx_word' id='word_1_265' title='bbox 4215 1466 4267 1621; x_wconf 83' lang='grc' dir='ltr'><em>εἰπών,</em></span> 
     </span>
    </p>

    <p class='ocr_par' dir='ltr' id='par_1_16' title="bbox 4287 1425 4355 2708">
     <span class='ocr_line' id='line_1_43' title="bbox 4287 1425 4355 2708; textangle 90"><span class='ocrx_word' id='word_1_266' title='bbox 4298 2569 4350 2708; x_wconf 74' lang='grc' dir='ltr'><em>αὐτὸς</em></span> <span class='ocrx_word' id='word_1_267' title='bbox 4296 2418 4355 2538; x_wconf 78' lang='grc' dir='ltr'>ὅμως</span> <span class='ocrx_word' id='word_1_268' title='bbox 4296 2307 4342 2389; x_wconf 81' lang='lat' dir='ltr'><strong>ov&#39;n</strong></span> <span class='ocrx_word' id='word_1_269' title='bbox 4294 2157 4351 2275; x_wconf 79' lang='grc' dir='ltr'><em>οἶδε,</em></span> <span class='ocrx_word' id='word_1_270' title='bbox 4295 1992 4345 2126; x_wconf 77' lang='grc' dir='ltr'><em>δοκὸς</em></span> <span class='ocrx_word' id='word_1_271' title='bbox 4292 1922 4338 1961; x_wconf 84' lang='grc' dir='ltr'><strong>δ’</strong></span> <span class='ocrx_word' id='word_1_272' title='bbox 4291 1818 4337 1890; x_wconf 75' lang='grc' dir='ltr'><strong>ἐπὶ</strong></span> <span class='ocrx_word' id='word_1_273' title='bbox 4292 1677 4335 1788; x_wconf 74' lang='grc' dir='ltr'><em>πᾶσι</em></span> <span class='ocrx_word' id='word_1_274' title='bbox 4287 1425 4331 1648; x_wconf 73' lang='grc' dir='ltr'><em>τέτυκται.</em></span> 
     </span>
    </p>
   </div>
   <div class='ocr_carea' id='block_1_15' title="bbox 1070 868 1678 879">
    <p class='ocr_par' dir='ltr' id='par_1_17' title="bbox 1070 868 1678 879">
     <span class='ocr_line' id='line_1_44' title="bbox 1070 868 1678 879; textangle 90"><span class='ocrx_word' id='word_1_275' title='bbox 1070 868 1678 879; x_wconf 95' lang='lat' dir='ltr'><strong> </strong></span> 
     </span>
    </p>
   </div>
  </div>
 </body>
</html>
