5010 3336
1119 2112 1175 2229 351

1271 2788 1318 2852 Φ.
1267 2656 1317 2719 οὐ
1265 2365 1324 2621 δυνατόν,
1262 2180 1326 2317 εἴπερ
1258 1970 1326 2161 ’Έλλην
1259 1863 1311 1938 ὢν
1259 1551 1325 1832 τυγχάνεις,
1258 1446 1308 1504 τὸ
1257 1340 1323 1410 μὴ

1347 2660 1400 2985 ἀπολωλέναι
1357 2573 1396 2627 σε
1346 2419 1411 2541 τῇδε
1349 2321 1408 2384 τῇ
1340 2044 1407 2288 ήμὲραῑῑι).
1407 1390 1417 1412 Ν

1430 2746 1479 2855 ΟΛ.
1424 2548 1477 2675 άλλὰ
1423 2278 1475 2517 πέπονθά
1438 2188 1484 2245 γε
1419 2068 1469 2155 ὑπ’
1420 1854 1470 2028 αὐτῶν
1424 1578 1477 1822 τοιαῦτα,
1417 1469 1480 1531 ἐξ
1417 1337 1467 1421 ὡν

1507 2697 1566 2980 δικαίως
1504 2525 1556 2629 σοὶ
1503 2340 1567 2459 μὲν
1500 2066 1566 2263 φίλος
1499 1813 1565 2003 εἵην,
1498 1452 1550 1737 ἐκείνων
1498 1339 1548 1384 δ’

1587 2722 1653 2980 ἐχθρός

1668 2788 1714 2849 Φ.
1664 2634 1715 2722 καὶ
1664 2544 1714 2600 τί
1662 2436 1727 2509 δὴ
1660 2248 1711 2403 τοῦτό
1656 2068 1717 2223 ἐστιν,
1658 2004 1708 2031 ὃ
1656 1626 1717 1969 πέπονθας
1655 1456 1707 1591 οὕτω
1676 1334 1722 1419 χα-

1746 2801 1803 2981 λεπόνς
1745 2693 1813 2769 **)

1827 2740 1875 2853 ΟΔ.
1821 2458 1887 2671 φυγάδα
1836 2364 1883 2425 με
1821 2141 1885 2331 ἤλασεν
1816 2051 1868 2107 ἐκ
1822 1923 1868 2018 τοῦ
1821 1663 1880 1888 στρατοῦ
1816 1329 1875 1631 Ὀδυσσεύς.

1906 2785 1954 2847 Φ.
1903 2672 1953 2720 τί
1902 2593 1952 2647 δὲ
1899 2401 1963 2567 ἕδρας,
1894 2309 1964 2384 ἐφ’
1898 2186 1966 2286 ὅτῳ
1898 1971 1962 2162 ταύτης
1901 1854 1964 1946 τῆς
1897 1678 1962 1832 τύχης
1893 1458 1961 1652 ἔτυχες,·
1897 1327 1963 1440 ***)

1985 2732 2034 2840 ΟΛ.
1976 2518 2046 2663 οἶμαί
1991 2431 2030 2484 σε
1977 2194 2029 2386 εἰδέναι
1983 2067 2029 2162 τοῦ
1978 1747 2028 2031 Ναυπλίου
1977 1541 2027 1703 παῖδα
1979 1326 2026 1505 Παλα-

2064 2793 2130 2978 μήδην.

2145 2782 2191 2845 Φ.
2140 2648 2191 2713 οὐ
2138 2515 2205 2616 γὰρ
2138 2400 2205 2463 δὴ
2140 2262 2189 2367 τῶν
2136 1882 2203 2227 ἐπιτυχόντων
2135 1708 2187 1831 οὐδὲ
2136 1496 2202 1676 ὀλίγου
2135 1320 2199 1461 ἄξιος

2221 2738 2274 2977 συνέπλει
2223 2588 2271 2705 οὔτε
2221 2485 2289 2555 τῷ
2222 2248 2289 2447 στρατῷ
2222 2093 2269 2209 οὔτε
2221 1950 2277 2059 τοῖς
2217 1688 2283 1917 ἡγεμόσι.

2304 2729 2354 2843 ΟΛ.
2300 2545 2351 2662 τὸν
2300 2422 2366 2497 δὴ
2304 2055 2350 2379 τοιοῦτον
2298 1780 2363 2000 ἄνδρα
2296 1693 2347 1721 ὁ

2377 2718 2449 2984 Ἑλλήνων
2384 2657 2431 2686 λ
2399 2612 2430 2644 υ
2399 2559 2445 2595 μ
2398 2524 2429 2545 ε
2379 2469 2429 2508 ὼ
2398 2420 2429 2452 ν
2380 2109 2444 2385 διέφθειρε.

2466 2781 2513 2842 Φ.
2462 2490 2524 2712 πότερον
2459 2400 2510 2454 ἐκ
2465 2270 2510 2366 τοῦ
2462 1999 2525 2234 φανεροῦ
2458 1783 2524 1952 μάχῃ
2457 1400 2522 1734 κρατήσας
2454 1321 2521 1354 ἢ

2541 2820 2608 2973 μετὰ
2542 2580 2592 2783 δόλου
2541 2326 2599 2545 τινός,-

2624 2726 2675 2840 ΟΛ.
2620 2366 2683 2657 προδοσίαν
2616 2044 2683 2330 ἐπενεγκὼν
2620 1914 2668 2012 τοῦ
2620 1651 2681 1877 στρατοῦ
2618 1509 2675 1617 τοῖς
2617 1316 2679 1483 Πρια-

2701 2782 2768 2973 μίδαις.

2783 2775 2830 2837 Φ.
2773 2638 2844 2705 ἧν
2777 2535 2829 2590 δὲ
2781 2379 2829 2491 κατ’
2778 2093 2843 2343 ἀλήθειαν
2774 1894 2836 2059 οὕτως
2776 1701 2840 1845 ἔχον,
2771 1312 2840 1653 ἢέπεπόνθει

2859 2559 2923 2972 κατεψευσμένος
2878 2531 2916 2545 ‚·

2943 2725 2991 2838 ΟΔ.
2941 2526 2998 2657 πῶς
2931 2441 2988 2490 δ’
2936 2327 2986 2403 ἂν
2934 2022 2993 2291 δικαίως
2931 1785 2998 1988 γε’νοιτο
2934 1652 2983 1757 τῶν
2932 1540 2983 1628 ὑπ’
2929 1313 2983 1513 ἐκείνου

3018 2644 3087 2971 γιγνομένων
3018 2412 3079 2609 ὁτιοῦν,
3020 2280 3067 2378 τοῦ
3015 2024 3081 2245 μηδενὸς
3012 1625 3079 1989 άποσχομὲνου
3015 1486 3064 1590 τῶν
3015 1309 3076 1453 χαλε-

3102 2683 3159 2968 πωτάτων,·

3181 2772 3228 2834 Φ.
3170 2662 3226 2702 ὦ
3177 2490 3242 2628 λόγῳ
3192 2404 3225 2456 τε
3173 2273 3225 2360 καὶ
3175 2092 3241 2226 ἔργῳ
3174 1653 3237 2045 πανουργότατε
3172 1307 3235 1610 άνθρώπων

3258 2686 3317 2966 Ὀδυσσεῦ,
3250 2521 3306 2634 οἷον
3250 2420 3305 2485 αὖ
3259 2192 3304 2383 τοῦτον
3254 2055 3303 2147 τὸν
3253 1853 3317 2021 ἄνδρα
3253 1525 3318 1818 άνῄρηκας,
3250 1430 3311 1487 ὃς
3252 1307 3302 1395 οὐ-

3338 2814 3396 2962 δενὸς
3328 2625 3402 2780 ἧττον
3333 2319 3398 2576 ὠφέλιμος
3327 2207 3397 2274 ἦν
3336 2064 3392 2173 τοῖς
3332 1720 3397 2030 ξυμμάχοις,
3326 1517 3397 1673 ᾗπερ,
3328 1305 3396 1468 οἶμαι,

3418 2900 3469 2963 τὰ
3417 2613 3468 2856 κάλλιστα
3413 2475 3465 2563 καὶ
3413 2151 3477 2428 σοφώτατα
3412 1767 3476 2090 άνευρίσκων
3411 1631 3462 1719 καὶ
3412 1306 3470 1594 συντιθείς,

3497 2797 3561 2961 ὥςπερ
3494 2580 3560 2750 άμὲλει
3491 2418 3559 2546 κάμε
3491 2140 3557 2382 ἐξέθηκας
3491 1962 3554 2091 ὑπὲρ
3496 1826 3559 1915 τῆς
3496 1601 3558 1781 κοινῆς
3491 1302 3557 1557 σωτηρίας

3577 2876 3630 2962 καὶ
3577 2696 3641 2843 νίκης
3574 2202 3637 2664 περιπεσόντα
3572 2047 3637 2169 τῇδε
3578 1951 3637 2014 τῇ
3571 1576 3638 1912 ξυμφορᾷ,
3572 1304 3622 1539 δεικνύν-

3677 2898 3709 2962 τα
3657 2773 3707 2866 τὸν
3656 2530 3720 2736 Χρύσης
3654 2288 3719 2497 βωμόν,
3644 2173 3703 2237 οὗ
3652 1870 3711 2129 θύσαντες
3654 1548 3720 1825 κρατήσειν
3652 1302 3718 1514 ἔμελλον

2296 1471 2356 1649 κοινὸς
2297 1320 2347 1425 τῶν

3801 2847 3853 2897 4)
3799 2644 3839 2818 Valck.:

3865 2522 3919 2711 ἐπίσχες,
3858 2454 3906 2489 αἶ
3862 2315 3919 2429 πρὸς
3863 2147 3913 2286 θεῶν,
3858 1929 3915 2114 οἷφιὲναι
3861 1758 3918 1900 βέλος.

3932 2627 3977 2708 οὐκ
3930 2502 3977 2598 ἔσθ’
3930 2350 3981 2473 ὅπως
3930 2267 3974 2321 ου’
3934 2026 3989 2236 κατθανῇ
3930 1899 3988 1998 τῇδ’
3930 1710 3989 1868 ἡμέρᾳ,

3999 2521 4059 2705 (Ἕλλην
3998 2269 4058 2484 πεφυκώς
4024 2104 4033 2160 —-
4025 1938 4033 1993 —
4001 1735 4053 1827 —).

4076 2841 4128 2905 **)
4074 2636 4115 2813 Valck:

4144 2696 4185 2741 τί
4142 2612 4198 2667 δή
4142 2340 4191 2579 πέπονθας
4133 2223 4184 2310 ὦδε
4138 2027 4191 2193 δεινόν,
4134 1932 4195 1995 (ὦ
4139 1757 4193 1902 ξένε),-

4212 2847 4265 2934 ***)
4213 2661 4255 2818 Valck:

4283 2693 4324 2735 τί
4283 2543 4338 2664 δρῶν
4280 2465 4325 2514 δὲ
4282 2305 4337 2437 τῆςδε
4281 2196 4335 2275 τῆς
4278 2030 4334 2169 τύχης
4276 1736 4334 1999 ἐτύγχανεςς
