5010 3336
2789 3212 2818 3285 mm

1065 2137 1119 2251 129

1206 2818 1255 3017 miratus
1205 2522 1264 2760 Pericles,
1207 2149 1267 2455 imbutusque
1206 2042 1253 2099 ab
1224 1921 1255 1980 eo
1224 1702 1258 1863 rerum
1210 1372 1259 1647 sublimium

1285 2643 1348 3019 coelestiumque
1285 2304 1348 2599 cognitione,
1298 2156 1331 2251 non
1284 1943 1332 2100 animo
1286 1753 1334 1898 modo
1289 1511 1337 1706 excelso
1290 1369 1338 1465 fuit

1363 2730 1425 3020 sublimique
1380 2569 1411 2686 usus
1367 2449 1411 2524 est
1362 2212 1409 2406 dicendi
1377 1960 1424 2169 genere,
1379 1793 1425 1913 puro
1381 1716 1412 1743 a
1366 1468 1428 1657 plebeia
1371 1368 1417 1418 ct

1445 2830 1490 3023 versuta
1442 2468 1499 2776 scurrilitate,
1454 2239 1486 2401 verum
1439 2029 1487 2174 etiam
1440 1922 1488 1971 in
1442 1738 1489 1870 vultu
1446 1472 1507 1682 gravitas
1447 1368 1495 1415 ei

1519 2853 1567 3023 aderat
1520 2752 1567 2811 ad
1520 2558 1567 2705 risum
1518 2286 1577 2513 irnmota,
1523 2190 1565 2240 et
1517 2095 1564 2146 in
1517 1859 1565 2050 incessu
1519 1608 1581 1812 lenitas,
1526 1499 1573 1544 in
1540 1372 1573 1453 ve-

1598 2905 1646 3022 stitu
1598 2597 1657 2863 modestia,
1611 2420 1658 2540 quae
1596 2247 1644 2376 nulla
1611 1995 1658 2203 unquam
1597 1809 1645 1951 animi
1602 1453 1650 1775 commotione
1606 1369 1653 1418 iu

1676 2817 1724 3024 dicendo
1676 2484 1734 2782 turbaretur,
1679 2334 1722 2438 tum
1674 2035 1722 2300 modulatio
1674 1870 1722 2002 vocis
1676 1670 1723 1834 sedata
1683 1587 1725 1635 et
1681 1370 1743 1555 reliqua

1755 2919 1803 3022 eius
1754 2695 1818 2885 generis
1753 2393 1811 2659 eiusmodi,
1758 2294 1800 2348 ut
1753 2019 1814 2261 ingentem
1753 1770 1801 1984 omnium
1755 1370 1808 1735 admirationem

1830 2707 1881 3021 excitarent.'’
1832 2457 1879 2641 Eadem
1831 2300 1880 2408 fere
1831 2107 1879 2266 omnia
1831 2011 1878 2073 de
1830 1729 1894 1978 Euripidis
1835 1480 1884 1695 moribus
1839 1372 1886 1445 in-

1911 2784 1975 3023 genioque
1909 2485 1960 2751 traduntur.
1910 2207 1958 2415 Severus
1909 2043 1957 2171 enim
1908 1855 1958 2007 fuisse
1911 1664 1960 1822 fertur
1919 1486 1978 1632 atque
1933 1372 1965 1454 au-

1994 2861 2037 3023 sterus
1993 2777 2036 2826 et
2005 2717 2036 2744 a
1988 2582 2036 2683 risu
2004 2454 2036 2549 non
1989 2245 2047 2419 minim,
2004 2067 2050 2208 quam
1988 1737 2051 2040 Anaxagoras
1991 1589 2055 1714 ipse,
1994 1371 2043 1554 alienus

2065 2683 2131 3024 (σκυθρωπὸς
2064 2556 2116 2642 καὶ
2066 2281 2125 2510 σύννους
2063 2162 2115 2249 καὶ
2065 1873 2130 2129 αὐστηρὸς
2064 1603 2131 1840 ἐφαίνετο
2070 1481 2121 1568 καὶ
2091 1374 2137 1449 μι-

2144 2767 2213 3025 σογέλως).
2146 2535 2209 2701 ltaque
2148 2228 2196 2502 Alexander
2146 2004 2194 2205 Aetolus
2146 1822 2209 1967 (teste
2148 1641 2199 1802 Gellio
2151 1501 2208 1609 XV,
2153 1373 2217 1478 20.)

2226 2931 2275 3024 hos
2227 2834 2274 2898 de
2242 2741 2274 2800 eo
2241 2540 2275 2709 versus
2225 2209 2288 2505 composuit:

2303 2863 2353 2892 ὁ
2302 2769 2353 2815 δ’
2297 2354 2369 2705 Ἀναξαγόρου
2301 2045 2366 2297 τρόφιμος
2306 1843 2366 1997 χαιοῦ
2304 1520 2370 1782 στρυφνὸς
2306 1370 2370 1465 μὲν

2380 2031 2445 2201 ἔμοιγε
2386 1707 2446 1998 προςειπεῖν

2460 2807 2511 2894 καὶ
2459 2494 2525 2775 μισογέλως
2459 2374 2511 2462 καὶ
2459 2079 2520 2331 τωθάζειν
2458 1907 2511 2029 οὐδὲ
2462 1754 2526 1875 παρ’
2457 1571 2514 1719 οἶνον
2482 1374 2529 1537 μεμα-

2538 1997 2604 2199 &maag-

2616 2788 2667 2895 ἀλλ’
2616 2734 2667 2764 ὅ
2635 2662 2669 2711 τι
2618 2423 2683 2637 γράψαι,
2620 2245 2667 2388 τοῦτ’
2616 2146 2667 2211 ἂν
2616 1912 2682 2113 μέλιτος
2618 1793 2669 1881 καὶ
2620 1506 2685 1762 σειρήνων
2619 1374 2673 1471 ἐτε-

2696 2028 2762 2203 τεύχει.

2776 2822 2825 3023 Periclis
2777 2741 2825 2789 in
2792 2647 2824 2707 eo
2792 2423 2840 2613 quoque
2776 2221 2825 2390 similis
2776 2078 2838 2186 fuit,
2777 1913 2839 2043 quod
2778 1482 2828 1878 consuetudinem
2782 1373 2830 1461 ho-

2856 2843 2904 3025 minum
2860 2759 2903 2808 et
2855 2374 2903 2727 familiaritates
2856 2164 2904 2328 vitavit
2855 1880 2920 2115 (φεύγων
2854 1746 2915 1836 τὰς
2856 1371 2922 1703 συνουσίας);

2936 2904 2997 3021 quin
2933 2724 2982 2871 etiam
2934 2642 2982 2692 in
2934 2329 2999 2607 speluncam
2936 2057 2997 2293 quandam
2941 1847 2984 2024 tetram
2941 1762 2984 1813 et
2937 1454 3000 1730 horridam,
2940 1370 2987 1420 in

3014 2871 3063 3025 insula
3012 2603 3062 2845 Salamine
3013 2420 3073 2580 sitam,
3029 2247 3076 2392 saepe
3015 1851 3064 2217 scribendorum
3016 1564 3066 1828 carminum
3033 1369 3067 1539 caussa

3109 2912 3141 3024 eum
3092 2602 3139 2864 recessisse
3092 2370 3140 2540 retulit
3092 2005 3142 2325 Philochorus
3094 1828 3158 1955 apud
3093 1667 3144 1791 Gell.
3096 1602 3144 1633 l.
3096 1534 3147 1568 l.
3101 1452 3145 1499 et
3099 1370 3144 1419 in

3171 2926 3219 3023 vita
3170 2786 3218 2892 cod.
3169 2550 3219 2757 Vindob.
3169 2363 3218 2494 ⁴Non
3172 2057 3220 2318 defuerunt
3173 1792 3221 2011 homines
3176 1507 3237 1748 protervi,
3174 1369 3238 1451 qui

3254 2862 3298 3025 tantae
3249 2617 3295 2829 virorum
3249 2139 3297 2584 honestissimorum
3251 1862 3298 2103 maiestati
3253 1534 3301 1831 insultarent.
3253 1371 3301 1497 Nam

3343 2928 3376 3025 non
3326 2738 3375 2895 solum
3327 2337 3374 2692 comoediarum
3328 2039 3391 2302 scriptores
3330 1796 3377 2003 cavillari
3330 1524 3379 1765 Periclem
3347 1370 3379 1491 nun-

3422 2881 3469 3024 quam
3405 2542 3463 2847 destiterunt,
3405 2420 3451 2506 sed
3406 2339 3451 2385 in
3405 2199 3452 2306 foro
3422 1975 3468 2164 quoque
3411 1798 3470 1940 atque
3409 1716 3456 1762 in
3410 1485 3471 1692 negotiis
3425 1370 3472 1461 pu-

3485 2884 3533 3025 blicis
3484 2464 3532 2849 administrandis
3484 2247 3545 2435 accidit,
3490 2158 3531 2213 ut
3485 1917 3546 2123 improbi
3486 1633 3533 1881 cuiusdam
3491 1546 3534 1598 et
3492 1370 3550 1514 petu-

3563 2881 3612 3024 lantis
3562 2624 3610 2834 hominis
3563 2307 3610 2577 maledictis
3568 2211 3609 2260 et
3564 1866 3611 2164 contumeliis
3565 1750 3612 1831 ille
3565 1371 3615 1714 lacesseretur.

3642 2868 3703 3023 Quem
3658 2688 3705 2834 quum
3647 2500 3689 2653 totum
3641 2338 3688 2464 diem
3642 2062 3705 2303 patienter
3642 1822 3701 2030 tulisset,
3644 1597 3707 1787 vesperi
3644 1369 3691 1567 domum

3736 2785 3782 3025 reversus,
3722 2483 3769 2750 insectante
3720 2368 3766 2450 illo
3726 2190 3782 2333 atque
3722 1890 3783 2155 opprobriis
3721 1559 3783 1855 impetente,
3721 1366 3769 1509 iussit

3799 2781 3848 3023 hominem
3800 2487 3864 2747 impurum,
3815 2304 3862 2451 quum
3814 2180 3845 2273 nox
3798 2016 3846 2143 facta
3804 1836 3855 1984 esset,
3816 1774 3847 1801 a
3801 1599 3847 1747 servis
3815 1369 3848 1574 accenso

3878 2841 3926 3022 lumine
3878 2625 3925 2798 deduci
3878 2381 3927 2593 domum.
3877 2130 3924 2314 Eadem
3877 1836 3940 2093 Euripides
3894 1684 3926 1800 usus
3880 1367 3926 1632 constantia

3957 2708 4005 3019 contumelias
3962 2609 4004 2659 et
3956 2304 4004 2564 calumnias
3956 1920 4018 2258 Aristophanis
3973 1796 4021 1886 per
3961 1611 4005 1763 totam
3962 1368 4005 1578 aetatem

4036 2875 4083 3021 tacite
4036 2510 4099 2843 patienterque
4034 2348 4095 2476 tulit,
4050 2252 4083 2313 ne
4034 1953 4097 2220 respiciens
4036 1722 4098 1916 quidem
4037 1626 4084 1687 ad
4035 1368 4084 1591 crimina-

4113 2864 4162 3021 tiones
4114 2570 4164 2839 nebulonis.
4114 2354 4162 2501 Cuius
4118 2137 4177 2330 poetae,
4113 1972 4176 2102 pleni
4113 1761 4177 1943 leporis
4120 1683 4163 1734 et
4115 1369 4163 1657 facetiarum

4196 2875 4254 3020 atque
4194 2716 4255 2842 apud
4193 2367 4243 2691 Athenienses
4190 1991 4254 2337 gratiosissimi,
4193 1848 4241 1956 telis
4193 1538 4242 1827 acutissimis
4206 1369 4254 1513 quum

4275 1692 4314 1723 9
