5010 3336
2819 3168 3214 3175 7.,...,..--...-..»----,,---»π-
3227 3168 3254 3175 f.
3262 3169 3267 3172 Α
3278 3168 3291 3170 v

1128 2130 1181 2247 273

1298 2302 1305 2365 ——
1267 2120 1318 2237 θεοὶ
1269 1867 1332 2088 χθόνιοι,

1351 2654 1418 2879 ζοφερὰν
1349 2368 1400 2621 ἁδίοιυλον
1348 2137 1414 2334 ἔχοντες
1347 1937 1411 2096 ἕδραν

1432 2790 1498 2885 τὴν
1428 2378 1495 2755 φθειρομένων,
1422 2002 1492 2352 Ἀχερόντειοιν

1511 2695 1575 2883 λίμνην
1510 2608 1573 2673 *).

1592 2918 1639 3010 His
1593 2759 1639 2883 adde
1591 2584 1640 2723 Varr.
1589 2493 1637 2547 L.
1588 2401 1636 2455 L.
1586 2284 1647 2365 Vl,
1588 2169 1635 2248 94.
1586 2054 1634 2131 ed.
1582 1847 1632 2019 Mad:
1582 1617 1643 1813 „Quare
1601 1490 1632 1583 una
1586 1368 1634 1463 ori-

1670 2902 1732 3014 gine
1671 2680 1717 2868 inlici
1674 2597 1715 2644 et
1666 2313 1725 2563 inficis,
1664 2150 1728 2278 quod
1665 2066 1711 2115 in
1663 1836 1710 2031 choro
1662 1365 1724 1801 Proserpinae

1749 2904 1795 3011 est''
1748 2791 1806 2875 (cf.
1747 2620 1796 2761 Both.
1763 2543 1808 2590 p.
1747 2389 1802 2510 12.).

1828 2541 1889 2883 Impetraverat
1822 2212 1870 2507 Protesilaus
1823 2118 1868 2176 ab
1819 1915 1867 2082 inferis
1820 1791 1866 1877 diis
1822 1577 1867 1762 reditus
1823 1364 1871 1552 veniam

1920 2955 1951 3011 ea
1906 2799 1966 2919 lege,
1910 2711 1951 2762 ut
1904 2432 1964 2678 coniugem
1916 2234 1947 2396 secum
1899 1907 1955 2197 adduceret,
1898 1453 1962 1870 redderenturque
1901 1364 1948 1423 il-

1983 2952 2030 3013 lis
1985 2794 2031 2916 duae
1983 2574 2028 2758 animae
1996 2452 2042 2538 pro
1995 2324 2026 2418 una
1975 2205 2039 2297 **).
1978 2003 2023 2125 Nam
1994 1802 2039 1957 neque
1979 1655 2040 1759 ipse
1981 1364 2029 1609 carissima

2078 2861 2109 3011 uxore
2076 2658 2108 2825 carere
2059 2406 2117 2625 volebat,
2074 2202 2119 2358 neque
2056 1832 2115 2152 Laodamiae,
2058 1667 2117 1780 quin
2059 1540 2104 1633 vita
2076 1364 2121 1505 quam

2140 2800 2200 3011 coniugis
2137 2522 2185 2765 consortio
2139 2309 2185 2485 cedere
2136 2085 2193 2275 mallet,
2136 1850 2181 2047 dubium
2139 1696 2181 1814 erat.
2136 1363 2199 1627 Relinque-

2220 2868 2267 3013 batur
2218 2688 2280 2833 igitur
2216 2339 2277 2642 „grandaevo
2214 2082 2276 2302 parenti''
2214 1833 2260 2030 orbitas.
2214 1608 2272 1763 Quem
2217 1481 2263 1572 hoc
2235 1363 2265 1445 ae-

2297 2799 2360 3013 gerrime
2296 2586 2343 2756 tulisse
2301 2490 2341 2538 et
2301 2222 2354 2445 tanquam
2293 2007 2339 2174 iniuria
2292 1870 2337 1960 sibi
2292 1696 2339 1821 illata
2294 1612 2339 1659 in
2294 1362 2343 1576 Protesi-

2376 2885 2422 3013 laum
2376 2604 2421 2841 invectum
2388 2438 2420 2548 esse
2388 2331 2419 2390 ex
2372 2011 2432 2284 fragmento
2370 1749 2431 1952 quodam
2372 1362 2437 1695 intelligimus.

2453 2732 2515 3012 Disceptata
2452 2552 2514 2697 igitur
2457 2443 2497 2517 est
2451 2160 2512 2409 quaestio,
2454 1950 2496 2110 utrum
2449 1758 2510 1906 patris
2466 1664 2497 1722 an
2454 1471 2499 1630 mariti
2455 1361 2502 1435 ius

2532 2851 2595 3011 potius
2536 2669 2577 2815 esset.
2530 2436 2577 2601 Acasti
2530 2156 2575 2385 orationis
2544 1964 2573 2108 unum
2533 1732 2574 1915 tantum
2530 1362 2591 1685 fragmentum

2616 2817 2657 3009 exstare
2609 2568 2666 2783 videtur,
2623 2422 2670 2514 quo
2609 2328 2654 2387 ad
2623 2128 2654 2292 eorum
2606 1803 2668 2089 populorum
2607 1636 2669 1767 leges
2610 1359 2659 1600 instituta-

2704 2898 2750 3009 que,
2688 2782 2748 2862 qui
2703 2654 2734 2747 non
2688 2460 2750 2618 privas
2701 2222 2741 2422 uxores,
2686 2079 2731 2165 sed
2685 1676 2746 2030 quodammodo
2702 1359 2739 1639 communes

2767 2760 2821 3011 haberent,
2766 2408 2828 2725 provocabat:

2842 2702 2893 2882 κοινὸν
2841 2564 2905 2663 γὰρ
2837 2394 2891 2527 εἶναι
2840 2274 2891 2361 καὶ
2842 1940 2905 2242 γυναικεῖον
2840 1749 2906 1907 λέχος.

2922 2830 2971 3010 Contra
2922 2543 2969 2794 Protesilai
2923 2389 2969 2508 haec
2923 2129 2969 2354 suerunt:

2999 2728 3050 2880 δυοῖν
3000 2412 3064 2693 λεγόντοιν,
2998 2148 3063 2377 θατέρου
2998 1747 3064 2115 θυμουμένου,

3078 2853 3130 2882 ὁ
3075 2749 3143 2818 μὴ
3078 2416 3130 2716 ἀντιτείνων
3082 2276 3137 2384 τοῖς
3079 2070 3141 2244 λόγοις
3079 1722 3144 2036 σοφώτερος.

3186 2816 3194 2880 -ι-
3187 2626 3195 2685 -ιι
3186 2433 3193 2493 .-
3186 2237 3191 2300 ———
3186 2041 3194 2105 ——
3188 1849 3196 1907 -0

3234 2027 3251 2039 7

3263 2816 3270 2877 —
3263 2622 3272 2683 —-
3264 2429 3271 2490 -—-
3235 2157 3295 2298 ἄξιος
3236 2078 3284 2122 δ’
3236 1925 3298 2046 εμὸς

3314 2637 3378 2874 γαμβρὸς
3313 2346 3377 2605 κέκλησαι,
3315 2152 3363 2310 παῖδά
3332 2028 3377 2116 μοι
3313 1686 3374 1993 ξυνοικίσας.

3394 2654 3443 2877 Vincitur
3394 2314 3451 2625 Protesilaus,
3396 2097 3440 2275 semina
3396 1928 3455 2076 patris
3394 1499 3442 1900 admonitionibus
3412 1357 3459 1471 pre-

3474 2770 3535 3005 cibusque
3474 2350 3520 2721 obsecundante.
3474 2124 3533 2279 Quum
3479 1915 3518 2074 autem
3473 1797 3518 1878 ille
3480 1509 3519 1761 consumto
3491 1355 3537 1471 spa—

3554 2910 3612 3009 tio,
3552 2732 3613 2861 quod
3567 2413 3599 2695 concessum
3559 2248 3606 2364 erat„
3552 1863 3607 2200 discessisset,
3551 1670 3595 1814 animi
3552 1357 3613 1621 deliquium

3646 2864 3694 3009 passa
3646 2720 3677 2829 esse
3630 2423 3677 2683 Laodamia
3631 2184 3686 2390 videtur,
3646 2053 3691 2143 qua
3629 1956 3676 2016 de
3645 1869 3675 1921 re
3628 1508 3677 1833 conserendus
3631 1355 3677 1472 Ovi-

3709 2899 3757 3007 dius
3724 2822 3757 2864 v.
3712 2725 3756 2787 23
3724 2520 3770 2688 seqq:

3786 2726 3847 2878 „Lux
3803 2481 3852 2677 quoque
3792 2267 3835 2434 cecum
3788 2054 3843 2213 acm,-
3787 1786 3834 2004 teucbrz's
3788 1475 3852 1749 exsanguis
3787 1352 3836 1440 ob-

3867 2019 3913 2139 ortis

3943 2489 3993 2749 Succiduo
3945 2314 3993 2453 dicor
3946 1960 4009 2286 procubuisse
3960 1777 4007 1925 genu.

4061 2900 4113 2937 *)
4061 2687 4116 2867 Fragm.
4062 2572 4103 2656 inc.
4077 2500 4103 2541 n.
4060 2374 4103 2469 247.
4078 2300 4117 2343 p.
4061 2177 4103 2271 427.

4131 2907 4182 2963 **)
4130 2698 4172 2876 Lucian.
4133 2614 4173 2667 D.
4132 2517 4172 2581 M.
4131 2408 4173 2486 23:
4130 2239 4187 2363 οἶμαι
4131 2033 4174 2205 πείσειν
4129 1783 4185 1995 κάκείνην
4129 1483 4172 1755 ἀκολουθεῖν
4127 1351 4183 1456 παρ’

4196 2730 4253 2869 ὑμᾶς,
4195 2592 4250 2691 03ςέ
4197 2452 4243 2559 ἄνθ’
4199 2322 4250 2423 ἑνός
4200 2210 4244 2293 δύο
4199 1992 4256 2179 νεκροὺς
4198 1842 4255 1963 λήψῃ
4198 1720 4253 1811 μετ’
4197 1524 4251 1686 ὀλίγον.
4199 1355 4240 1464 Phi-

4268 2747 4308 2867 lostr.
4269 2611 4311 2717 Her.
4285 2538 4323 2581 p.
4270 2410 4311 2507 633.
4272 2302 4311 2379 D.:
4270 2195 4313 2270 καὶ
4269 2075 4325 2166 μὴν
4265 1790 4313 2045 ἀποθανεῖν
4284 1714 4322 1760 γε
4267 1576 4323 1685 μετὰ
4265 1496 4309 1545 τὸ
4263 1352 4309 1468 α’νοι-

4337 2706 4390 2867 βιῶναι
4338 2506 4391 2679 λέγεται
4340 2401 4383 2478 καὶ
4336 2128 4383 2371 ἀναπεῖσαι
4338 2016 4394 2099 τὴν
4343 1796 4394 1988 γυναῖκα
4336 1496 4382 1767 ἐπισπέσθαι
4336 1409 4379 1468 οἳ.

4412 1655 4456 1719 18
