5010 3336
1627 3308 1644 3327 -“
1627 3256 1653 3289 [AE

2021 3257 2054 3327 Πᾴἱζῑ

2260 3270 2295 3331 ‘sbf-

1047 2188 1103 2309 539

1202 2842 1253 2934 τὸν
1198 2487 1263 2808 εὐτυχοῦντα
1193 2358 1261 2453 χρὴ
1193 2152 1256 2322 σοφὸν
1186 1816 1254 2118 πεφυκέναι.

1298 1906 1320 2943 ————.———-—

1361 2816 1410 2943 ι’στω
1351 2733 1408 2778 6’
1360 2507 1421 2697 ἄφρων
1355 2369 1414 2470 ὥν
1352 2178 1411 2334 ὅςτις,
1352 1856 1412 2140 ἄνθρωπος
1342 1643 1410 1822 γεγώς,

1440 2770 1506 2941 δῆμον
1438 2501 1497 2737 κολούει,
1435 2208 1499 2463 χρημασιυ
1429 1793 1494 2176 γαυρούμενος.

1522 2874 1569 3071 Etenim
1520 2646 1568 2824 nullius
1519 2458 1581 2603 pretii
1530 2295 1563 2403 esse
1512 1944 1558 2245 nobilitatem
1506 1701 1569 1895 generis
1503 1550 1551 1655 sine
1503 1412 1565 1515 opi-

1602 2979 1649 3069 bus
1602 2751 1647 2942 dixerat
1598 2377 1660 2718 Tlepolemus:

1673 2833 1727 2939 οέλλ’
1675 2639 1727 2797 οὐδὲν
1673 2367 1741 2606 ηὑγένεια
1668 2204 1734 2334 πρὸς
1666 2108 1717 2171 τὰ
1665 1811 1730 2075 χρήματα’

1758 2845 1809 2939 τὸν
1757 2711 1822 2810 γὰρ
1756 2431 1807 2675 κάκιστον
1753 2172 1807 2397 πλοῦτος
1746 2067 1806 2137 εἰς
1744 1792 1809 2034 πρώτους
1743 1632 1805 1760 ἄγει.

1838 2945 1887 3069 Nam
1840 2758 1902 2910 gloria
1840 2619 1901 2722 ipsa
1835 2378 1882 2585 nominis
1848 2203 1894 2350 quum
1831 2002 1877 2176 iisdem
1828 1766 1884 1970 artibus,
1823 1571 1887 1744 quibus
1835 1405 1884 1541 opes,

1925 2834 1981 3065 paretur,
1917 2637 1964 2769 illam
1914 2483 1962 2587 sine
1913 2360 1960 2439 his
1910 2132 1958 2313 servari
1924 1993 1956 2087 non
1921 1798 1970 1946 posse
1903 1559 1968 1756 planum
1916 1402 1948 1512 esse

1999 2778 2045 3063 arbitratur:

2075 2769 2132 2932 πόνος
2072 2608 2138 2736 γάρ,
2069 2500 2129 2569 ὡς
2068 2192 2134 2465 λέγουσιν,
2063 1922 2123 2154 εὐκλείας
2060 1704 2127 1889 πατήρ.

2155 2665 2202 2932 Possumus
2169 2537 2200 2596 ex
2152 2399 2198 2476 his
2150 2052 2197 2346 voluntatem
2152 1948 2194 1998 et
2144 1699 2192 1900 consilia
2140 1397 2203 1651 utriusque

2235 2762 2284 3061 coniiciendo
2232 2502 2295 2713 assequi.
2231 2330 2278 2431 Otii
2228 2026 2291 2281 impatiens
2225 1792 2273 1979 iuvenis
2223 1696 2269 1747 in
2222 1511 2286 1663 partis
2236 1396 2267 1476 ac-

2316 2805 2378 3061 quiescere
2314 2537 2370 2759 nolebat,
2312 2396 2357 2482 sed
2315 2096 2372 2348 paternam
2306 1849 2369 2050 gloriam
2303 1606 2367 1804 propria
2301 1394 2347 1571 virtute

2410 2878 2458 3057 augere
2395 2558 2441 2831 universam
2391 2120 2451 2513 Peloponnesum
2386 1941 2432 2085 armis
2383 1646 2429 1903 domand0.
2380 1390 2427 1575 Contra

2488 2881 2530 3059 senex,
2478 2778 2520 2833 ut
2471 2509 2534 2733 sapiens,
2470 2377 2531 2455 qui
2468 2039 2514 2327 felicitatem
2479 1908 2510 2003 non
2478 1813 2509 1873 ex
2461 1640 2510 1780 bonis
2458 1390 2507 1604 externis

2552 2843 2615 3060 pendere
2551 2483 2599 2808 intellexisset
2562 2203 2609 2448 quemque
2545 1949 2591 2167 laborum
2557 1853 2589 1909 ac
2541 1528 2603 1827 proeliorum
2543 1389 2585 1496 tae-

2631 2890 2688 3057 deret,
2631 2702 2679 2840 bonis
2629 2472 2693 2666 placide
2644 2384 2674 2438 ac
2625 2088 2689 2349 tranquille
2623 1956 2670 2054 frui
2621 1690 2686 1920 cupiens,
2618 1513 2666 1641 bella
2617 1389 2664 1478 de-

2712 2798 2760 3059 trectabat.

2790 2718 2850 2925 Quinam
2788 2525 2836 2667 huius
2786 2246 2847 2476 colloquii
2787 2012 2830 2211 eventus
2780 1799 2839 1975 fuerit,
2793 1658 2826 1753 non
2776 1387 2825 1612 traditur.

2867 2955 2915 3055 Sed
2868 2668 2915 2918 oraculum
2865 2393 2928 2632 Apollinis
2863 2064 2926 2355 Delphicum
2864 1972 2907 2026 ut
2859 1599 2906 1937 consuleretur
2872 1511 2903 1567 ac
2858 1381 2903 1476 deo

2948 2994 2994 3054 lis
2946 2685 2993 2957 dirimenda
2944 2185 3002 2638 commendaretur,
2940 1892 3004 2134 placuisse
2938 1643 2984 1849 videtur.
2936 1465 2983 1576 Una
2936 1380 2982 1431 in

3032 2872 3073 3053 terram
3025 2508 3070 2835 Phocensium
3022 2256 3084 2470 profecti
3027 2107 3067 2221 sunt
3018 1786 3081 2073 Licymnius
3022 1603 3078 1751 atque
3014 1379 3077 1569 Tlepo-

3105 2866 3162 3051 lemus,
3118 2722 3164 2817 quo
3102 2638 3149 2688 in
3103 2430 3149 2604 itinere
3102 2312 3147 2394 ille
3099 1986 3146 2275 interfectus
3102 1858 3146 1948 est.
3095 1500 3157 1789 Imprudens
3110 1379 3140 1464 au-

3187 2946 3229 3049 tem
3180 2554 3243 2873 Tlepolemus
3180 2206 3227 2491 axunculum
3176 1951 3223 2130 occidit
3180 1757 3223 1885 teste
3174 1380 3237 1697 Apollodoro,

3278 2907 3324 3051 quem
3261 2630 3323 2869 Euripide
3267 2393 3307 2595 auctore
3275 2209 3306 2349 usum
3272 2051 3304 2162 esse
3255 1764 3302 2003 diximus.
3251 1375 3315 1710 Τληπόλεμος

3334 2949 3391 3047 οὖν
3338 2713 3397 2916 κτείνας
3339 2583 3403 2677 οὐχ
3335 2415 3388 2548 ἑκὼν
3336 2087 3399 2379 Λικύμνιον
3336 1965 3398 2050 (τῇ
3332 1663 3398 1920 βακτηρίᾳ
3331 1518 3397 1619 γὰρ
3331 1378 3380 1470 αύ-

3424 2951 3470 3049 τοῦ
3418 2550 3482 2916 θεραπεύοντα
3418 2270 3482 2515 πλήσσων
3414 1988 3481 2225 ημαρτε).
3414 1739 3462 1902 Noctu
3418 1639 3462 1689 et
3415 1548 3463 1594 in
3413 1377 3461 1501 saltu

3504 2884 3565 3046 aliquo
3502 2741 3549 2837 hoc
3502 2455 3548 2693 accidisse
3500 2136 3563 2408 fragmenta
3495 1812 3543 2090 declarant:

3578 2680 3645 2917 οἷμολγὸν
3579 2480 3629 2647 νύκτα
3606 2253 3613 2317 ——
3602 2059 3610 2123 --

3680 1870 3697 2916 ν-η--μ--α

3736 2611 3754 2625 Ἰ

3731 2749 3798 2913 πολὺς
3739 2668 3789 2713 6’
3742 2430 3802 2629 ενεῖρπε
3736 2190 3796 2395 κισσός,
3731 1949 3799 2153 εὐφυὴς
3730 1697 3794 1916 κλάδος,

3818 2626 3884 2909 χελιδόνων
3820 2370 3883 2592 μουσεῖα
3841 2174 3851 2239 -
3842 1944 3848 2007 —

3900 2983 3947 3035 ln
3900 2729 3948 2949 Phocide
3901 2558 3947 2694 illum
3900 2330 3947 2505 saltum
3897 2125 3943 2281 fuisse
3910 2016 3941 2077 ex
3892 1729 3955 1969 Ilesychii
3890 1521 3938 1685 verbis
3890 1366 3955 1485 (τῆς

3977 2790 4038 3032 Φωκίδος
3977 2315 4043 2757 κατεσκεμμένου)
3977 2174 4023 2277 erui
3979 1963 4038 2141 potest,
3974 1752 4035 1924 quibus
3970 1499 4019 1723 addenda
3975 1368 4017 1481 sunt

4058 2914 4107 3037 haec
4060 2639 4108 2879 Macrobii
4059 2373 4122 2591 (Saturni.
4057 2298 4116 2333 l,
4054 2130 4116 2261 18.):
4054 1978 4114 2082 „Et
4068 1882 4100 1944 ne
4052 1740 4115 1847 quis
4051 1476 4113 1703 opinetur
4050 1368 4095 1443 di-

4139 2879 4187 3034 versis
4138 2750 4187 2843 diis
4139 2424 4188 2715 Parnassum
4139 2180 4185 2390 montem
4132 1914 4193 2142 dicatum,
4133 1746 4180 1877 idem
4130 1446 4193 1711 Euripides
4128 1368 4176 1417 in
