5010 3336
3836 2065 3891 2186 402

3678 1285 3739 1606 spectatores.
3697 1646 3746 1794 Suam
3682 1815 3745 2104 potentiam,
3682 2122 3728 2215 qua
3697 2234 3739 2283 et
3696 2305 3743 2434 inter
3695 2458 3744 2597 divos
3694 2621 3737 2672 et
3692 2688 3742 2817 inter
3689 2831 3723 2960 mor-

3613 1283 3662 1409 tales
3601 1443 3665 1656 polleat,
3618 1704 3664 1762 ab
3602 1799 3665 2069 Hippolyto
3600 2106 3663 2271 sperni
3616 2307 3663 2399 dea
3601 2436 3662 2768 conqueritur.
3606 2838 3659 2959 Nam

3519 1286 3566 1435 quum
3537 1472 3584 1536 sit
3537 1569 3585 1841 innocentis
3537 1879 3585 2062 Pitthei
3520 2099 3584 2355 disciplina
3523 2389 3582 2671 institutus,
3518 2727 3564 2964 respuere

3455 1285 3487 1396 eum
3443 1433 3499 1578 atque
3457 1615 3503 1827 aversari
3454 1865 3503 2118 connubia.
3443 2190 3503 2283 Qui
3442 2334 3503 2465 quod
3454 2512 3502 2710 assidue
3454 2742 3499 2789 iu
3451 2826 3499 2962 silvis

3375 1283 3424 1481 venatui
3377 1524 3409 1699 vacans
3376 1752 3425 1951 Dianam
3377 2002 3423 2211 maxime
3377 2267 3424 2395 colat
3375 2449 3422 2651 deorum
3374 2710 3414 2758 et
3358 2794 3403 2964 supra

3295 1285 3343 1616 conditionem
3297 1661 3342 1918 humanam
3297 1969 3344 2060 sibi
3297 2105 3343 2249 huius
3295 2288 3342 2536 consortio
3294 2582 3341 2689 tolli
3281 2724 3340 2963 videatur,

3213 1283 3262 1412 haud
3215 1450 3246 1504 se
3216 1539 3263 1656 dicit
3206 1690 3263 1939 invidere3
3200 1977 3262 2105 quod
3215 2144 3255 2304 autem
3216 2343 3246 2396 se
3199 2433 3255 2634 spernat
3213 2669 3254 2719 et
3213 2755 3260 2964 deterri-

3134 1284 3164 1410 mam
3135 1449 3182 1575 dicat
3136 1601 3167 1712 esse
3125 1740 3183 2047 daemonum,
3135 2086 3182 2425 vindicamhun
3135 2461 3165 2588 esse.
3118 2660 3182 2831 Itaque
3131 2861 3178 2963 suis

3053 1285 3101 1500 consiliis
3056 1538 3103 1769 effectum
3045 1796 3086 1925 esse,
3056 1963 3095 2016 ut
3042 2047 3103 2283 Phaedra,
3039 2323 3100 2472 patris
3042 2502 3085 2641 uxor,
3035 2683 3098 2964 conspicata

2973 1285 3004 1395 eum
2960 1445 3022 1682 quondam
2978 1736 3023 1793 ad
2961 1858 3022 2093 mysteria
2975 2144 3022 2342 visenda
2973 2396 3020 2611 Athenas
2958 2664 3020 2963 profectum,

2893 1284 2943 1718 vehementissimo
2896 1757 2942 1861 eius
2897 1898 2928 2065 amore
2894 2100 2943 2496 inflammaretur.
2893 2567 2941 2692 Eum
2879 2728 2924 2966 amorem,

2799 1284 2845 1527 nunquam
2804 1563 2863 1912 intermissum,
2800 1947 2857 2208 postquam
2815 2246 2846 2357 cum
2803 2386 2860 2576 marit0,
2797 2610 2854 2815 propter
2812 2851 2843 2964 cae—

2732 1284 2779 1398 dem
2718 1445 2782 1687 fugiente,
2736 1740 2783 1997 Troezena
2721 2046 2782 2407 commigrarit,
2733 2466 2781 2712 funestum
2733 2763 2778 2808 ei
2732 2854 2779 2966 fieri

2638 1285 2701 1525 coepisse.
2656 1594 2704 1765 Perire
2657 1799 2703 1926 enim
2657 1963 2687 2070 eam
2655 2108 2702 2299 occulta
2643 2334 2702 2546 flamma,
2653 2581 2700 2776 nemine
2653 2811 2682 2838 e
2653 2874 2699 2963 do—

2573 1284 2621 1502 mesticis
2566 1552 2623 1775 conscio,
2576 1827 2617 1877 et
2577 1924 2622 2045 mori
2575 2091 2624 2440 honestissime
2574 2489 2621 2821 constituisse.
2573 2898 2621 2965 Se

2493 1284 2525 1401 vero
2495 1438 2526 1494 ea
2496 1530 2527 1585 re
2497 1619 2543 1753 foras
2497 1790 2543 1916 elata
2482 1954 2543 2272 effecturam,
2496 2321 2538 2374 ut
2479 2410 2543 2713 Hippolytus
2478 2752 2525 2963 quoque,

2412 1285 2455 1336 et
2415 1368 2462 1645 miserrime
2401 1682 2463 1895 quidem,
2416 1936 2463 2086 hodie
2414 2122 2462 2348 intereat.

2336 1415 2383 1508 His
2319 1545 2382 1783 expositis
2335 1822 2382 1984 statim
2335 2021 2383 2308 adolescens
2319 2345 2381 2469 ipse,
2319 2508 2382 2588 qui
2335 2625 2382 2773 morti
2334 2809 2382 2964 desti-

2253 1283 2297 1427 natus
2247 1464 2297 1558 est,
2256 1595 2302 1777 florens
2239 1813 2303 1980 vigore
2245 2010 2302 2386 adolescentiae,
2238 2423 2300 2631 stipatus
2255 2650 2301 2794 turba
2255 2815 2302 2965 comi-

2162 1283 2214 1403 tum,
2174 1440 2206 1551 cum
2175 1587 2218 1730 cautu
2174 1767 2222 2037 laetissimo
2174 2084 2205 2142 ex
2173 2190 2214 2368 venatu
2174 2403 2221 2600 rediens
2158 2648 2221 2964 conspicitur.

2081 1285 2141 1404 Quis
2095 1439 2127 1535 non
2096 1581 2139 1717 tanta
2096 1766 2127 1874 cum
2094 1922 2141 2185 securitate
2094 2233 2137 2344 ante
2079 2381 2136 2605 patentes
2096 2643 2142 2759 Orci
2079 2796 2137 2963 portas

2015 1286 2061 1537 ludentem
2001 1574 2064 1881 conspiciens
2014 1917 2063 2282 adolescentem
2015 2318 2061 2465 animi
1999 2516 2061 2832 corporisque
2014 2866 2060 2963 vir-

1935 1284 1982 1472 tutibus
1922 1507 1984 1693 pariter
1921 1727 1979 2056 praestantem
1934 2096 1982 2435 misericordia
1934 2472 1980 2763 moveatur?

1857 1414 1904 1615 Florum
1857 1640 1897 1772 serta
1857 1792 1888 1851 ex
1856 1871 1903 2058 illibato
1840 2079 1897 2219 prato
1839 2249 1901 2597 decerptorum
1854 2624 1902 2802 Dianae
1853 2838 1900 2962 offe-

1775 1284 1808 1399 rens
1777 1435 1824 1653 oratione
1778 1689 1824 1838 utitur
1766 1875 1808 1961 ea,
1760 2010 1806 2103 qua
1775 2139 1822 2287 animi
1775 2326 1806 2470 sensa
1773 2506 1821 2763 verissime
1756 2798 1820 2961 expri—

1696 1284 1740 1494 mantur.
1699 1564 1746 1801 Silvarum
1697 1839 1744 2024 umbris
1678 2052 1742 2332 refrigerari
1696 2367 1738 2415 et
1694 2450 1743 2662 fontium
1678 2698 1740 2964 liquidissi-

1616 1282 1648 1477 morum
1618 1512 1649 1762 murmure
1616 1797 1665 2034 delectari
1616 2079 1657 2129 et
1599 2163 1668 2416 pratorum
1613 2452 1661 2759 roscidorum
1612 2794 1659 2962 viridi-

1536 1281 1578 1386 tate
1538 1421 1585 1637 recreari
1538 1662 1584 1804 nobis
1523 1835 1584 2074 videmur,
1535 2111 1576 2160 et
1535 2184 1581 2356 relicta
1534 2380 1577 2622 tectorum
1515 2646 1579 2963 vicorumque

1442 1282 1505 1507 augustia
1441 1539 1489 1630 per
1459 1665 1505 1810 silvas
1440 1847 1489 2149 camposque
1440 2182 1501 2341 vagari
1439 2378 1500 2620 cupimus,
1451 2659 1499 2806 huius
1451 2843 1498 2962 ado-

1377 1282 1425 1514 lescentis
1378 1566 1425 1728 studia
1361 1775 1425 2004 vitaeque
1362 2047 1406 2200 genus
1372 2249 1421 2509 intuentes.
1372 2582 1419 2761 Dianae
1371 2796 1414 2960 autem

1297 1281 1343 1377 vim
1282 1410 1329 1688 numenque
1299 1724 1345 1766 si
1284 1801 1344 1908 quis
1296 1944 1339 2084 antea
1278 2119 1342 2371 ignoravit,
1293 2407 1342 2550 huius
1292 2583 1339 2713 dicta
1276 2729 1339 2961 factaque

1206 1280 1263 1492 intuens,
1218 1528 1265 1621 nisi
1201 1658 1264 1798 plane
1215 1834 1265 2091 hebetibus
1215 2118 1258 2196 est
1206 2223 1261 2467 sensibus,
1196 2506 1253 2785 cognoscet.
1200 2841 1259 2958 Sed,

1122 1280 1170 1371 pro
1138 1419 1186 1586 dolor!
1137 1640 1185 1769 nulla
1122 1826 1168 2039 unquam
1134 2084 1182 2293 humana
1134 2352 1177 2521 natura
1117 2574 1179 2796 perfecta
1132 2847 1164 2958 esse

1042 1281 1100 1476 potest,
1059 1530 1100 1579 et
1058 1626 1105 1729 sato
1057 1777 1089 1938 rerum
1054 1977 1102 2297 humanarum
1054 2333 1101 2479 etiam
1039 2518 1099 2958 praestantissimis

980 1281 1027 1543 virtutibus
978 1579 1026 1734 vicina
977 1771 1018 1884 sunt
976 1917 1024 2031 vitia
959 2067 1020 2319 quaedam,
974 2358 1020 2418 ad
959 2448 1006 2571 quae
959 2604 1021 2834 traducti,
957 2872 1019 2957 qui

900 1280 947 1378 illis
887 1414 946 1688 excellunt,
897 1731 945 1779 in
894 1815 945 2103 daemonum
894 2139 941 2429 infestorum
894 2465 941 2665 insidias
891 2702 940 2958 incurrunt

819 1281 861 1332 et
806 1367 867 1737 calamitatibus,
804 1774 864 2000 miseriis,
813 2038 854 2196 morte
812 2230 861 2524 afficiuntur.
814 2595 861 2675 Sic
796 2710 861 2956 Hippoly-

740 1280 781 1360 tus
739 1412 771 1471 ex
738 1518 770 1710 morum
736 1759 783 1983 castitate
718 2033 781 2255 vitaeque
732 2310 781 2584 innocentia
732 2650 781 2955 insolentiam

660 1282 708 1458 sumsit
645 1492 690 1615 eam,
657 1650 700 1704 ut
656 1737 689 1791 se
655 1826 704 1982 solum
640 2018 702 2251 glorietur
637 2274 701 2521 dignatum
640 2551 684 2677 esse,
636 2714 699 2797 qui
651 2832 700 2954 deae
