5010 3336
3933 2074 3990 2195 492

3788 1287 3852 1524 temporis
3786 1560 3851 1754 locique
3783 1782 3846 2071 angustiam,
3779 2107 3827 2196 qua
3789 2226 3839 2443 actiones
3780 2470 3835 2795 includendae
3764 2817 3820 2972 erant,

3726 1288 3755 1315 a
3710 1335 3770 1494 poetis
3708 1515 3767 1735 quamvis
3718 1756 3767 1948 callidis
3696 1969 3764 2347 sollertibusque
3707 2371 3755 2491 satis
3703 2526 3751 2668 vitari
3686 2687 3742 2971 potuerunt.

3644 1284 3693 1451 Licuit
3628 1486 3690 1635 igitur
3624 1670 3686 1829 poetis
3638 1866 3685 1915 in
3618 1951 3685 2244 effingendis
3629 2282 3678 2462 fabulis
3621 2514 3672 2758 theatrum
3615 2797 3665 2974 callide

3551 1282 3613 1475 fallere,
3546 1500 3604 1783 temporum
3540 1811 3606 2129 locorumque
3537 2158 3597 2313 spatia
3548 2336 3595 2483 modo
3539 2509 3588 2802 contrahere
3536 2823 3584 2970 modo

3468 1279 3529 1600 amplificare,
3463 1638 3510 1893 personas„
3459 1932 3515 2079 prout
3472 2112 3504 2229 usus
3457 2260 3510 2407 esset„
3466 2445 3513 2520 vel
3458 2559 3510 2854 intervenire
3455 2890 3487 2970 re-

3392 1278 3452 1399 bus,
3402 1446 3450 1575 fama
3382 1610 3445 1890 nuntiisque
3382 1928 3441 2144 excitas,
3391 2193 3437 2267 vel
3388 2306 3435 2455 celari
3368 2490 3432 2708 fingere„
3378 2760 3421 2811 et
3375 2845 3423 2969 ima-

3308 1278 3371 1465 ginaria
3321 1501 3366 1570 sic
3304 1607 3365 1766 sequi,
3317 1803 3355 1857 ut
3311 1892 3361 2214 subtilissimo
3308 2250 3357 2431 iudicio
3289 2458 3350 2708 explorata
3298 2738 3330 2846 cum
3295 2884 3327 2967 ve-

3243 1276 3291 1347 ris
3240 1382 3272 1480 non
3222 1518 3286 1703 optime
3221 1740 3276 2081 congruerent.
3229 2150 3279 2308 Recte
3212 2337 3275 2484 igitur
3221 2508 3262 2678 noster
3204 2703 3250 2966 personam

3146 1276 3211 1448 Xuthi,
3160 1485 3207 1534 in
3143 1573 3189 1670 qua
3156 1705 3203 1889 nullum
3153 1926 3186 2092 rerum
3146 2129 3189 2431 momentum
3129 2464 3183 2615 esset,
3136 2651 3187 2798 iussit
3137 2832 3167 2859 a
3134 2886 3166 2964 re-

3066 1274 3130 1419 liquis
3077 1457 3126 1726 actionibus
3076 1763 3122 1955 abesse.

2984 1410 3048 1567 Digna
2984 1604 3038 1730 sunt,
2982 1769 3027 1895 quae
2974 1931 3037 2331 transcrilialnils,
2983 2368 3029 2517 verba
2977 2554 3030 2793 Demetrii
2973 2826 3023 2964 Phal.

2905 1273 2968 1361 (cf.
2918 1399 2967 1548 Rhet.
2902 1602 2948 1673 gr.
2915 1720 2963 1797 ed.
2914 1851 2962 2007 lValz.
2910 2055 2958 2112 T.
2905 2153 2957 2279 Vlll.
2890 2329 2936 2375 p.
2886 2416 2948 2552 584.)
2899 2603 2945 2663 ad
2893 2714 2942 2961 actionem

2841 1272 2887 1453 cantici
2823 1501 2884 1644 primi
2825 1696 2882 2015 pertinentia:
2827 2069 2881 2175 ἔστι
2826 2225 2878 2280 δὲ
2824 2329 2874 2417 καὶ
2819 2463 2869 2593 ἄλλα
2798 2640 2864 2961 θεωρήματα

2744 1268 2811 1613 ὑποκριτικά,
2755 1663 2811 1780 οἷον
2753 1816 2805 1845 ὁ
2738 1879 2800 2025 παρὰ
2731 2059 2790 2130 τῷ
2725 2168 2794 2435 Εὐριπίδῃ
2727 2456 2797 2607 Ἴων,
2737 2646 2787 2674 ὁ
2723 2708 2783 2831 τόξα
2716 2867 2782 2959 ἆρ-

2666 1266 2726 1451 πάζων
2675 1470 2727 1558 καὶ
2659 1582 2719 1653 τῷ
2653 1680 2723 1859 κύκνῳ
2665 1886 2719 2114 ἀπειλῶν
2647 2142 2707 2212 τῷ
2650 2235 2709 2415 ὄρνιθι
2643 2449 2709 2571 [καὶ]
2649 2598 2707 2960 (ἔποπατοῦντι

2595 1268 2647 1404 κατὰ
2594 1439 2642 1546 τῶν
2576 1580 2643 1915 ἀγαλμάτων.
2585 1987 2635 2096 Καὶ
2568 2130 2632 2232 γὰρ
2563 2268 2627 2496 κινήσεις
2563 2529 2624 2727 πολλὰς
2553 2750 2620 2960 παρέχει

2495 1266 2563 1340 τῷ
2494 1377 2564 1637 ὑποκριτῇ
2508 1676 2559 1705 ὁ
2508 1743 2559 1825 ἐπὶ
2506 1862 2557 1924 τὰ
2492 1959 2553 2083 τόξα
2483 2120 2551 2316 δρόμος
2497 2352 2547 2440 καὶ
2478 2474 2545 2506 ἡ
2478 2540 2541 2672 πρὸς
2491 2698 2540 2791 τὸν
2475 2827 2540 2957 α’έρα

2417 1264 2483 1553 οἷνάβλεψις
2427 1586 2472 1684 τοῦ
2410 1720 2473 2029 προςώπου,
2401 2082 2470 2463 διαλεγομένου
2397 2500 2455 2571 τῷ
2392 2608 2460 2817 κύκνῳ,
2405 2868 2456 2957 καὶ

2334 1261 2402 1296 ἦ
2334 1341 2401 1499 λοιπὴ
2346 1558 2391 1701 πᾶσα
2325 1760 2394 2128 ὄιαμόρφωσις
2319 2179 2384 2312 πρὸς
2331 2372 2381 2466 τὸν
2311 2526 2381 2823 ὑποκριτὴν
2324 2868 2357 2955 πε-

2253 1260 2320 1533 ποιημένη.
2265 1605 2313 1681 Ex
2263 1727 2310 1806 his
2257 1856 2307 2154 celebratam
2253 2203 2300 2253 in
2249 2299 2298 2506 theatris
2248 2556 2295 2681 hanc
2242 2734 2294 2951 fabulam

2188 1259 2237 1421 fuisse
2170 1469 2227 1695 apparet.
2181 1778 2228 1845 Et
2177 1893 2225 2111 artifices
2158 2163 2205 2356 quoqne
2170 2403 2216 2533 illam
2167 2592 2214 2772 imitati
2163 2822 2204 2950 sunt.

2108 1259 2157 1385 Nam
2091 1423 2151 1689 amphorae
2088 1726 2148 1999 cuiusdam,
2083 2037 2127 2162 qnae
2094 2196 2141 2334 Pesti
2092 2370 2138 2563 inventa
2078 2602 2130 2693 est,
2072 2731 2133 2950 imagini-

2028 1257 2076 1349 bus
2026 1386 2073 1469 lon
2025 1506 2065 1713 matrem
2024 1750 2069 1809 ab
2022 1846 2053 1930 ara
2016 1956 2067 2248 abstrahens
1998 2276 2056 2637 repraesentari
2008 2661 2055 2853 videtur
1990 2876 2054 2947 *).

1930 1256 1996 1570 Scriptorum
1945 1598 1990 1656 ad
1943 1678 1991 1773 hoc
1941 1797 1989 1963 drama
1922 1984 1973 2308 respexerunt
1932 2331 1980 2508 Strabo
1916 2547 1978 2697 (VIII.
1913 2722 1958 2767 p.
1909 2791 1974 2947 356),

1866 1257 1914 1472 lustinus
1854 1509 1913 1687 Mart,
1860 1728 1909 1958 Clemens
1844 1995 1905 2168 Alex..
1839 2217 1902 2452 Virgilius
1836 2490 1903 2635 (Aen.
1836 2672 1895 2756 ΙΙΙ,
1830 2792 1893 2947 490),

1771 1256 1833 1606 Apollodorus,
1770 1644 1829 1955 Eustathius,
1762 1985 1825 2245 Stobaeus,
1756 2272 1819 2555 Hesychius
1769 2583 1810 2631 et
1764 2652 1813 2948 scholiastae

1687 1254 1751 1662 grammaticique
1684 1712 1746 2009 complures.
1678 2090 1743 2315 Magnam
1690 2366 1737 2491 haec
1687 2526 1736 2690 fabula
1670 2736 1731 2945 gratiam

1625 1254 1672 1330 vel
1607 1367 1670 1498 apud
1606 1537 1668 1895 vituperatores
1598 1934 1664 2189 Euripidis
1596 2226 1651 2430 propter
1608 2465 1639 2628 rerum
1590 2667 1652 2943 elegantem

1528 1254 1591 1645 implicationem
1527 1682 1586 1805 iniit,
1522 1843 1568 2051 quorum
1532 2089 1579 2146 A.
1530 2187 1579 2283 Gu.
1512 2322 1577 2632 Schlcgelius
1523 2661 1571 2943 etiamimi-

1463 1249 1506 1379 tatus
1447 1429 1502 1534 est,
1459 1580 1505 1668 sed
1439 1715 1502 2088 perr-ersissima
1435 2140 1496 2361 ratione3
1448 2415 1495 2526 vide
1442 2563 1493 2843 Herderum
1440 2892 1489 2942 in

1365 1251 1413 1364 opp.
1382 1404 1428 1462 ad
1379 1502 1421 1631 artes
1360 1667 1424 1899 ingenuas
1358 1936 1419 2113 pertin.
1369 2152 1417 2209 T.
1365 2246 1416 2420 XVlll.
1351 2456 1397 2504 p.
1362 2546 1411 2654 147.

1208 1309 1261 1357 ἢ
1220 1391 1261 1459 Cf.
1214 1498 1260 1791 illusa-azioni
1213 1838 1254 1882 di
1211 1923 1252 2007 duc
1209 2050 1250 2149 vasi
1207 2198 1248 2317 fittili
1207 2362 1244 2442 etc.
1203 2484 1242 2658 trovato
1203 2699 1243 2742 in
1189 2788 1242 2935 Festo,

1148 1393 1190 1539 Roma
1142 1579 1188 1701 1809.
1143 1773 1184 1838 De
1138 1882 1181 2056 Helena
1122 2103 1178 2329 Aegyptia
1134 2373 1176 2515 editor
1130 2557 1173 2809 dubitanter
1130 2860 1157 2934 co—

1065 1389 1121 1515 gitat.
