5010 3336
2641 3222 2674 3327 &uili—ill&

2959 3303 2987 3323 .;
2945 3230 2988 3283 lsi-

3034 3228 3068 3333 *ltllsslvz

3422 3223 3493 3285 41.

1144 2183 1213 2319 3445

1307 2891 1355 3058 fuisse.
1299 2664 1362 2824 Pergit
1294 2433 1344 2632 Proclus
1292 2337 1338 2399 de
1303 2161 1337 2303 nomo
1295 1886 1347 2126 exponere
1278 1747 1325 1841 sie:
1272 1417 1334 1678 „Creditur

1390 2892 1433 3055 autem
1376 2573 1442 2859 Terpander
1373 2358 1435 2539 primus
1381 2164 1414 2337 nomon
1361 1861 1424 2130 perfecisse
1355 1564 1403 1827 heroico
1368 1483 1398 1530 m
1367 1418 1397 1467 e—

1468 2954 1511 3054 tro
1453 2588 1515 2919 utend0*)‚
1450 2362 1498 2539 deinde
1444 2179 1492 2329 Arion
1440 1768 1500 2144 Methymnaeus
1448 1629 1480 1721 non
1444 1415 1493 1584 parum

1541 2836 1595 3053 auxisse,
1549 2641 1596 2787 quum
1534 2473 1578 2604 esset
1529 2312 1574 2441 idem
1526 2136 1585 2279 poeta
1524 2052 1565 2100 et
1514 1690 1564 2015 citharoedus.
1508 1413 1570 1623 Phrynis

1622 2892 1666 3052 autem
1612 2533 1674 2855 Mitylenaeus
1620 2328 1654 2497 novam
1599 2050 1646 2283 rationem
1595 1798 1641 2006 induxit:
1592 1408 1637 1742 hexametrum.

1697 2922 1744 3049 enim
1708 2777 1740 2883 cum
1690 2583 1737 2740 soluto
1693 2393 1733 2548 metro
1674 2055 1743 2357 (λελυμένῳ)
1671 1774 1720 2018 coniunxit
1674 1692 1715 1740 et
1667 1542 1729 1649 plus
1679 1410 1709 1487 se-

1780 2914 1838 3048 ptem
1770 2686 1819 2881 chordis
1780 2533 1814 2651 usus
1768 2410 1811 2497 est.
1758 2057 1806 2342 Timotheus
1751 1823 1811 2032 deniqne
1763 1680 1794 1788 eum
1746 1563 1806 1645 qui
1757 1406 1790 1531 nunc

1858 2967 1900 3043 est
1850 2699 1898 2917 ordinem
1841 2466 1907 2650 (τάξιν)
1833 2184 1887 2421 induxit.”
1834 2029 1880 2119 His
1830 1760 1876 1982 continuo
1824 1513 1872 1715 Proclns
1821 1404 1867 1465 de

1928 2733 1992 3042 dithyrambo
1922 2470 1973 2709 subiunxit
1920 2237 1966 2447 haecce:
1909 1824 1974 2201 „Dithyrambus
1904 1562 1952 1788 incitatus
1899 1402 1946 1527 mul-

2015 2840 2071 3042 tumque
2005 2631 2053 2808 furoris
2016 2488 2048 2594 cum
1996 2201 2045 2451 saltatione
1988 1870 2045 2156 ostendeus,
1984 1761 2030 1820 ad
1978 1400 2028 1728 vehementio—

2104 2959 2137 3040 res
2085 2708 2133 2909 affectus
2084 2365 2143 2671 comparatus
2080 2230 2133 2329 est,
2072 2112 2134 2192 qui
2065 1900 2116 2077 numini
2058 1639 2125 1863 (Bacchi)
2058 1396 2106 1603 maxime

2164 2735 2215 3036 conveniunt.
2160 2588 2207 2651 Et
2158 2282 2205 2544 vehemens
2149 1873 2205 2236 concitatusque
2146 1753 2188 1827 est
2137 1491 2186 1706 numeris
2138 1395 2182 1445 et

2242 2749 2308 3035 simpliciori
2239 2556 2287 2708 utitur
2235 2299 2283 2521 dictione.
2230 2049 2277 2231 Nomos
2227 1835 2270 2001 contra
2222 1588 2282 1789 propter
2229 1394 2261 1555 mores

2323 2768 2387 3033 composito
2318 2568 2381 2718 gradu
2331 2466 2361 2520 ac
2310 2168 2371 2421 magnifico
2304 1895 2352 2125 incedens
2296 1504 2346 1862 remissioribus
2296 1390 2339 1467 est

2401 2818 2451 3032 numeris
2402 2731 2446 2781 et
2395 2515 2458 2697 duplici
2393 2328 2438 2479 utitur
2388 2083 2435 2293 dictione
2376 1723 2444 2035 (διπλασίαις
2376 1580 2431 1689 ταῖς
2370 1388 2431 1547 λέξεσι

2478 2756 2545 3030 κέχρηται).
2477 2518 2535 2679 Atque
2473 2339 2519 2483 etiam
2464 2028 2514 2291 harmoniis
2461 1886 2508 1982 suis
2464 1580 2516 1838 utrumque
2465 1388 2515 1538 genus

2558 2709 2625 3029 peculiaribus
2554 2486 2600 2664 utitur:
2547 2100 2611 2428 dithyrambus
2541 1928 2587 2055 enim
2536 1622 2597 1882 Phrygiam
2531 1483 2577 1574 sibi
2533 1385 2575 1435 et

2634 2628 2702 3026 Hypophrygiam
2630 2363 2685 2594 vindicat,
2640 2146 2674 2311 nomos
2627 1953 2668 2109 autem
2610 1383 2665 1913 citharoedorum

2720 2729 2782 3023 systemate,
2711 2509 2773 2693 Lydio,
2712 2156 2769 2473 temperatur.
2699 1880 2747 2085 Videtur
2699 1686 2742 1847 autem
2690 1381 2751 1651 dithyram—

2800 2930 2847 3019 bus
2796 2847 2842 2897 in
2791 2523 2841 2813 rusticorum
2788 2378 2834 2486 lusu
2791 2292 2831 2341 et
2782 2005 2829 2247 hilaritate
2778 1848 2823 1970 inter
2771 1638 2835 1811 pocula
2771 1380 2830 1605 repertus

2892 2884 2934 3020 esse,
2886 2671 2921 2837 nomos
2873 2475 2915 2636 autem
2881 2416 2911 2442 a
2878 2200 2926 2383 paeane
2859 1949 2905 2165 fluxisse.
2853 1796 2899 1883 Ille
2850 1624 2896 1748 enim
2861 1376 2894 1589 commu-

2957 2914 3005 3019 nior
2957 2777 3009 2880 est,
2949 2669 2995 2730 ad
2946 2500 2995 2623 mala
2939 2092 2990 2452 averruncamla
2932 1722 2993 2049 conscripum,
2928 1603 2974 1685 hic
2924 1373 2988 1569 proprie

3035 2954 3083 3016 ad
3029 2640 3095 2912 Apollinem
3024 2370 3089 2598 pertinet.
3018 2159 3067 2297 Unde
3029 1945 3063 2113 nomos
3008 1654 3057 1896 furibundi
3003 1493 3053 1612 nihil
3004 1370 3050 1462 ha—

3114 2901 3168 3014 het,
3111 2730 3157 2854 sicut
3102 2332 3166 2681 dithyrambus.
3099 2177 3146 2246 lbi
3097 2015 3144 2143 enim
3087 1699 3138 1982 temulentia
3089 1581 3131 1654 est
3085 1487 3128 1537 et
3080 1370 3128 1444 lu-

3206 2900 3244 3008 suS,
3189 2792 3235 2841 in
3199 2591 3232 2734 nomo
3179 2165 3242 2543 supplicationes
3180 2056 3220 2106 et
3170 1829 3218 2011 multus
3167 1627 3212 1775 decor
3158 1367 3223 1581 (ταξις)ε

3283 2804 3330 3010 namque
3265 2666 3327 2772 ipse
3260 2503 3322 2633 quod
3258 2298 3303 2470 attinet
3255 2203 3301 2263 ad
3266 2002 3299 2168 sonum
3242 1652 3309 1966 (κρουσμὸν)
3241 1448 3287 1617 ordine
3242 1364 3285 1414 et·

3344 2736 3409 3004 composita
3341 2528 3389 2716 ratione
3334 2194 3398 2500 (συστήματι
3323 1767 3389 2170 κατεσταλμένῳ)
3316 1509 3369 1742 incedit.⁷'
3316 1364 3363 1441 Ex

3427 2925 3475 3003 his
3422 2743 3471 2885 facile
3418 2415 3479 2701 intelligitur
3428 2196 3461 2370 nomon
3411 1984 3474 2149 epicae
3406 1770 3468 1935 poesi,
3397 1362 3460 1721 dithyrambum

3503 2710 3554 3001 dramaticae
3498 2409 3545 2662 finitimum
3493 2209 3539 2363 fuisse
3487 2096 3550 2190 **).
3484 1774 3533 2002 Traditur
3483 1569 3527 1730 autem
3474 1360 3523 1523 Xeno-

3664 2891 3717 2941 ³l²)
3660 2639 3703 2862 Plutarch.
3657 2493 3698 2607 Mus.
3670 2422 3696 2457 c.
3652 2343 3694 2391 ὗε
3649 2215 3693 2294 τὸν
3648 1858 3704 2171 Τέρπανδρον,
3635 1501 3695 1819 κιθαρῳδικῶν
3648 1356 3675 1463 ποι-

3728 2747 3787 2860 ητὴν
3727 2607 3772 2716 ὄντα
3725 2406 3779 2577 νόμων,
3720 2249 3764 2364 κατὰ
3719 2080 3773 2219 νόμον
3716 1866 3760 2050 ἕκαστον
3715 1701 3759 1826 τοῖς
3708 1510 3750 1665 ἔπεσι
3705 1355 3750 1475 τοῖς

3799 2649 3843 2856 ἑαυτοῦ
3796 2515 3838 2610 καὶ
3796 2363 3841 2485 τοῖς
3790 2095 3845 2335 Ὁμήρου
3788 1959 3841 2064 μέλη
3779 1632 3839 1931 προςτιθέντα
3774 1506 3833 1601 ᾄδε
3789 1439 3815 1487 ιν
3770 1355 3813 1408 ἐν

3873 2733 3918 2852 τοῖς
3866 2468 3922 2693 α’γῶσιν.
3861 2148 3914 2393 Ἀποφῆναι
3856 2048 3901 2096 δὲ
3855 1836 3897 1998 τοῦτον
3849 1584 3904 1785 ὀνόματα
3844 1353 3900 1532 πρῶτον

3943 2758 3988 2853 τοῖς
3938 2406 3993 2728 κιθαρῳδικοῖς
3931 2203 3982 2370 νόμοις.
3925 1939 3980 2133 ςΟμοίως
3922 1862 3965 1910 δὲ
3918 1557 3977 1829 Τερπάνδρῳ
3911 1349 3956 1528 Κλονᾶν

4007 2770 4051 2851 τὸν
4008 2564 4063 2742 πρῶτον
3999 2205 4056 2535 συστησάμενον
3996 2070 4045 2177 τοὺς
3989 1753 4051 2029 αὐλῳδικοὺς
3988 1550 4042 1716 νόμους
3982 1437 4025 1513 καὶ
3975 1349 4022 1406 τὰ

4076 2631 4133 2849 προςόδια
4073 2321 4127 2582 ἐλεγείων
4084 2228 4110 2282 τε
4067 2094 4109 2190 καὶ
4065 1906 4107 2053 ἐπῶν
4056 1620 4114 1867 ποιητὴν
4048 1347 4109 1572 γεγονέ-

4163 2737 4190 2846 ναι.
4148 2516 4200 2678 Quater
4141 2326 4198 2488 Pythia
4138 2152 4179 2307 vicisse
4136 1879 4188 2133 Terpander
4131 1603 4176 1851 ferebatur,
4123 1469 4165 1572 ibid.
4135 1408 4159 1444 c.
4116 1345 4158 1388 4.

4218 2878 4272 2951 '‘i‘l‘)
4218 2629 4258 2849 Plutarch.
4216 2485 4256 2598 Mus.
4227 2417 4253 2452 c.
4210 2336 4249 2385 4:
4202 2223 4250 2291 ὅτι
4205 2145 4248 2193 δὲ
4206 2072 4247 2115 οἱ
4199 1746 4257 2043 κιθαρῳδικοὶ
4194 1586 4250 1718 νόμοι
4191 1512 4233 1556 οἱ
4186 1342 4230 1484 πάλαι

4284 2798 4338 2842 ἐξ
4284 2645 4329 2763 ἐπῶν
4285 2318 4330 2606 συνίσταντο,
4274 2048 4330 2273 Τιμόθεος
4272 1828 4327 2019 ἐδήλωσε
4272 1711 4312 1799 κτλ.
4265 1526 4318 1645 'Lyra
4261 1342 4301 1486 autem

1566 800 1579 811 l
1660 812 1661 815 η

1200 876 1207 883 ¹
1290 866 1593 889 --33-4422-*2272527-a447-
1608 874 1609 877 ,
1623 877 1628 880 ,
1646 875 1682 879 ,-
1707 870 1711 876 ι
1781 873 1815 875 ,Π
1845 859 1862 879 ⁴}
1878 868 1909 879 x·
1931 857 1994 873 ..m-12

2005 863 2008 866 Δ
2018 856 2073 871 1³22-
2080 866 2094 875 ἶ,
