5010 3336
1006 2153 1060 2232 89

1153 2918 1204 3015 οὐκ
1151 2722 1214 2884 ἔστιν,
1151 2579 1202 2685 ἀλλ’
1146 2251 1213 2541 Εὐριπίδης
1148 2090 1198 2216 αὐτὸ
1146 1777 1213 2055 πεποίηκεν
1145 1678 1198 1745 ἐν
1151 1363 1209 1634 πολλοῖς

1234 2663 1297 3014 δράμασιν.
1227 2485 1280 2575 Ἐν
1226 2343 1292 2437 μέν
1245 2240 1292 2295 γε
1227 2007 1291 2196 Δανάῃ
1228 1795 1291 1956 (codd.
1229 1490 1292 1739 Λαναῖδι)
1230 1362 1279 1455 τὸν

1314 2828 1379 3016 χορόν,
1312 2663 1371 2775 τὰς
1312 2262 1376 2618 γυναῖκας,
1305 2051 1370 2216 ὑπὲρ
1305 1792 1356 2001 αὑτοῦ
1326 1687 1357 1745 τι
1310 1361 1375 1641 ποιήσας

1396 2634 1457 3017 παρειπεῖν,
1390 2232 1453 2594 ἐκλαθόμενος,
1386 2115 1445 2193 ὠς
1386 1830 1449 2080 ἄνδρας
1386 1576 1452 1789 λέγειν
1389 1362 1439 1534 ἐποί-

1485 2902 1538 3016 ησε
1479 2764 1537 2845 τῷ
1471 2419 1536 2700 σχήματι
1470 2253 1534 2365 τῆς
1465 1941 1527 2182 λέξεως
1465 1767 1525 1879 τὰς
1474 1360 1531 1708 γυναῖκας.

1555 2887 1601 3017 Duas
1571 2771 1602 2851 res
1554 2535 1600 2735 multum
1552 2374 1597 2501 inter
1565 2296 1596 2349 se
1550 2054 1595 2267 diversas
1548 1768 1594 2025 miscuisse
1548 1552 1596 1742 videtur
1568 1358 1614 1525 gram-

1634 2798 1681 3016 maticus.
1632 2588 1693 2727 Quod
1631 2429 1678 2552 enim
1631 2347 1675 2393 in
1628 2147 1674 2311 multis
1627 1848 1690 2113 tragoediis
1626 1622 1674 1802 sactum
1645 1460 1676 1569 esse
1632 1359 1677 1416 ab

1712 2780 1776 3016 Euripide
1713 2648 1769 2743 ait,
1715 2550 1757 2599 et
1725 2457 1757 2518 ne
1708 2133 1771 2421 Sophoclem
1706 1903 1768 2097 quidem
1706 1634 1753 1867 eiusmodi
1709 1355 1769 1598 parabasi-

1791 2924 1839 3016 bus
1790 2597 1839 2888 abstinuisse
1794 2329 1844 2563 testatur,
1786 1913 1849 2281 intelligendum
1790 1785 1831 1859 est
1788 1479 1833 1741 carminum
1805 1357 1851 1441 ge-

1885 2926 1917 3016 nus
1870 2774 1917 2892 illud
1869 2615 1928 2736 dici,
1884 2468 1929 2561 quo
1868 2223 1914 2433 feminae
1870 1967 1927 2188 tanquam
1865 1844 1911 1932 viri
1863 1748 1911 1808 de
1865 1571 1911 1716 rebus
1866 1355 1913 1534 diffici-

1949 2812 1996 3014 lioribus
1947 2289 2009 2775 sublimioribusque,
1961 2038 2007 2237 quarum
1943 1805 1990 2002 scientia
1948 1627 2005 1770 atque
1945 1356 2008 1593 indagatio
1969 750 1990 754 ι

2034 2820 2090 3013 captum
2027 2498 2074 2785 feminarum
2042 2229 2088 2459 superare
2025 1950 2080 2194 videatur,
2024 1624 2071 1912 inducantur
2024 1353 2071 1599 disseren-

2112 2939 2155 3016 tes
2112 2841 2154 2890 et
2106 2529 2153 2793 masculino
2106 2199 2168 2484 plerumque
2119 1977 2165 2154 genere
2104 1650 2158 1931 verborum,
2120 1464 2166 1586 quae
2103 1354 2151 1413 ad
2127 687 2160 715 i·

2187 2887 2250 3017 ipsas
2186 2562 2243 2852 reserantur,
2189 2307 2232 2527 utentes:
2182 2111 2246 2268 qualia
2182 1864 2229 2074 carmina
2187 1779 2228 1829 et
2183 1699 2228 1746 in
2181 1487 2230 1665 Medea
2182 1352 2231 1453 Eu-

2266 2846 2330 3015 ripidis
2270 2758 2311 2808 et
2265 2675 2311 2724 in
2264 2348 2327 2642 reliquarum
2263 2025 2319 2313 fabularum,
2277 1866 2322 1989 quae
2266 1636 2317 1840 exstant,
2262 1351 2325 1599 plerisque

2346 2853 2391 3014 inesse
2343 2572 2389 2809 videmus·
2342 2406 2390 2502 Sed
2342 2234 2387 2357 ultra
2343 2072 2387 2199 hunc
2340 1842 2386 2037 modum
2341 1562 2403 1807 vulgarem
2342 1478 2387 1527 in
2342 1352 2389 1443 hac
2327 702 2401 750 Η

2423 2768 2486 3013 tragoedia
2427 2415 2483 2721 processerat
2420 2079 2483 2367 Euripides,
2435 1886 2481 2029 quum
2435 1735 2465 1829 non
2420 1535 2467 1689 solum
2436 1351 2468 1487 suam
2450 743 2466 747 i

2518 2758 2567 3014 personam
2502 2674 2547 2722 in
2500 2439 2546 2637 chorum
2500 2078 2545 2402 transtulisset
2504 1991 2544 2041 et
2514 1872 2543 1957 suo
2498 1729 2544 1835 loco
2498 1528 2545 1697 altiora
2515 1353 2561 1500 quae-
2473 736 2578 748 ς

2582 2901 2629 3013 dam
2579 2657 2641 2865 cogitata
2578 2342 2640 2621 explicanda
2578 2111 2623 2305 feminis
2577 1787 2635 2063 tribuisset,
2577 1643 2623 1730 sed
2579 1448 2624 1595 etiam
2578 1351 2625 1411 de
2495 706 2671 746 '¹5

2676 2959 2707 3014 se
2660 2803 2722 2927 ipso,
2657 2704 2704 2765 de
2656 2507 2703 2669 studio
2671 2382 2703 2470 suo
2660 2297 2703 2345 et
2656 2016 2712 2264 facultate,
2655 1918 2702 1978 de
2656 1659 2718 1883 operibus
2656 1564 2703 1623 ad
2657 1351 2705 1527 docen-
2657 739 2694 745 l

2741 2898 2787 3014 dum
2736 2424 2798 2860 delectandumque
2735 2142 2783 2389 theatrum
2734 1954 2797 2107 aptiS,
2734 1838 2781 1899 de
2740 1574 2799 1801 suscepto
2736 1350 2783 1538 drama·
2720 739 2763 746 ¹*
2674 704 2774 710 i

2820 2928 2866 3013 tici
2821 2720 2881 2894 poetae
2831 2484 2862 2682 munere
2815 2302 2861 2448 verba
2813 2034 2873 2266 fecisset,
2814 1843 2861 1980 chori
2830 1603 2878 1809 persona
2817 1353 2863 1570 abutens.
2785 704 2870 708 i

2898 2840 2960 3015 Neque
2895 2756 2942 2807 id
2895 2492 2953 2721 carmine,
2893 2368 2941 2454 sed
2893 2205 2941 2331 insta
2895 1951 2952 2182 oratione,
2894 1730 2941 1915 factum
2911 1584 2943 1694 esse
2896 1351 2945 1541 Plutar-
2876 703 2895 707 Ι

2979 2890 3025 3010 chus
2974 2645 3037 2841 (fragm.
2974 2503 3023 2597 ine.
2972 2331 3038 2464 132.)
2974 2109 3034 2279 docet,
2973 1909 3020 2051 simul
2974 1612 3023 1864 exordium
2976 1441 3024 1568 illius
2978 1348 3025 1397 in

3056 2797 3105 3009 medium
3054 2478 3117 2760 proferens:
3051 2413 3101 2441 ὁ
3056 2243 3117 2377 γοῦν
3051 1916 3116 2208 Εὐριπίδης
3051 1692 3102 1881 εἰπών·

3125 2646 3133 2667 n

3134 2652 3149 2661 ‘J

3132 2795 3192 2876 „ai
3131 2713 3181 2758 δ’
3142 2543 3196 2677 ησαν
3131 2151 3197 2508 άνθρώποισιν
3130 1927 3197 2115 ὠνητοὶ
3133 1729 3197 1893 λόγοι,
3115 675 3194 705 {2⁴

3210 2706 3270 2876 οὐδεὶς
3210 2609 3261 2675 ἂν
3210 2413 3261 2573 αὑτὸν
3207 2323 3262 2378 εὖ
3210 2122 3277 2287 λέγειν
3210 1818 3276 2087 ἐβούλετο·
3199 704 3202 705 ¹

3295 2776 3342 2879 νῦν
3290 2696 3340 2740 δ’
3319 2599 3326 2659 --
3288 2506 3341 2561 ἐκ
3292 2254 3354 2470 βαθείας
3291 2122 3356 2221 γὰρ
3292 1844 3357 2088 πάρεστιν
3290 1600 3357 1809 αἰθέρος
3302 642 3342 705 Ἠ.

3372 2696 3436 2877 λαβεῖν
3370 2478 3436 2661 άμισθί
3402 2388 3407 2440 -
3377 2249 3429 2347 πᾶς
3389 2142 3429 2217 τις
3371 1935 3437 2109 ἥδεται
3369 1732 3435 1898 λέγων

3452 2814 3502 2877 τά
3454 2738 3501 2780 τ’
3453 2572 3501 2699 ὄντα
3450 2452 3500 2539 καὶ
3451 2322 3516 2418 μή·
3451 2098 3515 2280 ζημίαν
3451 1965 3515 2064 γὰρ
3451 1834 3500 1929 οὐκ
3448 1654 3514 1800 ἕχει,”
3512 709 3514 711 ¹

3532 2649 3600 3008 φορτικωτάτῃ
3531 2362 3598 2600 κέχρηται
3530 1974 3597 2317 μεγαλαυχία,
3527 1496 3595 1928 συγκαταπλέκων
3531 1345 3587 1451 τοῖς
3529 671 3596 719 ⁸14}

3611 2549 3681 3008 τραγῳδουμένοις
3612 2316 3662 2507 πάθεσι
3610 2196 3662 2282 καὶ
3612 1900 3677 2163 πράγμασι
3610 1705 3677 1865 μηδὲν
3609 1344 3676 1673 προςήκοντα
3624 700 3650 718 ⁴

3697 2891 3746 3007 τὸν
3692 2703 3757 2856 περὶ
3693 2455 3743 2667 αὐτοῦ
3693 2191 3757 2411 λόγον.

3778 2907 3826 3006 Sed
3782 2666 3824 2855 cantum
3791 2432 3839 2621 quoque
3775 2266 3822 2378 hnic
3774 2015 3821 2220 orationi
3774 1667 3822 1969 subiunctum
3771 1478 3819 1631 fuisse
3785 1344 3818 1428 ve-

3858 2803 3905 3007 risimile
3861 2680 3905 2768 est.
3855 2410 3902 2611 Interim
3854 2129 3901 2365 infantem
3870 2058 3900 2083 a
3854 1909 3900 2009 filia
3855 1818 3900 1864 in
3867 1526 3915 1771 gynaeceo
3855 1346 3914 1489 partu

3938 2822 3984 3003 editum
3951 2658 3982 2769 esse
3934 2361 3998 2623 putandum
3939 2234 3980 2324 est.
3932 1947 3980 2163 Reverso
3933 1764 3996 1912 igitur
3934 1687 3979 1734 in
3948 1471 3979 1663 scenam
3930 1342 3993 1446 regi
3966 819 3994 836 ,ι

4031 2889 4063 3003 mox
4014 2687 4062 2845 infans
4014 2438 4061 2640 affertur
4017 2343 4061 2392 et
4018 2177 4060 2288 ante
4013 1967 4075 2118 pedes
4012 1665 4059 1911 tollendus
4011 1344 4074 1616 deponitur,
4011 810 4014 811 ’

4099 2745 4156 3002 praesente
4094 2540 4158 2705 regina
4089 2443 4141 2493 et
4109 2382 4139 2408 a
4109 2294 4139 2347 se
4092 2075 4139 2259 editum
4107 1932 4139 2041 esse
4092 1630 4139 1898 simulante.
4090 1340 4136 1537 Summa

4174 2820 4222 3005 laetitia
4174 2562 4223 2781 Acrisius
4173 2322 4221 2525 effertur
4177 2194 4220 2290 tam
4171 1872 4235 2159 inopinatam
4171 1555 4219 1837 felicitatem
4185 1468 4217 1523 ea
4169 1342 4215 1427 de-
