5010 3336
1052 2093 1105 2172 35

1194 2651 1243 2969 tersectorum
1194 2314 1258 2613 sepulturam
1193 2063 1253 2277 civibus,
1194 1939 1255 2019 qui
1199 1792 1241 1903 sunt
1196 1713 1242 1760 in
1195 1531 1255 1678 urbe,
1198 1300 1245 1497 manda·

1279 2815 1322 2971 turus.
1306 2724 1314 2777 -
1275 2499 1322 2688 Alteras
1274 2319 1336 2464 igitur
1274 2122 1320 2288 turbas
1288 2026 1320 2085 ex
1272 1752 1334 1990 prioribus
1278 1581 1321 1718 natas
1276 1299 1338 1546 videmus3

1369 2879 1401 2973 non
1359 2695 1401 2829 caret
1353 2280 1401 2651 difficultatibus
1353 2056 1400 2232 solutio
1350 1517 1415 2009 impedimentorum,
1371 1298 1419 1457 neque

1434 2743 1480 2975 minuitur
1437 2379 1496 2710 spectatorum
1432 2004 1496 2340 exspectatio:
1430 1673 1493 1959 supplicium
1434 1495 1480 1623 enim
1436 1300 1483 1461 immi-

1518 2891 1559 2975 net
1512 2520 1559 2857 innocentibus
1516 2432 1558 2482 et
1513 2118 1574 2397 suspicione
1510 1847 1574 2082 perfidiae
1511 1674 1557 1794 socii
1514 1567 1560 1625 ab
1513 1299 1564 1519 Hectore

1596 2923 1638 2974 et
1590 2670 1638 2889 Troianis
1591 2381 1638 2632 abalienati
1596 2218 1640 2345 sunt.
1590 2043 1637 2148 Hos
1589 1750 1651 2006 scrupulos
1606 1607 1637 1713 cum
1596 1301 1643 1579 mortalium

1685 2834 1717 2975 nemo
1671 2595 1717 2785 solvere
1686 2389 1734 2546 neque
1671 2175 1718 2340 dilutis
1669 1843 1716 2124 criminibus
1669 1543 1718 1796 veritatem
1674 1301 1736 1492 aperire

1749 2805 1811 2976 possit,
1756 2631 1798 2769 recte
1756 2543 1798 2593 et
1751 2234 1798 2509 necessario
1751 2077 1798 2197 deus
1750 1776 1796 2040 arcessitur
1746 1654 1813 1740 (cf.
1751 1472 1800 1621 Arist.
1758 1305 1817 1439 poet.

1844 2934 1874 2975 c.
1832 2819 1878 2896 15.
1827 2730 1891 2781 ς.
1833 2648 1877 2692 7.
1829 2409 1879 2578 Vater.
1829 2191 1878 2380 Vindie.
1846 2107 1892 2155 p.
1826 1870 1891 2079 XLIII.).
1828 1488 1893 1799 Conspicitur
1832 1301 1897 1450 igitur

1941 3287 1976 3303 ια,
1950 3216 1967 3253 =.
1906 2831 1954 2977 Musa
1909 2579 1957 2795 sublimis
1910 2494 1957 2542 in
1926 2321 1970 2459 aere,
1910 2184 1956 2273 filii
1908 1917 1956 2138 defuncti
1924 1696 1972 1871 corpus
1911 1427 1959 1649 manibus
1917 1304 1961 1379 te-

2002 2844 2034 2978 nens.
1987 2610 2035 2757 Cuius
2004 2353 2052 2562 persona
2006 2171 2051 2317 quum
2004 1812 2052 2113 nequaquam
2006 1706 2036 1762 ea
2006 1488 2038 1658 caussa
1991 1304 2039 1443 adhi-

2065 2783 2126 2978 beatur,
2073 2681 2114 2733 ut
2068 2499 2115 2634 luctu
2069 2348 2115 2451 eius
2074 2248 2115 2299 et
2069 1985 2115 2205 lamentis
2068 1613 2116 1949 misericordia
2070 1303 2119 1577 afficiamur

2198 3228 2202 3229 Ἰ
2149 2895 2192 2979 aut
2146 2712 2193 2861 occisi
2145 2520 2194 2677 Rhesi
2162 2398 2194 2486 nos
2148 2092 2211 2363 poeniteat,
2147 1800 2195 2047 minimam
2149 1531 2197 1763 orationis
2155 1306 2213 1495 partem

2214 3221 2287 3298 ᾗ..
2222 2756 2271 2984 lamentis
2226 2536 2286 2720 tribuit,
2228 2411 2274 2499 sed
2227 2234 2289 2375 longe
2226 1939 2273 2197 maximam
2227 1774 2275 1905 vitae
2233 1690 2275 1739 et
2229 1422 2277 1658 natalibus
2230 1306 2276 1395 filii

2305 2663 2365 2981 exponendis,
2310 2554 2353 2610 ut
2306 2346 2353 2519 divinis
2307 2027 2368 2309 parentibus
2310 1808 2363 1991 natum,
2307 1603 2355 1771 divinis
2308 1308 2356 1576 nutricibus

2382 2692 2443 2981 educatum,
2385 2607 2431 2656 in
2384 2370 2431 2570 deorum
2401 2127 2432 2331 numero
2385 1728 2447 2092 reponendum,
2402 1531 2449 1679 opera
2387 1309 2435 1482 duum-

2461 2829 2508 2983 virum
2461 2491 2510 2789 Graecorum
2468 2402 2510 2451 et
2463 2114 2511 2367 Minervae
2466 1886 2511 2080 numine
2465 1790 2510 1851 de
2466 1594 2512 1752 medio
2466 1310 2515 1550 sublatum

2555 2873 2587 2985 esse
2556 2470 2602 2837 cognoscamus.
2542 2043 2590 2405 Praedicandae
2543 1862 2606 2010 igitur
2543 1517 2593 1817 Graecorum
2547 1310 2594 1463 victo-

2618 2884 2665 2987 riae
2619 2745 2667 2868 haec
2636 2522 2682 2715 quoque
2621 2221 2669 2500 tribuuntur
2618 2132 2684 2207 *);
2627 1751 2679 2097 verumtamen,
2640 1603 2686 1723 quae
2630 1498 2673 1576 est
2640 1310 2675 1474 rerum

2697 2667 2747 2987 humanarum
2700 2460 2748 2631 vitiosa
2701 2189 2759 2422 conditio,
2705 2097 2749 2151 ut
2701 1932 2748 2063 nulla
2701 1716 2749 1897 laetitia
2703 1509 2751 1680 dolore
2720 1311 2754 1487 vacare

2781 2935 2825 2986 et
2794 2665 2826 2899 summam
2796 2387 2843 2627 quamque
2781 2061 2828 2353 felicitatem
2781 1778 2829 2024 calamitas
2783 1480 2831 1734 celerrime
2785 1313 2832 1445 exei-

2874 2869 2921 2989 pere
2859 2661 2918 2833 soleat,
2859 2408 2907 2624 Graecos
2876 2179 2922 2371 quoque
2861 2026 2920 2145 viro,
2876 1844 2923 1987 quem
2862 1613 2921 1810 habent,
2862 1313 2912 1581 fortissimo

2937 2703 2985 2989 brevissimo
2946 2444 3003 2667 tempore
2941 2169 3003 2410 privatum
2940 2076 2986 2135 iri
2939 1792 2989 2040 docemur.
2941 1611 2988 1725 Pari
2943 1439 2989 1567 enim
2959 1315 2991 1401 su-

3017 2821 3080 2990 perbia
3019 2568 3067 2787 Achilles
3025 2368 3082 2513 atque
3019 2138 3066 2334 Rhesus
3020 1948 3067 2102 elatus
3036 1747 3067 1881 suam
3037 1488 3070 1710 caussam
3039 1315 3071 1453 suas—

3112 2894 3159 2991 que
3097 2734 3145 2861 vires
3114 2672 3145 2698 a
3100 2390 3146 2633 communi
3116 2301 3146 2356 re
3098 1963 3146 2264 Graecorum
3104 1708 3163 1926 separat,
3106 1605 3148 1655 et
3102 1428 3148 1570 simili
3119 1317 3150 1395 ra-

3177 2843 3234 2991 tione,
3192 2712 3224 2806 non
3178 2627 3225 2677 in
3180 2488 3226 2595 acie
3194 2237 3242 2455 pugnans
3213 2200 3234 2212 ,
3180 2072 3226 2159 sed
3179 1854 3226 2038 insidiis
3180 1428 3243 1818 circumventus,
3181 1317 3229 1391 di-

3254 2800 3316 2991 rigente
3256 2614 3302 2766 telum
3258 2450 3316 2561 deo,
3258 2319 3318 2398 qui
3256 2061 3304 2284 Troianis
3258 1842 3318 2001 favet,
3260 1463 3307 1774 occubiturus
3266 1319 3311 1410 est.

3333 2818 3396 2993 Neque
3333 2639 3381 2783 fracti
3335 2426 3382 2597 dolore
3335 2165 3391 2391 Troiani,
3337 2026 3382 2114 sed
3337 1920 3383 1980 ad
3338 1549 3386 1877 ulciscendam
3339 1320 3387 1513 calami-

3418 2841 3460 2994 tatem
3416 2540 3461 2790 nocturnis
3414 2291 3460 2481 insidiis
3413 2072 3460 2254 illatam
3414 1714 3477 2036 paratissimi,
3432 1474 3466 1662 summa
3435 1320 3466 1429 cum

3492 2742 3540 2995 alacritate
3494 2469 3541 2695 continuo
3494 2374 3540 2423 in
3493 2052 3539 2317 certamina
3493 1709 3541 1993 descensuri
3502 1528 3544 1654 sunt.
3496 1319 3547 1451 Vere

3660 2723 3701 2858 melia
3659 2493 3715 2676 dignum
3672 2362 3699 2457 esse
3657 2144 3712 2316 putavit
3658 1953 3699 2109 ducem
3660 1594 3716 1911 Troianorum,
3664 1446 3717 1540 qui,
3678 1322 3708 1401 au-

3724 2735 3770 2857 diens
3729 2365 3780 2705 criminationes,
3742 2246 3769 2331 non
3727 2011 3783 2210 graviter
3732 1672 3774 1977 exardesceret
3736 1596 3774 1638 et
3734 1321 3777 1576 vehementi

3798 2691 3853 2859 impetu
3800 2343 3841 2656 moribundum
3802 1985 3853 2301 prosterneret,
3800 1783 3853 1936 quasi,
3802 1669 3855 1742 qui
3817 1548 3843 1635 non
3803 1461 3845 1516 sit
3805 1323 3845 1428 sub—

3871 2728 3910 2863 misso
3869 2541 3922 2702 animo,
3870 2316 3910 2506 eundem
3868 2016 3910 2289 humanitate
3870 1734 3913 1988 destitutum
3886 1616 3914 1709 esse
3888 1413 3915 1592 necesse
3876 1325 3918 1396 sit.

3940 3201 3970 3264 Νι
3947 2903 4000 2945 *)
3946 2764 3988 2862 Non
3959 2614 4000 2742 posse
3946 2384 3987 2586 Rhesum
3960 2282 4000 2362 pro
3959 2058 4000 2245 persona
3947 1829 4003 2027 principe
3950 1628 4001 1802 haberi,
3950 1557 3991 1595 si
3952 1438 4003 1533 quis
3965 1325 3992 1408 non

4044 3287 4047 3292 γ
4022 3200 4055 3250 μ’·
4031 2804 4058 2858 ex
4015 2547 4069 2770 prioribus
4017 2295 4058 2507 dramatis
4016 2068 4071 2266 partibus
4017 1800 4070 2037 intellexit,
4023 1650 4061 1767 certe
4035 1570 4062 1623 ex
4022 1457 4062 1547 fine
4021 1325 4062 1428 dili-

4123 3287 4128 3292 .
4113 3246 4131 3265 a,
4090 2703 4142 2860 genter
4086 2433 4127 2681 examinato
4087 2160 4141 2411 perspicere
4088 1953 4141 2135 poterit3
4093 1878 4130 1922 et
4089 1672 4132 1855 iniectus
4095 1577 4131 1642 est
4092 1325 4144 1557 scrupulus

4156 2727 4198 2862 etiam
4157 2549 4198 2707 Vatero
4156 2340 4211 2528 (Vindio.
4173 2272 4212 2315 p.
4157 2062 4211 2252 XLIV.)‚
4159 1830 4212 2031 quamvis
4160 1595 4202 1807 tenaciter
4162 1326 4216 1563 vulgarem

4239 2670 4268 2865 errorem
4229 2426 4282 2644 amplexo.
4240 1441 4248 1445 '

4285 1836 4333 1917 3*
