5010 3336
1223 696 1266 707 ⁷³„
1275 684 1317 703 ,γε
1325 688 1458 703 ων...
1468 699 1486 702 ⁴<

1159 723 1204 738 ,φ’

630 678 633 679 ⁷
687 697 698 701 „
740 684 1211 714 LN—‘k—am-÷ssw⁶--—---·

3864 2129 3919 2250 422

3725 1350 3774 1710 matrimonium
3725 1765 3774 1924 datam
3723 1972 3759 2085 esse
3707 2137 3776 2401 (ἐξεδόθη)
3719 2453 3771 2671 affirmat
3711 2718 3765 3025 scholiastes·

3645 1348 3693 1542 Horum
3644 1577 3688 1742 autem
3644 1780 3692 1995 omnium
3642 2050 3689 2292 contraria
3641 2341 3689 2506 insunt
3622 2540 3689 2728 Hygini
3624 2764 3686 2886 (fab.
3616 2923 3678 3027 ⁷2.)

3556 1345 3612 1634 narrationi,
3550 1691 3595 1836 quam
3548 1874 3606 2107 sequutus
3562 2145 3605 2221 est
3560 2256 3609 2563 Welckerus.
3556 2633 3606 2700 Et
3555 2733 3603 2877 huius
3538 2914 3598 3027 qui-

3485 1346 3533 1459 dem
3483 1496 3532 1808 coniecturae
3467 1843 3531 2116 fragmenta
3480 2151 3528 2346 fabulae
3463 2391 3527 2546 magis
3476 2583 3524 2729 etiam
3460 2769 3506 2913 quam
3471 2949 3516 3027 te-

3404 1345 3453 1625 stimonium
3386 1674 3451 2018 Aristophanis
3399 2061 3448 2381 reluctantur.
3380 2463 3447 2832 Discrepantiae
3391 2877 3425 3026 unum

3309 1345 3373 1625 exemplum
3308 1660 3369 1928 protulisse
3320 1965 3369 2209 sufficiet:
3304 2259 3351 2437 corpus
3316 2485 3365 2737 interfecti
3312 2772 3362 3025 etiamtum

3245 1345 3289 1515 contra
3243 1548 3291 1624 ius
3225 1659 3290 1994 pietatemque
3239 2037 3287 2341 inhumatum
3236 2377 3285 2592 iacuisse
3236 2640 3268 2699 ex
3218 2751 3284 3027 fragmento

3163 1341 3215 1499 XVII.
3147 1523 3206 1742 apparet.
3146 1814 3209 2060 Hyginum
3160 2098 3203 2267 contra
3160 2295 3206 2335 si
3143 2366 3204 2633 sequimur,
3140 2671 3198 2902 quattuor
3151 2936 3198 3027 mi-

3083 1340 3132 1526 nimum
3082 1560 3129 1711 lustra
3082 1746 3129 1875 inter
3066 1905 3128 2150 Polynicis
3078 2190 3120 2396 mortem
3077 2433 3118 2483 et
3074 2502 3124 2779 Maemonis
3058 2816 3120 3026 agnitio-

3005 1341 3038 1453 nem
2987 1515 3051 1805 interposita
3002 1864 3049 2022 fuisse
2997 2079 3045 2387 statuendum
2997 2451 3043 2562 erit.
2994 2648 3043 2808 Movit
2991 2858 3034 3024 autem

2924 1339 2975 1658 Welckerum
2922 1680 2969 1890 maxime
2920 1916 2970 2175 Matthiaei
2902 2199 2964 2475 scrupulus,
2916 2500 2948 2595 non
2900 2623 2963 2865 habentis,
2897 2904 2965 3026 quo-

2846 1339 2894 1487 modo
2829 1524 2876 1730 poenam
2840 1768 2888 2104 contumaciae
2839 2147 2871 2257 cum
2821 2305 2883 2585 nuptiarum
2832 2631 2882 2869 felicitate
2830 2907 2862 3025 con-

2765 1338 2815 1544 ciliaret.
2764 1614 2810 1679 At
2762 1726 2794 1833 eam
2759 1880 2807 2272 conciliationem
2756 2308 2805 2512 deorum
2753 2559 2800 2758 numine
2750 2794 2799 3025 effectam

2686 1338 2719 1450 esse
2670 1487 2733 1760 fragmenta
2681 1796 2729 1926 XIV.
2680 1964 2722 2013 et
2677 2048 2727 2222 XVIII.
2675 2259 2723 2539 ostendunt.
2661 2608 2721 2752 Quod
2672 2789 2718 2830 si
2655 2872 2702 3022 quae-

2594 1336 2639 1432 raS,
2591 1468 2652 1583 quid
2603 1620 2649 1680 ad
2600 1699 2649 1943 Bacchum
2599 1973 2630 2078 sors
2583 2102 2645 2373 Antigonae
2580 2402 2642 2710 pertinuerit,
2590 2744 2638 3024 rectissime

2524 1335 2576 1626 Welckerus
2506 1663 2569 1771 ipse
2519 1807 2567 1928 vidit
2518 1963 2565 2112 serias
2515 2154 2564 2334 Bacchi
2515 2370 2546 2428 eo
2503 2467 2562 2561 die,
2498 2600 2545 2693 quo
2512 2722 2559 2846 haec
2495 2875 2542 3021 agan-

2434 1334 2491 1433 tur,
2444 1468 2492 1668 haberi:
2427 1707 2473 1824 quas
2424 1850 2470 1944 quo
2437 1972 2485 2177 consilio
2435 2204 2482 2404 finxerit
2418 2429 2481 2709 Euripides,
2431 2750 2479 2797 in
2415 2821 2472 3020 promtu

2366 1335 2409 1413 est
2348 1439 2414 1742 intelligere:
2345 1788 2406 2002 primum
2356 2029 2403 2154 enim
2354 2193 2403 2341 Marti
2352 2368 2399 2640 contrarius
2352 2667 2394 2742 est
2337 2777 2398 3018 Bacchus,

2271 1333 2319 1492 neque
2268 1519 2329 1682 potuit
2266 1712 2326 1843 pacis
2277 1875 2326 2087 felicitas
2276 2114 2306 2173 ex
2274 2200 2322 2318 belli
2272 2338 2320 2612 calamitate
2258 2647 2318 2839 melius,
2254 2875 2301 3020 quam

2207 1330 2255 1414 illa
2206 1434 2253 1560 festa
2188 1589 2234 1825 sacraque
2183 1852 2241 2287 repraesentando,
2193 2312 2239 2506 ostendi
2177 2532 2240 2613 *);
2190 2650 2238 2827 deinde
2173 2856 2236 3019 prius-

2110 1331 2157 1475 quam
2124 1511 2175 1633 festi'
2122 1677 2169 1783 (lies
2102 1832 2166 2192 sollemnesque
2099 2228 2146 2521 superorum
2111 2558 2158 2762 deorum
2109 2800 2157 3019 celebra-

2034 1330 2090 1516 rentur,
2045 1552 2092 1737 luctum
2043 1766 2089 1814 in
2040 1840 2086 2063 universa
2036 2094 2084 2290 civitate
2035 2324 2082 2455 finiri
2034 2485 2063 2541 ac
2017 2577 2079 2758 deponi
2017 2795 2078 3019 lugubria

1966 1329 2014 1513 decuit.
1953 1583 2013 1724 Quod
1947 1749 2010 1987 Antigone
1944 2016 2004 2274 quominus
1939 2303 2003 2410 ipsa
1939 2435 1986 2630 quoque
1947 2651 2000 2841 faceret
1937 2869 1982 3015 quum

1887 1329 1937 1555 Creontis
1883 1593 1933 1885 crudelitate
1866 1920 1927 2296 prohiberetur,
1877 2347 1917 2396 et
1875 2431 1921 2511 dei
1873 2557 1905 2696 sacra
1858 2731 1919 3015 pollueban-

1809 1327 1851 1406 tur
1807 1453 1847 1503 et
1791 1551 1853 1703 magis
1788 1742 1850 2007 conspicua
1798 2055 1846 2359 reddebatur
1796 2407 1843 2551 huius
1781 2588 1840 2814 miseria,
1775 2864 1821 3015 quum

1728 1326 1775 1430 sola
1727 1465 1774 1595 inter
1724 1623 1774 1778 laetos
1707 1807 1771 1999 lugeret
1702 2027 1767 2389 squaleretque‚
1716 2427 1758 2475 et
1698 2506 1761 2809 augebantur
1709 2830 1759 3015 Creon-

1647 1324 1695 1388 tis
1636 1424 1695 1631 scelera‚
1644 1668 1693 1853 festum
1627 1891 1689 2194 profanantis
1638 2231 1668 2285 ac
1635 2320 1685 2507 luctum
1634 2544 1681 2695 sacris
1630 2730 1680 3015 immiscen-

1565 1322 1615 1403 tis.
1568 1474 1616 1555 Sic
1565 1593 1614 1686 deo
1564 1722 1612 1772 in
1547 1807 1605 1972 partes
1542 2011 1607 2284 Antigonae
1542 2319 1597 2517 vocato,
1538 2566 1601 2685 quid
1538 2721 1599 2928 mirum,
1549 2968 1597 3011 si

1486 1322 1534 1544 eiusdem
1470 1582 1530 1859 praesentis
1480 1895 1527 2105 numinis
1477 2142 1525 2321 auxilio
1461 2357 1523 2493 virgo
1471 2531 1514 2727 servata
1470 2763 1517 2876 est?
1469 2911 1517 3011 Re-

1407 1322 1454 1471 motis
1390 1508 1453 1661 igitur
1387 1696 1449 1996 obstaculis7
1384 2034 1431 2157 quae
1397 2190 1444 2295 viro
1394 2331 1444 2667 eruditissimo
1379 2718 1438 3009 offecerunt,

1326 1321 1375 1563 diversam
1307 1600 1372 1959 interpretandi
1318 1996 1365 2123 viam
1301 2158 1364 2526 ingrediendam
1312 2564 1344 2677 esse
1311 2713 1343 2907 censeo.

1228 1447 1294 1643 Prologi
1227 1691 1288 1868 agendi
1238 1911 1271 2085 munus
1219 2122 1283 2394 Antigonae
1234 2441 1281 2619 tribuo.
1231 2692 1279 2886 Initium
1228 2923 1260 3009 au-

1167 1319 1211 1417 tem
1151 1454 1210 1694 prooemii
1144 1730 1209 2085 Aristophanes
1156 2124 1205 2245 Ran.
1155 2283 1187 2327 v.
1156 2367 1201 2511 1212.
1151 2549 1198 2789 servavit:

1070 1449 1142 1518 ἧν
1072 1558 1133 1815 Οἰδίπους
1080 1849 1130 1906 τὸ
1063 1942 1126 2155 πρῶτον
1058 2190 1125 2456 εὐδαίμων
1057 2490 1125 2643 ἀνήρ,

1005 1451 1060 1539 εἶτ’
988 1578 1055 1768 ἐγένετ’
989 1808 1055 1967 αὖθις
984 2002 1047 2327 ἀθλιώτατος
978 2360 1043 2586 βροτῶν.

927 1318 975 1394 Ex
923 1433 973 1640 Athenis
916 1704 965 2028 cummaxime
914 2078 947 2323 reversam
913 2374 945 2485 esse
895 2535 961 2774 virginem
892 2824 951 3001 putan-

754 1374 808 1422 ss)
761 1456 806 1672 conferas
758 1706 788 1887 carmen
758 1920 799 1963 in
744 1991 798 2262 Phoenissis,
740 2294 781 2380 quo
748 2410 794 2724 bacchantium
746 2743 789 2912 laetitia
744 2933 783 3000 at-

682 1457 723 1540 que
689 1570 733 1741 insania
688 1771 715 1873 cum
670 1903 726 2215 proeliantium
682 2243 726 2395 furore
678 2422 722 2623 luctuoso
663 2654 714 2951 comparatur.
