5010 3336
3864 2096 3922 2217 272

3714 1457 3777 1912 „Conveniunt
3724 1960 3768 2208 matres
3708 2252 3775 2739 Phylaceides,
3718 2787 3768 2998 etmihi

3644 2155 3692 2416 clamant:

3567 1585 3617 1753 Indue
3550 1786 3614 2002 regale-5,
3552 2037 3615 2346 Laodamia,
3559 2381 3611 2539 sinuS.

3485 1458 3535 1672 Scilicet
3469 1707 3533 1822 ipsa
3469 1858 3517 2035 geram
3484 2069 3525 2334 saturatas
3481 2368 3529 2562 murice
3471 2595 3522 2776 vesteS,

3406 1582 3455 1739 Bella
3406 1772 3453 1862 sub
3405 1900 3453 2077 Iliacis
3403 2111 3451 2370 moenibus
3402 2407 3449 2495 ille
3384 2528 3447 2719 gerat?

3308 1452 3375 1575 Ipsa
3326 1611 3357 1779 comas
3308 1805 3365 2007 pectar‚
3308 2043 3370 2198 galea
3306 2235 3363 2389 caput
3322 2427 3368 2515 ille
3303 2545 3367 2854 prematur?

3229 1580 3295 1704 Ipsa
3245 1741 3277 1896 novas
3231 1930 3284 2111 vestes7
3243 2150 3291 2283 dura
3243 2317 3288 2395 vir
3241 2433 3272 2577 arma
3224 2598 3286 2788 ferat?

3153 1454 3215 1567 Qua
3148 1595 3196 1820 possum,
3147 1856 3210 2093 squalore
3163 2128 3203 2242 tuos
3161 2276 3209 2483 imitata
3159 2518 3207 2719 labores

3072 1578 3133 1759 Dicar,
3085 1799 3125 1848 et
3084 1885 3131 2013 haec
3083 2050 3131 2168 belli
3064 2201 3123 2431 tempora
3080 2466 3126 2630 tristis
3064 2668 3122 2873 agam.’'

3007 1316 3057 1459 Talia
3006 1513 3054 1710 alteruis
2989 1749 3051 1964 strophis
3005 2000 3035 2027 a
3003 2063 3050 2213 choro
3002 2259 3043 2308 et
3001 2356 3049 2620 Laodamia
3000 2671 3047 2855 cantari
2985 2899 3033 2988 po-

2926 1315 2972 1528 tuerunt.
2925 1596 2974 1776 Statim
2924 1812 2963 1973 autem
2908 2020 2965 2135 post
2908 2183 2969 2418 parodum
2920 2468 2968 2770 Protesilaus
2920 2818 2953 2989 rursus

2833 1312 2895 1513 prodire
2831 1564 2893 1738 potuit.
2844 1821 2894 2080 Laetitiam
2826 2119 2890 2394 coniugum,
2841 2440 2889 2488 iu
2840 2524 2881 2742 mutuum
2824 2780 2872 2988 conspe-

2768 1311 2809 1443 ctum
2753 1480 2813 1816 redeuntium,
2750 1864 2813 2027 lyricis
2763 2080 2810 2293 numeris
2747 2338 2804 2458 puto
2746 2496 2792 2776 expressam
2759 2814 2809 2989 fuisse.

2689 1310 2737 1453 Hanc
2687 1488 2734 1593 sine
2685 1638 2734 1785 dubio
2669 1823 2731 2094 excipiebat
2683 2129 2730 2396 sciscitatio
2682 2445 2724 2615 mutua
2680 2660 2723 2709 et
2669 2757 2727 2987 narratio,

2610 1311 2651 1366 ut
2608 1400 2655 1509 fieri
2592 1545 2653 1698 solet,
2590 1737 2636 1884 quum
2587 1920 2645 2036 post
2587 2071 2651 2261 longius
2601 2296 2649 2606 intervallum
2601 2644 2649 2737 sibi
2600 2771 2649 2987 reddun-

2528 1308 2569 1389 tur
2525 1417 2567 1649 amantes.
2508 1719 2572 1958 Opinatur
2522 1993 2571 2256 Laodamia
2522 2291 2567 2519 maritum
2519 2555 2567 2683 bello
2521 2719 2567 2815 iam
2521 2852 2553 2986 com-

2432 1305 2495 1467 posito
2445 1503 2493 1694 redisse
2445 1730 2487 1778 et
2428 1813 2484 2054 perpetuo
2441 2078 2474 2357 mansurum
2429 2396 2472 2524 esse,
2425 2560 2486 2691 quod
2424 2726 2482 2987 utrumque

2350 1305 2408 1449 negat
2363 1484 2414 1809 Protesilaus:

2266 1437 2335 1771 „Seseque
2265 1806 2329 2123 iiperire
2279 2157 2326 2499 mavolunt
2264 2538 2326 2796 ibidem,

2198 1440 2255 1641 Quam
2202 1678 2234 1815 cum
2183 1848 2242 2085 stupro
2199 2120 2246 2421 rebitere
2198 2469 2246 2549 ad
2197 2595 2229 2744 suos
2180 2781 2228 2982 popu-

2120 2140 2166 2343 laris³⁹
2104 2371 2168 2431 ²¹².)

2047 1303 2096 1415 Hoc
2044 1450 2093 1688 redeundi
2043 1724 2091 1888 studio
2025 1923 2089 2141 suspicio
2041 2177 2087 2319 uxori
2040 2356 2087 2570 iniicitur
2023 2611 2086 2857 praelatae
2036 2898 2070 2980 ae-

1967 1302 2015 1491 mulae:

1874 1434 1935 1599 „Aut
1883 1634 1917 1809 nunc
1864 1844 1929 2205 quaepiam
1880 2242 1928 2383 alia
1880 2417 1921 2479 te
1879 2515 1927 2635 illo
1874 2670 1925 2980 Asiatico

1800 2129 1842 2370 ornatu
1784 2408 1846 2717 affluens

1727 1434 1776 1567 Aut
1722 1621 1775 1969 Sardiano
1721 2021 1753 2099 ac
1720 2143 1770 2360 Ludio
1703 2396 1767 2687 fulgens
1715 2734 1767 2981 decore

1641 2133 1683 2200 et
1624 2234 1687 2463 gloria

1561 1432 1616 1812 Pellicuit.”

1487 1296 1536 1389 His
1485 1426 1519 1481 se
1467 1517 1531 1875 suspicionibus
1480 1912 1531 2213 Protesilaus
1480 2250 1512 2345 non
1478 2380 1526 2519 aliter
1462 2565 1509 2709 quam
1476 2756 1509 2868 vera
1475 2901 1526 2977 fa-

1405 1295 1453 1446 tendo
1403 1481 1453 1694 liberare
1388 1731 1450 1921 potuit:

1313 1426 1374 1555 Οὔκ,
1323 1595 1374 1707 ἀλλ’
1322 1745 1375 1811 ἔτ’
1308 1850 1377 2093 ἔμπνουν
1303 2123 1375 2296 Ἀΐδης
1303 2328 1368 2382 μ’
1305 2418 1370 2623 ἐδέξατο
1306 2646 1364 2744 ‘'⁵²¹‘.)

1244 1424 1293 1517 His
1227 1567 1290 1786 peractis
1240 1842 1287 2077 Acastum
1237 2123 1288 2420 intervenire
1235 2467 1269 2673 necesse
1238 2720 1288 2837 fuit:
1222 2892 1285 2977 qui

1149 1294 1212 1553 antequam
1148 1589 1211 1830 prodiret,
1160 1868 1209 2007 chori
1158 2042 1192 2239 carmen
1156 2273 1205 2535 recitatum
1156 2571 1190 2683 esse
1142 2718 1205 2977 suspicor:

980 1346 1034 1399 ἢ
977 1429 1033 1614 Fragm.
986 1646 1031 1732 inc.
988 1756 1016 1798 n.
988 1821 1030 1891 25.
970 1952 1029 2098 Vulgo
983 2139 1026 2292 redire.
983 2360 1028 2513 Bothii
979 2548 1025 2848 coniecturam
977 2895 1021 2975 ad-

921 1432 949 1549 llllSI.

840 1320 897 1399 Μ)
836 1429 894 1614 Fragm.
848 1646 890 1729 inc.
846 1761 874 1812 ex
843 1835 889 2023 Luciani
829 2044 887 2257 Necyom.
830 2283 886 2496 petitum3
839 2530 883 2586 cf.
837 2617 882 2779 Matth‘
826 2803 866 2846 p.
839 2873 883 2973 411.

781 1430 809 1473 n.
779 1504 822 1600 189.
