5010 3336
3901 2146 3957 2226 70

3758 1344 3808 1508 Etiam
3762 1543 3811 1805 scholiasta
3746 1837 3812 2175 Lycophronis
3763 2209 3811 2270 ad
3763 2305 3794 2346 v.
3751 2381 3811 2521 42l.,
3764 2557 3811 2693 cuius
3761 2728 3808 2883 verba
3760 2921 3792 3031 cum

3665 1345 3729 1632 Apollodori
3682 1647 3730 1808 verbis
3683 1830 3731 1938 fere
3666 1957 3725 2244 congruunt,
3667 2266 3732 2502 quaedam
3683 2534 3729 2805 accuratius
3679 2825 3729 3030 indicat:

3586 1346 3653 1583 φυγὼν
3601 1617 3654 1673 δὲ
3602 1707 3653 1735 ὁ
3591 1775 3653 1957 Φοῖνιξ
3587 1990 3659 2150 ἦλθε
3587 2184 3653 2313 πρὸς
3588 2356 3655 2564 Πηλέα,
3602 2615 3653 2703 καὶ
3593 2738 3651 2795 ὃς
3587 2830 3652 3032 ἀπαγα-

3504 1345 3571 1456 γὼν
3520 1505 3571 1667 αὐτὸν
3508 1700 3571 1833 πρὸς
3522 1865 3573 1958 τὸν
3508 1992 3572 2232 Χείρωνα
3521 2265 3572 2464 ἔπεισεν
3503 2499 3572 2621 ὑγιῆ
3505 2660 3572 2907 γενέσθαι
3520 2941 3572 3030 ὑπ’

3439 1347 3489 1543 αύτοῦε
3426 1567 3488 1785 itemque
3425 1801 3496 1962 γνοὺς
3440 1987 3490 2148 αὐτὸν
3440 2174 3491 2203 ὁ
3424 2228 3492 2519 πατὴρ-κ
3423 2536 3472 2653 ατη
3425 2672 3470 2700 ρ
3440 2718 3489 2796 α’σ
3439 2814 3471 2890 ατ
3437 2907 3470 2934 ο
3422 2962 3489 3033 μὴ

3357 1345 3405 1561 τεκεῖν
3350 1596 3409 1866 παῖδας.
3361 1903 3408 2048 Patet
3361 2075 3392 2134 ex
3361 2157 3408 2231 his
3361 2268 3393 2359 non
3362 2392 3391 2418 a
3359 2446 3408 2595 Peleo
3344 2636 3405 2741 ipso
3358 2771 3406 3032 abductum

3278 1347 3310 1459 6886
3268 1492 3327 1818 Phoenicem,
3281 1868 3328 1917 id
3265 1964 3328 2094 quod
3281 2130 3329 2341 coniecit
3260 2376 3329 2696 Welckerus‚
3279 2753 3327 2839 sed
3279 2878 3326 3032 solum

3198 1346 3230 1458 cum
3182 1503 3245 1784 paedagogo
3200 1831 3231 1857 e
3185 1900 3249 2058 patria
3201 2103 3250 2277 abisse.
3201 2348 3250 2577 Extrema
3198 2628 3241 2793 autem
3198 2830 3246 3031 Tzetzis

3119 1346 3166 1494 verba
3118 1532 3150 1641 cum
3120 1678 3168 1821 Ennii
3104 1857 3169 2056 fragm„
3105 2112 3169 2240 quod
3121 2278 3164 2355 est
3105 2389 3169 2516 apud
3120 2557 3168 2661 Cic.
3118 2701 3166 2837 Orat.
3118 2876 3151 2917 c.
3104 2952 3165 3034 46,

3022 1349 3085 1645 conspirant.

2942 1478 3006 1770 Fragmenta
2961 1806 3005 1998 exstant
2946 2032 3010 2355 paucissima,
2946 2404 2993 2612 quorum
2958 2662 3003 2828 tamen
2957 2862 2990 3033 nume-

2877 1347 2909 1432 rus
2864 1468 2921 1671 augetur
2865 1706 2928 1921 reliquiis
2880 1959 2930 2152 fabulae
2868 2187 2930 2453 Ennianae7
2880 2491 2929 2552 de
2862 2589 2928 2834 Euripidis
2877 2869 2911 3034 exem-

2783 1349 2846 1473 plari
2782 1510 2832 1789 expressae.

2719 1478 2767 1735 Prooemio
2720 1774 2768 2047 docendum
2721 2081 2769 2178 fuit
2722 2212 2769 2363 illud:

2638 1483 2690 1591 ὅττι
2627 1625 2673 1720 περ
2625 1757 2688 1947 ἤχθετο
2628 1984 2691 2141 πατρὶ
2627 2177 2690 2482 σαόφρονος
2640 2517 2692 2688 εἵνεκα
2623 2722 2687 2931 ματρός,

2551 1600 2610 1919 παλλακίδος
2545 1955 2610 2148 δούλης
2546 2185 2612 2370 λέκτρα
2540 2405 2612 2736 προςιεμὲνῳ.

2479 1346 2528 1561 Primam
2463 1597 2525 1742 igitur
2480 1777 2521 1985 matrem
2481 2022 2528 2280 Phoenicis
2480 2315 2528 2602 Alcimeden
2463 2638 2526 2865 prodisse
2462 2895 2521 3034 puto,

2401 1347 2432 1404 ac
2400 1440 2447 1502 de
2383 1535 2446 1666 turpi
2399 1703 2445 1830 senis
2400 1864 2448 2068 libidine
2386 2104 2443 2421 conquestam
2400 2459 2430 2597 esse:

2307 1479 2369 1769 „Stzcltu'
2307 1824 2362 1945 est,
2302 1997 2367 2103 qui
2305 2140 2369 2394 cupida
2303 2447 2366 2722 cupiens
2300 2771 2365 3033 cupien-

2242 2191 2283 2299 ter
2224 2337 2286 2573 cupit.”

2160 1349 2209 1473 Cum
2161 1509 2193 1660 senex
2147 1693 2208 1865 virgini
2160 1901 2208 2106 acerbus
2151 2164 2208 2257 sit,
2162 2310 2204 2410 tum
2159 2447 2192 2541 non
2158 2591 2205 2750 minus
2141 2796 2205 3034 virginem

2079 1349 2128 1453 seni
2081 1487 2128 1743 molestam
2081 1782 2112 1893 esse
2074 1929 2128 2063 dicit,
2067 2103 2130 2232 quod
2084 2271 2129 2315 ei
2082 2352 2128 2509 soleat
2062 2543 2127 2810 imperare:

1984 1481 2050 1758 μοχθηρόν
2000 1793 2053 1933 ἐστιν
1986 1969 2052 2124 ἀνδρὶ
1984 2160 2050 2424 πρεσβύτῃ
1989 2459 2052 2569 νέα,

1903 1479 1970 1700 ἡβῶσαν
1909 1736 1971 1870 ὅςτις
1919 1907 1971 2088 οὐκέθ’
1903 2126 1971 2320 ὡραῖος
1904 2354 1966 2513 γαμεῖ
1905 2532 1971 2613 *)·

1837 1480 1890 1733 δέσποινα
1823 1768 1889 1869 γὰρ
1824 1904 1889 2116 γέροντι
1822 2148 1889 2366 νυμφίῳ
1823 2400 1889 2553 γυνή.

1664 1480 1730 1673 πικρὸν
1661 1706 1730 1799 νέα
1663 1831 1729 2047 γυναικὶ
1662 2082 1728 2374 πρεσβύτης
1662 2408 1729 2560 ἀνήρ.

1599 1477 1647 1554 Ex
1584 1588 1646 1763 quibus
1598 1801 1644 2024 coniicias
1599 2074 1646 2180 sere
1586 2230 1644 2433 eadem,
1582 2483 1630 2605 quae
1581 2654 1641 2859 agantur
1581 2904 1644 3033 apud

1518 1346 1566 1616 Homerum
1505 1643 1566 1720 (Il.
1508 1746 1566 1831 IX,
1503 1869 1567 2215 448-495.)‚
1517 2253 1559 2359 acta
1517 2394 1550 2505 esse
1518 2541 1565 2689 etiam
1502 2726 1564 2854 apud
1517 2889 1566 3032 Euri-

1422 1344 1485 1510 pidem
1437 1545 1484 1604 ab
1438 1639 1484 1732 hac
1437 1765 1485 1976 femina:

1370 1612 1377 1671 --
1341 1707 1407 1743 ἦ
1356 1779 1408 1823 δ’
1357 1861 1409 1974 αἰὲν
1343 2009 1410 2096 ἐμὲ
1356 2130 1410 2424 λισσέσκετο
1343 2472 1409 2686 γούνων

1276 1476 1327 1755 παλλακίδι
1260 1787 1324 2126 προμιγῆναι,
1276 2164 1327 2231 ἵν’
1260 2270 1329 2503 ἐχθήρειε
1262 2536 1330 2775 γέροντα.

1183 1345 1247 1518 Neque
1197 1576 1240 1741 tamen
1196 1797 1245 2018 Phoenix
1180 2068 1239 2131 τῇ
1194 2178 1246 2359 πίθετο
1195 2405 1246 2494 καὶ
1182 2539 1249 2735 ἔρεξενε
1198 2788 1242 3032 testantur

1119 1346 1166 1475 enim
1118 1512 1161 1561 et
1115 1596 1165 1749 schol.
1116 1787 1159 1838 et
1116 1871 1164 2098 Eustath.
1116 2135 1163 2196 ad
1116 2221 1162 2274 Il.
1107 2315 1165 2399 lx,
1116 2446 1163 2558 447.
1102 2629 1166 2784 Culpa
1118 2831 1151 3032 vacasse

1036 1346 1088 1643 Phoenicem
1021 1676 1085 1927 Euripidis
1036 1947 1067 1958 :
1035 2010 1087 2100 καὶ
1019 2123 1086 2416 Εὐριπίδης
1036 2451 1088 2506 δὲ
1036 2541 1087 2573 οὶ
1036 2587 1068 2619 ν
1036 2636 1067 2668 α
1023 2681 1069 2718 μ
1037 2733 1087 2765 οἱ
1023 2779 1069 2809 ρ
1038 2824 1071 2852 τ
1022 2865 1069 2897 η
1038 2913 1071 2940 τ
1038 2957 1070 2985 o
1038 2998 1071 3030 ν

863 1410 918 1452 *)
862 1481 917 1626 Vulgo
861 1664 922 1901 μοχθηρόν
873 1941 917 2062 ἐστιν
858 2095 917 2230 α’νδρὶ
860 2274 919 2501 πρεσβύτῃ
874 2546 917 2725 τέκνα
869 2764 918 3030 δίδωσιν,

799 1484 854 1604 δ’ςτις
793 1631 844 1738 urz„
792 1786 846 1902 quod
802 1946 845 2187 absurdum
803 2232 842 2310 est.
804 2368 845 2573 Aliorum
804 2619 846 2888 coniecturas
805 2927 848 3030 vide

723 1486 764 1556 ap.
733 1588 777 1750 Matth.
721 1781 761 1823 p.
734 1853 777 1938 289
719 1968 760 2061 seq.
731 2095 774 2162 cf.
733 2194 774 2328 etiam
730 2358 774 2509 Valck.
732 2541 775 2669 diatr.
720 2700 760 2743 p.
735 2773 777 2872 273.
