5010 3336
3928 2107 3987 2233 514

3795 1428 3845 1755 Conferamus
3794 1770 3844 1868 iam
3792 1888 3827 2001 cum
3790 2028 3840 2122 hac
3772 2137 3837 2337 Ulyssis
3766 2357 3838 2631 ἄνασκευῇ
3777 2660 3831 2898 Hecubae
3773 2922 3810 3023 πα-

3698 1317 3765 1588 ρασκευήν
3700 1622 3765 1690 *).
3695 1740 3761 2188 Argumentorum,
3693 2239 3753 2419 quibus
3703 2454 3751 2580 haec
3689 2619 3748 2803 utitur,
3682 2840 3729 3022 genera

3634 1316 3676 1431 sunt
3622 1467 3681 1594 duo,
3633 1642 3682 1852 alterum
3627 1908 3663 2167 commune
3628 2204 3674 2264 ad
3625 2302 3658 2473 omnes
3605 2514 3670 2761 Graecos,
3614 2812 3664 3022 alterum

3538 1313 3601 1575 proprium
3554 1619 3601 1681 ad
3536 1732 3600 1966 Ulyssem
3531 2017 3593 2286 pertinens.
3545 2358 3592 2424 Et
3541 2470 3591 2589 illud
3524 2628 3586 2829 quidem
3520 2865 3567 3022 genus

3474 1315 3520 1437 satis
3472 1474 3521 1723 infirmum
3458 1763 3513 1864 est,
3469 1900 3515 1978 vel
3466 2016 3507 2151 certe
3464 2188 3511 2399 alienum
3463 2438 3494 2463 a
3458 2500 3506 2717 moribus
3454 2755 3504 3019 institutis-

3380 1315 3426 1412 que
3383 1449 3439 1643 aetatiS,
3376 1681 3422 1808 quae
3387 1845 3429 2048 vocatur
3380 2082 3433 2299 heroica.
3379 2374 3430 2584 Omnino
3376 2622 3423 2754 enim
3372 2790 3423 3018 homines

3298 1313 3345 1404 pro
3312 1440 3360 1611 bestiis
3309 1642 3357 1889 immolari
3306 1925 3349 2114 rectum
3303 2155 3334 2267 esse
3287 2294 3341 2465 negat:
3284 2505 3345 2653 quisi
3296 2693 3342 2769 vel
3293 2805 3340 3019 maxime

3232 1312 3281 1597 immolandi
3221 1633 3276 1747 sint,
3227 1787 3270 1955 sontes
3209 1994 3273 2142 deligi
3207 2178 3262 2429 oportere,
3218 2468 3250 2562 non
3214 2589 3264 2878 innocentes
3212 2916 3254 2965 et
3212 2991 3242 3018 a

3152 1310 3183 1485 caussa
3150 1519 3198 1758 malorum
3143 1814 3192 2189 remotissimos
3126 2260 3189 2394 Ergo
3135 2432 3187 2673 Helenam
3132 2712 3181 3017 caedendam

3063 1309 3102 1440 esse,
3071 1479 3113 1528 et
3070 1566 3117 1681 belli
3067 1717 3114 1982 auctricem
3066 2018 3105 2065 et
3062 2087 3112 2278 formae
3045 2307 3106 2638 pulcritudine
3039 2666 3094 3016 praestantem.

2990 1308 3037 1447 Haec
2991 1484 3037 1559 sui
2988 1597 3036 1784 saeculi
2986 1822 3034 2113 humanitati
2985 2151 3030 2211 ab
2964 2249 3028 2486 Euripide
2975 2537 3021 2718 tributa
2971 2767 3004 2879 esse
2956 2927 3002 3016 ap-

2894 1307 2951 1478 paret:
2895 1516 2941 1643 quae
2893 1680 2953 1919 quamvis,
2890 1957 2951 2087 qnod
2904 2125 2950 2186 ad
2899 2225 2951 2442 fabulam
2883 2479 2943 2671 attinet,
2892 2710 2941 2869 inania
2878 2900 2937 3015 sint,

2828 1305 2871 1469 tamen
2828 1507 2876 1690 theatri
2811 1726 2873 1934 gratiam
2822 1974 2872 2213 Hecubae
2805 2261 2863 2533 potuerunt
2812 2568 2860 2848 conciliare.
2810 2917 2858 3014 Ce-

2748 1305 2792 1469 terum
2747 1507 2790 1562 ut
2746 1598 2788 1733 esset
2728 1770 2784 1976 propter
2728 2013 2790 2142 quod
2741 2179 2789 2286 iure
2738 2321 2787 2530 IIecuba
2720 2561 2783 2732 Ulyssi
2729 2770 2779 3013 irascere-

2668 1304 2711 1387 tur
2668 1424 2710 1475 et
2666 1510 2714 1737 iniuriam
2664 1779 2711 1870 sibi
2663 1906 2710 2014 fieri
2648 2052 2703 2373 quereretur,
2657 2412 2705 2550 illum
2641 2588 2702 2861 quondam,
2649 2898 2682 3013 cum

2587 1303 2637 1445 Ilium
2571 1484 2632 1768 speculator
2569 1803 2631 2072 intrasset,
2578 2126 2621 2377 servatum
2578 2414 2609 2441 a
2559 2477 2622 2645 regina
2570 2683 2622 3013 Troianorum

2506 1303 2539 1418 esse
2505 1466 2553 1607 finxit
2489 1654 2545 1816 poeta.
2502 1887 2551 2054 Minus
2484 2107 2546 2362 probabile
2496 2414 2545 2511 hoc
2477 2563 2541 2818 Euripidis
2476 2865 2523 3012 quam

2426 1302 2475 1510 Homeri
2409 1537 2474 1654 (od.
2415 1686 2474 1734 δ,
2404 1763 2472 1901 242.)
2419 1948 2460 2277 commentum
2416 2311 2448 2423 esse
2412 2459 2462 2691 iudicavit
2410 2715 2459 3012 Eustathius

2346 1301 2379 1412 cum
2343 1451 2392 1732 scholiastis
2326 1783 2390 1883 **),
2324 1923 2371 2045 qnos
2322 2082 2386 2211 fugit
2333 2248 2386 2606 Themistoclis
2315 2644 2378 2925 exemplum
2329 2962 2377 3011 in

2266 1299 2314 1380 his
2249 1418 2313 1665 fingendis
2247 1716 2308 1926 perinde
2244 1975 2297 2124 atque
2257 2162 2303 2209 in
2239 2248 2305 2460 Telephi
2237 2496 2300 2810 discrimine,
2233 2862 2281 3008 quem

2184 1297 2233 1495 hostem
2167 1533 2232 1925 Clytaemnestra
2165 1963 2226 2260 occultavit,
2175 2313 2220 2374 ob
2172 2425 2220 2594 oculos
2155 2631 2219 2864 Euripidi
2169 2899 2200 3009 ver-

2105 1300 2147 1462 satum
2101 1500 2135 1627 csse.
2101 1701 2150 1886 Motam
2100 1927 2141 2091 antem
2099 2129 2129 2242 esse
2083 2278 2143 2567 mulierem,
2079 2619 2136 2839 quamvis
2090 2890 2121 3007 con-

2011 1297 2067 1546 stantem,
2009 1598 2071 1838 dignitate
2005 1886 2061 2031 atque
2017 2076 2066 2364 discrimine
2015 2414 2063 2505 viri
2011 2541 2061 2800 clarissimi
1995 2846 2042 3007 genua

1946 1298 1993 1405 eius
1927 1443 1991 1738 suppliciter
1926 1774 1987 2136 amplectentis,
1937 2175 1979 2229 ut
1922 2255 1984 2508 publicum
1930 2534 1978 2862 commodum*
1914 2886 1961 3006 neg-

1850 1295 1913 1505 ligeret,
1863 1554 1895 1652 non
1862 1690 1904 1766 est
1859 1802 1907 2097 mirandum.
1856 2170 1905 2406 Ceterum
1854 2456 1902 2582 haec
1836 2632 1899 2750 fingi
1832 2798 1892 3007 propter

1768 1298 1834 1655 Polymestoris
1765 1694 1827 1993 supplicium
1777 2036 1810 2244 necesse
1773 2279 1824 2391 fuit.
1758 2462 1822 2638 Neque
1770 2676 1817 2803 enim
1768 2840 1816 3005 credi-

1704 1295 1753 1395 bile
1702 1433 1742 1568 esset
1701 1617 1749 1768 licere
1698 1804 1747 2020 feminae
1680 2058 1743 2280 captivae
1680 2316 1727 2484 regem
1690 2531 1738 2772 victorum
1686 2812 1736 3002 socium

1608 1295 1671 1500 impune
1606 1535 1666 1877 pessumdare,
1618 1914 1665 2009 nisi
1617 2044 1664 2175 viros
1613 2214 1663 2522 Graecorum
1593 2560 1658 2838 principeS,
1606 2887 1655 2916 i.
1603 2955 1639 3000 e.

1528 1294 1591 1717 Agamemnonem
1524 1753 1581 1901 atque
1522 1927 1584 2178 Ulyssem,
1519 2219 1566 2429 quorum
1531 2456 1579 2582 alter
1513 2609 1577 2836 imperio,
1524 2873 1574 3002 alter

1448 1292 1511 1487 ingenio
1445 1525 1508 1698 pollet,
1458 1736 1505 1884 variis
1456 1915 1504 2173 beneflciis
1452 2206 1501 2475 obstrictos
1447 2514 1499 2756 haberet:
1432 2794 1493 2875 qui
1429 2911 1476 3000 pa-

1382 1291 1430 1417 triae
1366 1452 1428 1653 quidem
1376 1690 1423 2005 commodum
1359 2042 1422 2261 privatae
1356 2284 1419 2471 gratiae
1351 2506 1410 2829 postponere,
1346 2866 1411 2998 vulgi

1234 1347 1289 1396 ⁹⁶)
1244 1428 1286 1583 Schol.
1244 1617 1285 1675 ad
1242 1707 1269 1748 v.
1243 1778 1286 1887 298:
1227 1927 1289 2122 Ἑκάβης
1225 2152 1284 2279 λόγοι
1220 2307 1277 2581 παρασκευῇ
1221 2612 1277 2833 ἐοίκασιν,
1228 2867 1273 2913 οὶ
1227 2944 1272 2995 δὲ

1174 1432 1215 1519 τοῦ
1163 1550 1218 1807 Ὀδυσσέως
1155 1838 1218 2089 α’νασκευῇ.

1092 1317 1148 1395 “W)
1103 1424 1145 1632 Eustath.
1101 1667 1142 1748 Od.
1099 1783 1141 1822 δ.
1088 1858 1126 1900 p.
1089 1927 1143 2055 1495,
1099 2087 1143 2139 5:
1096 2174 1139 2252 καὶ
1081 2284 1141 2385 ὅρα,
1093 2418 1141 2490 ὅτι
1092 2522 1136 2638 πολὺ
1074 2671 1135 2995 πιθανώτερος

1032 1433 1077 1458 ὁ
1017 1490 1077 1741 “Ομηρικὸς
1023 1773 1079 1907 οὗτος
1028 1938 1074 2029 ὑπὸ
1012 2079 1073 2225 μόνης
1012 2265 1070 2444 Ἑλένης
1007 2487 1068 2835 οἷναγνωρισμὸς
1001 2872 1065 2992 ἤπερ

961 1431 1007 1455 ὁ
961 1486 1004 1607 κατὰ
946 1639 1005 1925 Εὐριπίδην,
957 1971 1001 2019 ἐν
942 2050 1006 2085 ᾧ
954 2115 997 2192 καὶ
938 2223 995 2281 τῇ
938 2310 1000 2477 Ἑκάβῃ
949 2518 989 2732 κατεῖπεν
936 2762 994 2790 ἡ
932 2822 993 2990 Ἑλένη.

890 1431 932 1586 Schol.
890 1618 931 1676 ad
888 1705 915 1748 v.
888 1780 931 1887 238:
884 1929 933 2171 ἀπίθανον
882 2212 927 2262 δὲ
880 2300 924 2350 τὸ
868 2393 925 2579 πλάσμα
878 2621 922 2700 καὶ
864 2731 924 2814 οὐχ
862 2846 921 2990 ἁρμό-

820 1428 863 1551 διον·
818 1606 865 1662 ου’
804 1717 862 1804 γὰρ
816 1857 863 1915 ὂὶν
801 1957 861 2163 ἐσίγησεν
796 2206 855 2399 Ἑκάβη,
796 2454 853 2676 πολέμιον
791 2720 849 2989 θεασαμένη

746 1427 794 1779 κατοπτεύοντα
745 1808 793 1866 τὰ
742 1898 789 2017 κατὰ
733 2047 787 2157 τοὺς
724 2191 779 2353 Τρῶας
724 2383 782 2645 πράγματα.

1062 3175 1070 3176 7
1086 3169 2702 3187 ‘mv—*⁹-
