5010 3336
3859 2084 3916 2207 360

3717 1432 3778 1621 „Tibi
3727 1661 3776 1717 si
3705 1752 3776 2188 imperasses,
3700 2236 3750 2356 ego
3711 2402 3749 2575 nunc
3709 2609 3744 2735 non
3705 2783 3740 2986 essem

3636 2117 3685 2367 miser.''

3570 1295 3620 1511 Facilius
3567 1545 3616 1676 idem
3565 1730 3598 1837 rem
3545 1873 3610 2236 expedivisset,
3556 2285 3604 2329 si
3553 2376 3597 2489 ante
3550 2524 3598 2685 omnia
3548 2737 3591 2788 et
3534 2834 3581 2984 quae-

3491 1294 3523 1405 nam
3487 1460 3538 1707 Diomedis
3470 1766 3528 1932 partes
3480 1999 3523 2050 et
3463 2112 3525 2346 quidnam
3471 2396 3521 2564 Actori
3469 2622 3517 2726 sive
3468 2779 3516 2987 Hectori

3410 1292 3457 1510 muneris
3406 1548 3455 1787 tributum
3388 1826 3453 2019 fuisset,
3382 2057 3431 2358 cognoscere
3389 2394 3441 2679 studuisset.
3387 2748 3437 2985 Ceterum

3330 1290 3379 1372 hic
3311 1408 3377 1781 diligentissime
3320 1817 3368 2028 omnium
3318 2066 3367 2128 de
3315 2163 3364 2309 huius
3311 2355 3362 2589 dramatis
3293 2628 3366 2985 compositione

3235 1289 3300 1546 inquisivit
3247 1582 3290 1631 et
3244 1666 3292 1847 multos
3226 1883 3288 2105 priorum
3234 2144 3265 2338 errores
3230 2377 3280 2625 refutavit.

3168 1422 3217 1495 De
3149 1544 3214 1778 Aeschyli
3144 1836 3205 2191 compositione
3153 2236 3201 2360 haec
3153 2421 3184 2480 ex
3149 2531 3198 2682 Dione
3146 2726 3196 2979 discimus.

3087 1287 3140 1524 Prodisse
3070 1571 3132 1755 primus
3066 1806 3129 2014 Ulysses
3074 2063 3124 2257 videtur
3072 2306 3121 2464 forma
3068 2523 3116 2724 minime
3064 2782 3109 2981 mutata.

3010 1287 3061 1450 Multo
3007 1501 3053 1630 enim
2990 1668 3051 1857 minus,
2986 1907 3032 2051 quam
2982 2098 3040 2399 posteriores
2976 2448 3031 2649 poetae,
2972 2702 3034 2981 Aeschylus

2914 1284 2977 1620 probabilitati
2919 1656 2971 1904 studebat.
2903 1984 2968 2158 Itaque
2914 2193 2947 2254 ne
2911 2300 2959 2480 chorus
2894 2519 2957 2713 quidem
2907 2751 2956 2981 Lemnio-

2850 1286 2882 1398 rum
2849 1437 2896 1536 ulla
2843 1573 2890 1887 excusatione
2841 1923 2872 2039 usus
2825 2077 2878 2180 est,
2819 2218 2879 2346 quod
2831 2384 2873 2527 antea
2813 2565 2862 2808 nunquam
2827 2847 2875 2976 adis-

2772 1284 2814 1361 set
2754 1396 2818 1756 Philoctetem,
2747 1794 2795 1954 neque
2756 1991 2791 2215 caussam
2752 2253 2800 2487 adventus
2751 2523 2798 2574 in
2749 2610 2796 2823 medium
2732 2861 2779 2975 pro-

2689 1282 2739 1413 tulit.
2684 1484 2736 1722 Eiusdem
2668 1757 2729 1955 generis
2665 1989 2727 2099 fuit,
2661 2136 2723 2265 quod
2674 2305 2723 2366 de
2671 2406 2718 2553 rebus
2660 2578 2716 2815 omnibus,
2654 2855 2700 2976 quo-

2610 1279 2658 1430 modo
2593 1465 2647 1637 gestae
2590 1675 2644 1857 essent,
2599 1896 2647 1957 de
2580 1990 2646 2212 Chrysae
2594 2248 2626 2329 ara
2579 2359 2639 2572 detecta,
2574 2611 2622 2706 quo
2590 2742 2636 2790 in
2573 2828 2620 2979 opere

2532 1280 2564 1308 a
2511 1346 2569 1580 serpente
2521 1616 2571 1896 vulneratus
2518 1944 2564 2004 ob
2501 2042 2548 2249 eamque
2512 2301 2544 2523 caussam
2510 2563 2558 2737 Lemni
2507 2772 2557 2977 relictus

2437 1280 2491 1444 esset,
2447 1482 2493 1545 de
2440 1579 2491 2026 vehementissimis
2422 2063 2484 2343 doloribus,
2418 2380 2478 2554 quibus
2431 2592 2462 2652 ex
2430 2689 2477 2771 illo
2427 2807 2460 2977 morsu

2367 1277 2420 1524 decimum
2364 1559 2413 1656 iam
2362 1693 2395 1868 annum
2346 1907 2405 2232 cruciaretur,
2350 2264 2402 2591 Philoctetem
2350 2628 2397 2742 fuse
2333 2777 2397 2976 lateque

2277 1277 2338 1460 choro,
2271 1510 2330 1740 tanquam
2265 1788 2328 2059 ignoranti,
2276 2109 2325 2227 fecit
2256 2264 2312 2610 exponentem.
2269 2695 2318 2816 Post
2266 2851 2315 2976 haec

2210 1274 2260 1327 in
2207 1362 2241 1562 scenam
2203 1611 2251 1759 rediit
2185 1794 2249 2018 Ulysses.
2196 2102 2245 2154 In
2180 2204 2225 2378 quem,
2175 2430 2231 2688 postquam
2186 2728 2236 2973 Graecum

2129 1275 2163 1332 se
2126 1381 2159 1492 esse
2109 1540 2171 1797 professus
2108 1848 2162 1954 est,
2117 2009 2149 2174 arcum
2112 2225 2162 2525 Philoctetes
2097 2573 2156 2811 intendit,
2107 2884 2155 2973 sed

2032 1273 2097 1528 mitigatus
2045 1576 2092 1756 deinde
2043 1810 2084 1884 est
2040 1939 2087 2052 ficta
2034 2106 2082 2384 narratione
2032 2433 2079 2495 de
2029 2545 2079 2813 infortunio
2024 2863 2074 2970 eius

1956 1273 2019 1435 deque
1963 1493 2014 1844 calamitatibus
1958 1907 2007 2120 universi
1941 2170 2001 2450 exercitus,
1937 2500 1983 2645 quem
1934 2683 1980 2839 paene
1945 2874 1995 2970 iam

1890 1271 1939 1335 ad
1884 1392 1937 1783 internecionem
1879 1847 1929 2055 Achillis
1877 2132 1923 2201 ira
1873 2257 1922 2481 adactum
1870 2560 1902 2673 esse
1865 2734 1914 2968 mentitus

1810 1272 1853 1348 est
1789 1403 1856 1818 interfectumque
1786 1867 1849 2281 Agamemnonem
1793 2333 1835 2383 et
1791 2439 1823 2587 naves
1790 2639 1836 2697 ab
1785 2746 1836 2969 Hectore

1727 1269 1780 1497 incensas
1714 1549 1758 1686 esse3
1721 1737 1770 1948 maxime
1718 1994 1750 2110 vero
1714 2156 1763 2429 delectatus
1709 2475 1753 2637 morte
1692 2673 1756 2869 Ulyssis
1704 2906 1752 2967 ob

1635 1269 1683 1522 caussam,
1630 1568 1688 1799 quantum
1624 1848 1689 1965 fingi
1623 2000 1679 2225 poterat,
1617 2278 1679 2614 turpissimam
1629 2650 1675 2801 illata.
1625 2872 1674 2963 His

1554 1268 1602 1417 quum
1551 1454 1615 1662 Ulysses
1546 1700 1610 2023 perfecisset,
1557 2077 1599 2130 ut
1557 2178 1603 2223 in
1548 2262 1596 2689 conversationem
1545 2728 1593 2965 admitte-

1477 1266 1532 1435 retur,
1486 1485 1518 1599 mox
1480 1636 1532 1917 Philocteta
1476 1967 1525 2219 doloribus
1451 2267 1518 2566 correpto*)
1451 2621 1514 2962 opportunita-

1409 1265 1453 1367 tem
1406 1402 1448 1576 nactus
1404 1614 1445 1691 est
1402 1727 1434 1841 arcu
1385 1878 1445 2102 potiundi
1380 2132 1445 2228 **).
1393 2299 1443 2371 De
1375 2405 1438 2608 reliquis
1387 2659 1419 2753 non
1372 2790 1433 2958 liquet.

1327 1397 1375 1507 Hac
1322 1543 1367 1825 structurae
1303 1874 1366 2194 simplicitate
1298 2242 1345 2387 quum
1293 2427 1358 2690 Euripides
1306 2741 1354 2813 uti
1303 2863 1337 2959 non

1234 1265 1288 1458 posset,
1244 1495 1278 1647 novae
1227 1674 1290 2015 difficultates,
1221 2053 1282 2232 quibus
1233 2268 1264 2350 res
1214 2387 1280 2774 implicarentur,
1225 2813 1271 2856 ei
1224 2887 1271 2956 in—

1165 1261 1215 1532 veniendae
1162 1570 1213 1780 suerunt.
1156 1852 1208 2118 Praeterea
1155 2155 1201 2196 si
1152 2231 1199 2326 hoc
1147 2361 1194 2700 tantummodo
1144 2726 1193 2948 efficien-

1089 1262 1138 1380 dum
1074 1417 1135 1624 fuisset,
1084 1675 1124 1727 ut
1079 1776 1127 1879 sive
1076 1924 1126 2097 lubens
1071 2147 1121 2250 sive
1070 2284 1118 2461 invitus
1066 2499 1117 2804 Philoctetes
1063 2843 1095 2954 cum

1009 1261 1057 1380 telis
1006 1420 1054 1521 suis
1005 1559 1052 1620 ad
1001 1658 1052 1859 Troiam
979 1895 1045 2251 reduceretur,
991 2286 1038 2418 haud
974 2452 1020 2627 magna
986 2662 1032 2844 astutia
982 2878 1030 2951 vel

926 1262 977 1534 calliditate
909 1581 956 1704 opus
919 1750 969 1909 fuisse
911 1945 965 2181 adversus
906 2234 960 2484 hominem
889 2518 948 2776 aegrotum
901 2813 935 2951 eum-

746 1324 801 1377 *)
756 1409 799 1477 Cf·
739 1507 797 1673 fragm·
750 1705 796 1803 229.
735 1837 777 1909 ap.
743 1941 789 2142 Dindorf.

676 1299 730 1380 M<)
669 1411 728 1598 Fragm.
681 1628 725 1727 235.
