5010 3336
2570 3278 2597 3313 ru!

3215 3290 3225 3307 ww
3211 3273 3235 3283 ἦ

1066 2118 1123 2236 195

1217 2826 1281 3009 tragica
1216 2489 1265 2788 Graecorum
1212 2317 1277 2452 poesi
1212 2067 1274 2280 scripsit,
1210 1971 1262 2031 T.
1211 1904 1260 1936 Ι.
1227 1818 1274 1865 p.
1213 1685 1259 1778 132
1226 1480 1276 1645 seqq„
1218 1346 1279 1428 qui

1297 2814 1361 3007 quidem
1301 2728 1343 2777 et
1297 2362 1358 2695 argumentum
1290 2134 1338 2326 fabulae
1291 1969 1337 2100 idem
1291 1778 1338 1934 fuisse
1298 1559 1341 1728 censet
1300 1479 1343 1531 et
1295 1347 1345 1444 fra-

1380 2813 1440 3008 gmenta
1374 2609 1422 2778 eadem
1371 2386 1418 2573 ratione
1370 1987 1433 2352 interpretatur,
1384 1826 1430 1950 quae
1371 1678 1432 1791 quin
1388 1539 1421 1654 vera
1375 1451 1424 1515 sit
1392 1345 1424 1422 ra-

1456 2924 1513 3009 tio,
1455 2629 1501 2868 neminem
1451 2500 1497 2593 iam
1448 2356 1495 2464 sore
1464 2177 1512 2321 spero
1448 2061 1510 2143 qui
1447 1823 1494 2025 dubitet.

1532 2807 1579 2879 De
1531 2628 1578 2772 rebus
1527 2261 1591 2579 personisque
1543 2055 1590 2211 pauca
1526 1772 1574 2011 monenda
1533 1596 1575 1723 sunt.
1531 1347 1582 1528 Exem-

1612 2901 1675 3008 plar
1610 2657 1657 2834 amoris
1609 2378 1671 2606 pietatem
1606 2083 1653 2320 vincentis
1604 1647 1667 2020 Alphesiboeam
1614 1344 1673 1598 proposuit

1690 2716 1750 3007 Euripides,
1687 2527 1735 2662 cuius
1684 2318 1732 2494 amoris
1686 2186 1732 2281 hoc
1685 1999 1747 2152 magis
1684 1668 1732 1962 admirabilis
1688 1567 1733 1635 vis
1694 1454 1737 1529 est
1697 1349 1739 1421 at-

1786 2912 1832 3007 que
1769 2711 1827 2876 robur,
1764 2544 1829 2673 quod
1764 2280 1811 2517 aemulam
1764 2038 1811 2251 habebat
1763 1692 1823 2010 Callirrhoen,
1765 1499 1814 1655 forma
1770 1349 1818 1472 adeo

1849 2674 1904 3010 excellentem,
1850 2568 1890 2622 ut
1843 2377 1890 2533 lovem
1860 2284 1891 2339 ea
1848 2067 1890 2249 tactum
1859 1920 1890 2030 esse
1843 1692 1905 1884 quidam
1845 1348 1908 1657 tradiderint,

1929 2783 1990 3009 quodque
1924 2598 1971 2741 huius
1924 2306 1970 2549 ornandae
1923 1930 1984 2251 ditandaeqne
1938 1711 1970 1881 caussa
1939 1611 1972 1665 se
1925 1409 1987 1567 ipsam
1944 1347 1976 1374 a

2006 2808 2069 3010 coniuge
2004 2522 2067 2773 spoliatam
2018 2374 2049 2484 esse
2002 2130 2049 2339 videbat.
2002 1995 2050 2062 At
2003 1830 2050 1959 enim
2003 1696 2050 1795 fido
2008 1610 2050 1660 et
2008 1346 2055 1587 constanti

2100 2844 2133 3012 amore
2100 2755 2131 2808 se
2099 2695 2129 2721 a
2082 2455 2145 2659 coniuge
2081 2192 2129 2420 dilectam
2097 2045 2128 2156 esse
2082 1715 2142 2017 meminerat,
2088 1421 2146 1679 antequam
2090 1346 2134 1399 et

2164 2842 2227 3010 populi
2162 2561 2209 2807 voluntate
2167 2475 2209 2525 et
2160 2361 2208 2441 dei
2162 2193 2207 2325 iussu
2176 2129 2206 2157 e
2165 1964 2208 2095 terra
2161 1648 2223 1932 pelleretur,
2167 1560 2210 1612 et
2164 1348 2213 1539 veniam

2242 2863 2291 3011 dabat
2241 2522 2297 2830 necessitati,
2257 2379 2302 2474 qua
2241 2272 2287 2352 ille
2239 1948 2286 2245 Callirrhoae
2240 1661 2303 1924 gratificari
2244 1349 2304 1627 cogebatur.

2321 2845 2370 3011 Testis
2326 2733 2368 2808 est
2320 2496 2367 2698 Ovidius
2319 2319 2366 2459 Rem.
2320 2158 2365 2282 455:

2398 2518 2463 2882 „Amphilochi
2400 2324 2458 2500 stater
2414 2225 2443 2288 ne
2396 1960 2460 2191 Phegida
2414 1727 2461 1925 semper
2406 1477 2461 1691 amaret,

2477 2466 2524 2744 Callirrhoe
2477 2309 2539 2444 fecit
2482 2124 2539 2278 parte
2482 1879 2539 2089 recepta
2476 1695 2523 1843 tori.⁷’

2558 2779 2606 3010 Ceterum
2556 2449 2603 2744 aemularum
2560 2317 2601 2413 tam
2555 2037 2615 2279 patientes
2560 1846 2601 1985 erant
2555 1631 2618 1813 probae
2557 1349 2618 1596 mulieres,

2643 2958 2686 3011 ut
2635 2583 2685 2923 Andromache
2649 2494 2679 2547 se
2647 2366 2679 2459 uon
2632 2176 2678 2329 solum
2633 1897 2679 2139 amoribus
2633 1690 2679 1860 harum
2634 1349 2699 1662 suffragatam

2731 2884 2774 3012 esse,
2713 2762 2760 2849 sed
2714 2581 2760 2726 etiam
2727 2294 2758 2552 mammam
2710 2002 2757 2268 infantibus
2727 1910 2757 1969 ex
2712 1810 2758 1886 his
2712 1660 2759 1783 natis
2714 1348 2774 1635 praebuisse

2795 2775 2860 3013 glorietur
2792 2473 2855 2727 (Androm.
2789 2285 2851 2436 222).
2789 1970 2836 2201 Solebant
2790 1786 2836 1913 enim
2791 1483 2853 1741 pellicibus
2795 1348 2842 1419 uti

2871 2609 2938 3015 praestantissimi
2875 2510 2918 2561 et
2870 2212 2917 2466 clarissimi
2869 1981 2931 2159 quique
2869 1821 2925 1936 viri,
2884 1608 2932 1765 neque
2872 1347 2919 1563 nonnulli

2953 2866 3001 3012 etiam
2967 2708 2998 2815 cum
2951 2536 2999 2663 binis
2949 2260 2996 2487 uxoribus
2947 1905 2995 2212 matrimonia
2948 1586 2996 1860 iunxerant.
2949 1348 2998 1521 Mariti

3039 2850 3080 3014 autem
3030 2662 3077 2816 amori
3030 2513 3091 2627 quin
3030 2386 3075 2480 hoc
3026 2040 3075 2350 tribuendum
3026 1823 3085 2002 suerit,
3032 1721 3074 1773 ut·
3043 1504 3076 1676 necem
3030 1351 3077 1455 eius

3110 2679 3168 3014 ulcisceretur,
3124 2550 3155 2642 non
3112 2441 3154 2515 est
3106 2060 3161 2406 dubitandum,
3106 1878 3152 2023 modo
3121 1753 3165 1843 ne7
3123 1608 3153 1715 cum
3108 1460 3155 1573 huic
3109 1350 3157 1426 of-

3190 2902 3236 3013 ficio
3188 2531 3246 2867 satisfaceret,
3186 2257 3232 2481 laesisset
3185 1978 3247 2223 pietatem.
3185 1802 3232 1909 Hae
3186 1534 3233 1753 mulieris
3187 1350 3235 1498 virtu-

3274 2936 3315 3013 tes
3266 2756 3329 2900 plane
3264 2452 3312 2720 contrariae
3268 2304 3310 2414 sunt
3264 2126 3321 2271 vitiis,
3263 1918 3323 2089 quibus
3268 1828 3310 1880 ct
3264 1542 3327 1797 Eriphyle,
3271 1348 3314 1507 mater

3343 2685 3399 3014 Alcmaeonis,
3348 2611 3390 2659 et
3342 2300 3399 2584 Callirrhoe,
3356 2153 3387 2275 uxor
3340 1891 3400 2127 eiusdem,
3343 1636 3404 1864 coniuges
3358 1496 3391 1609 suos
3360 1350 3408 1463 per-

3424 2785 3473 3013 diderunt
3421 2696 3485 2763 *).

3503 2601 3557 2883 Alcmaeon,
3505 2513 3547 2565 ut
3499 2242 3557 2477 excusari,
3500 2143 3545 2207 ita
3514 2014 3545 2107 non
3500 1784 3562 1978 purgari
3504 1568 3563 1748 potest,
3500 1352 3549 1533 fidissi-

3599 2887 3631 3012 mam
3582 2609 3643 2863 coniugem
3579 2334 3641 2583 decipiens
3584 2254 3625 2303 et
3594 2141 3641 2230 per
3577 1888 3625 2106 fraudem
3594 1624 3640 1859 quaerens
3580 1523 3637 1589 id,
3581 1351 3642 1482 quod

3663 2748 3725 3013 impetrare
3659 2415 3723 2715 ingenuitate
3658 2164 3719 2382 potuisse
3656 1923 3704 2131 videtur.
3656 1756 3704 1853 Sed
3658 1488 3706 1710 consulto
3659 1353 3706 1453 Eu·

3741 2808 3805 3013 ripides,
3754 2679 3801 2774 quo
3738 2505 3800 2656 magis
3736 2198 3799 2476 splenderet
3735 1817 3798 2173 Alphesiboeae
3737 1624 3796 1791 virtus,
3737 1464 3785 1592 illius
3738 1353 3786 1439 de-

3820 2784 3867 3013 teriorem
3817 2497 3865 2749 effinxisse
3830 2205 3878 2463 personam
3814 1963 3860 2169 videtur.

3897 2683 3945 2883 Fratres
3896 2506 3943 2649 huius
3910 2365 3957 2460 quo
3893 2168 3954 2318 magis
3892 1998 3939 2133 inviti
3892 1605 3942 1947 Alcmaeonem
3910 1356 3943 1560 necave-

3980 2889 4037 3012 rant,
3976 2759 4023 2854 hoc
3975 2572 4038 2726 magis
3990 2452 4022 2535 eos
3971 2138 4020 2415 exacerbari
3972 1926 4018 2103 sororis
3973 1621 4035 1890 opprobriis
3974 1355 4036 1594 minisque

4071 2921 4119 3010 par
4059 2767 4103 2887 erat.
4053 2468 4101 2698 Ceterum
4055 2258 4116 2431 sponte
4055 2175 4096 2224 et
4050 2037 4097 2139 sine
4051 1852 4112 2004 patris
4051 1530 4100 1819 auctoritate
4067 1358 4101 1495 soro-

4212 2895 4265 2945 a)
4212 2799 4254 2865 cf.
4212 2587 4255 2767 Schoell
4212 2504 4253 2557 de
4213 2329 4254 2473 tetral.
4215 2180 4265 2298 trag.
4208 2065 4250 2149 Att.
4223 1990 4263 2033 p.
4207 1864 4251 1959 134,

4278 1620 4324 1723 13*
