5010 3336
3150 753 3286 763 210--2-22
3291 748 3323 762 11.
3328 756 3524 765 η--.ω;,Τ
3539 758 3579 764 2⁷:-

3037 752 3150 761 gua-2³

2454 736 2458 740 ¹
2520 738 2676 759 <fif—⁶52.
2671 754 2718 759 -.-

3976 2078 4033 2198 238

3838 1306 3903 1694 congredientes
3845 1742 3896 1918 deinde
3842 1952 3891 2001 in
3834 2036 3881 2283 certamen
3830 2317 3881 2443 alter
3806 2476 3873 2888 magniloquentia
3813 2923 3856 2974 et

3755 1300 3813 1565 praerupta
3766 1599 3815 1858 verborum
3748 1892 3810 2124 audacia,
3755 2173 3799 2277 tum
3749 2325 3783 2485 rerum
3732 2522 3791 2742 pondere
3739 2776 3781 2827 et
3721 2860 3767 2970 gra-

3693 1299 3741 1452 vitate
3686 1501 3739 1836 adversarium
3668 1882 3728 2139 percellit,
3675 2199 3722 2324 alter
3652 2372 3713 2623 acumine,
3644 2680 3708 2971 subtilitate,

3599 1295 3663 1594 calliditate,
3590 1652 3652 1852 argutiis
3602 1901 3649 1996 vim
3580 2045 3645 2298 minasque
3588 2334 3639 2488 eludit
3576 2523 3631 2589 (v.
3561 2625 3628 2971 818ffl829.)‚

3535 1294 3581 1383 sed
3518 1420 3574 1668 postremo
3527 1705 3559 1791 suo
3509 1828 3571 1979 ipsius
3505 2015 3565 2176 gladio
3513 2210 3561 2364 instar
3504 2390 3558 2668 Palamedis
3484 2704 3549 2968 iugulatur,

3439 1290 3499 1622 respondente
3445 1668 3495 1863 Baccho
3437 1911 3489 2161 diffamata
3434 2207 3481 2284 illa
3414 2329 3482 2363 ἦ
3415 2395 3476 2589 γλῶσσ’
3406 2625 3473 2869 ὀμώμοκε
3415 2917 3457 2969 et

3374 1289 3425 1340 τί
3373 1373 3423 1419 δ’
3354 1455 3421 1686 αἰσχρόν,
3350 1722 3417 1789 ἢν
3346 1823 3413 1893 μὴ
3358 1929 3406 2063 τοῖσι
3337 2098 3402 2383 θεωμένοις
3329 2420 3397 2581 δοκῇς
3342 2619 3382 2667 et
3329 2692 3389 2767 τίς
3323 2799 3392 2965 οἶδεν,

3294 1289 3345 1334 εἰ
3291 1365 3344 1423 τὸ
3274 1461 3338 1554 ζῆν
3274 1588 3339 1685 μέν
3284 1719 3339 1823 ἐστι
3264 1857 3325 2176 κατθανεῖνς
3253 2231 3319 2529 Principium
3259 2568 3305 2730 autem
3257 2767 3299 2816 et
3254 2852 3303 2963 son-

3213 1285 3255 1386 tem
3195 1439 3258 1798 depravationis
3200 1846 3243 1948 tum
3194 1998 3228 2186 morum
3190 2234 3233 2337 tum
3172 2382 3218 2591 poeseos
3167 2629 3224 2962 quaerendum

3133 1284 3165 1396 esse
3131 1433 3179 1481 in
3110 1516 3176 1823 philosophia
3120 1860 3168 1961 sive
3117 1997 3165 2042 in
3109 2079 3162 2339 Socraticis
3104 2390 3153 2573 chartis
3097 2630 3149 2815 iudicat
3095 2849 3142 2960 Ari-

3038 1281 3099 1547 stophanes
3032 1582 3094 1770 iisdem,
3029 1808 3074 1926 quas
3036 1967 3077 2103 recte
3028 2140 3078 2384 scribendi
3007 2417 3070 2672 magistras
3017 2697 3050 2807 esse
3014 2833 3062 2960 dixit

2970 1278 3021 1529 Horatius,
2960 1600 3015 1934 Damnandum
2957 1972 2990 2083 esse
2952 2116 3001 2247 illius
2945 2273 2996 2501 iudicium
2919 2532 2984 2958 spernendamque

2890 1277 2935 1572 sententiam
2884 1609 2934 1756 hodie
2868 1795 2928 1968 quivis,
2862 2022 2921 2102 qui
2873 2138 2920 2213 vel
2863 2249 2915 2562 mediocriter
2845 2590 2906 2731 sapit,
2855 2770 2904 2953 intelli-

2796 1274 2859 1373 git:
2807 1428 2855 1637 absolvit
2804 1671 2850 1796 enim
2795 1849 2848 2102 Socratem
2794 2137 2836 2188 et
2775 2224 2833 2557 comprobavit
2761 2591 2828 2953 philosophiam

2731 1274 2779 1379 eius
2725 1416 2775 1719 saeculorum
2718 1757 2765 1966 omnium
2700 2003 2758 2294 posteritas:
2691 2332 2739 2492 neque
2701 2528 2751 2672 huius
2696 2695 2730 2865 caussa
2693 2891 2741 2950 ab

2633 1270 2700 1524 Euripidis
2628 1562 2687 1809 segregari
2623 1848 2679 2024 potest,
2617 2062 2664 2220 neque
2610 2256 2675 2611 Aristophanes
2605 2647 2667 2755 ipse
2601 2781 2649 2948 segre-

2556 1268 2617 1372 gari
2568 1408 2599 1514 eam
2553 1550 2611 1719 voluit,
2561 1759 2601 1808 et
2557 1842 2605 1988 huius
2553 2024 2585 2118 non
2549 2154 2597 2314 miuus
2533 2353 2577 2493 quam
2541 2530 2589 2659 illius
2523 2689 2569 2946 personam

2489 1266 2538 1405 falsis
2479 1441 2534 1858 criminationibus
2458 1895 2519 2126 turpavit.
2466 2196 2518 2408 Miseret
2463 2443 2496 2530 nos
2457 2569 2506 2797 stultitiae
2454 2835 2501 2944 Ari·

2394 1266 2456 1549 stophanis,
2405 1599 2450 1639 si
2395 1694 2446 2016 eruditionem
2386 2065 2438 2437 Atheniensium
2363 2488 2428 2771 cultumque
2357 2805 2422 2943 inge-

2315 1263 2378 1482 niorum,
2325 1520 2356 1580 ex
2307 1618 2353 1711 quo
2316 1748 2351 1935 summa
2310 1972 2359 2209 beneficia
2307 2245 2353 2305 ad
2299 2343 2350 2622 universum
2282 2658 2328 2810 genus
2294 2846 2342 2940 hu-

2247 1259 2281 1454 manum
2226 1491 2278 1921 permanaverunt,
2219 1968 2265 2111 quem
2230 2150 2271 2200 et
2225 2238 2276 2442 Romani
2219 2476 2268 2685 victores
2216 2723 2259 2771 et
2214 2808 2262 2937 chri-

2168 1259 2216 1401 stiani
2155 1434 2213 1623 hostes,
2146 1662 2191 1807 quum
2141 1844 2203 2052 reliquas
2150 2088 2198 2257 laudes
2145 2295 2178 2462 omnes
2127 2500 2188 2811 damnarent,
2134 2850 2180 2935 ad-

2089 1257 2137 1420 mirati
2075 1455 2126 1583 sunt,
2081 1622 2129 1727 sine
2065 1762 2111 1856 quo
2074 1891 2123 2040 hodie
2069 2079 2120 2295 Graecos
2065 2331 2097 2425 non
2047 2462 2110 2615 pluris
2043 2652 2089 2794 quam
2052 2834 2101 2933 Ae-

1993 1253 2055 1447 gyptios
2006 1485 2052 1559 vel
2000 1594 2051 1768 Persas
1982 1806 2046 2111 faceremus,
1978 2167 2037 2325 hunc,
1969 2362 2032 2572 inquam,
1981 2612 2026 2651 si
1961 2686 2025 2931 improba-

1930 1252 1977 1322 vit
1927 1355 1959 1411 ac
1909 1446 1968 1672 tanquam
1902 1708 1967 2033 improbitatis
1891 2074 1955 2418 nequitiaeque
1898 2455 1933 2677 caussam
1894 2728 1945 2929 damna-

1838 1251 1897 1336 vit,
1848 1374 1894 1415 si
1842 1450 1894 1617 Meliti
1822 1653 1887 1902 Anytique
1829 1938 1876 2234 accusationi
1823 2269 1857 2446 nomen
1802 2483 1867 2791 subscripsit,
1814 2829 1860 2928 sci-

1768 1247 1818 1366 licet
1760 1400 1813 1717 vehementer
1742 1753 1804 1927 dignus
1739 1965 1793 2067 est,
1748 2120 1795 2257 euius
1742 2304 1793 2536 iudicium
1739 2592 1771 2680 nos
1734 2718 1783 2926 admire-

1676 1245 1721 1369 mur,
1671 1408 1732 1490 qui
1680 1525 1730 1683 lucem
1674 1720 1723 1937 veritatis
1656 1972 1717 2269 posthabitis
1663 2306 1711 2453 rebus
1658 2482 1706 2703 omnibus
1656 2730 1687 2817 nos
1654 2847 1686 2926 se-

1595 1245 1655 1326 qui
1592 1378 1653 1673 gloriemur!
1590 1763 1645 2132 Resutationem
1569 2184 1634 2526 Aristophanis
1564 2577 1624 2658 qui
1562 2716 1621 2923 quaerit,

1526 1241 1579 1448 Periclis
1518 1485 1568 1754 orationem
1511 1788 1563 2045 funebrem
1495 2076 1555 2234 adeat,
1490 2272 1535 2365 qua
1487 2390 1541 2549 neque
1480 2582 1544 2923 philosophiae

1446 1241 1495 1458 studium
1438 1498 1491 1776 fortitudini
1429 1813 1481 2183 Atheniensium
1411 2209 1458 2367 neque
1406 2403 1469 2704 ingeniorum
1413 2733 1462 2918 cultum

1362 1239 1413 1577 exercitationi
1342 1615 1391 1873 corporum
1348 1900 1399 2122 obfuisse
1343 2156 1392 2449 ostenditur.
1339 2522 1387 2620 Sed
1336 2655 1383 2784 enim
1332 2822 1366 2916 non

1289 1237 1331 1312 est
1270 1342 1319 1463 opus
1280 1494 1331 1663 alienis
1271 1692 1321 1930 testibus:
1266 1968 1315 2260 contradicit
1264 2285 1311 2377 sibi
1243 2402 1309 2758 Aristophanes
1238 2789 1302 2913 ipse,

1209 1235 1242 1327 nec
1204 1375 1253 1535 miuus
1198 1573 1245 1750 acriter
1180 1783 1239 1974 priscos
1187 2010 1220 2173 mores
1186 2211 1228 2260 et
1162 2294 1227 2771 μαραθωνομοὶχων
1174 2802 1223 2911 illo-

1129 1236 1162 1342 rum
1109 1378 1174 1600 ineptias,
1096 1639 1160 1995 morositatem,
1092 2032 1153 2368 rusticitatem,
1086 2405 1148 2790 gloriositatem,
1094 2829 1125 2909 su-

1029 1230 1093 1603 perstitionem,
1034 1652 1083 1822 sordes
1031 1870 1079 1919 in
1011 1969 1084 2196 Vespis,'
1010 2235 1057 2378 quam
1021 2426 1067 2539 vitia
1014 2582 1065 2824 iuniorum
1012 2859 1061 2908 in

965 1226 1019 1449 Nubibus
942 1484 1007 1787 perstringit,
935 1824 985 1984 neque
945 2019 992 2212 omnino
943 2248 984 2430 certam
924 2466 988 2675 aliquam
933 2704 977 2901 senten-

888 1227 939 1346 tiam
872 1382 930 1542 tueri,
879 1597 926 1685 sed
871 1719 921 1875 risum
866 1908 901 2106 movere
865 2141 897 2197 ac
861 2231 913 2481 delectare
844 2515 906 2701 vult²²²).
853 2772 904 2901 Con-

770 1282 823 1329 ῆς)
778 1360 821 1457 Non
754 1486 817 1881 vituperationem,
761 1932 801 2011 sed
758 2038 801 2177 risum
745 2214 799 2339 sequi
753 2388 795 2578 comicos
738 2618 798 2695 (ου’
737 2736 793 2897 ψόγον,

705 1362 753 1476 simo}
700 1505 747 1557 τὸ
683 1586 737 1785 γελοῖον)
691 1818 720 1916 cum
688 1949 731 2026 alii
686 2066 726 2159 tum
682 2196 728 2456 Aristoteles
679 2486 721 2616 docet
677 2643 721 2766 Poet.
668 2788 721 2831 4,
678 2854 720 2895 9.

887 3179 919 3182 ᾖ
1121 3180 1344 3184 Ϋώ-,ῂλ
1361 3182 1524 3187 -ᾈ-γγ
