5010 3336
1054 2113 1111 2235 537

1214 2652 1278 3001 commigravit,
1210 2532 1259 2618 ubi
1204 2250 1255 2496 Crantoris
1212 1983 1255 2220 sororem,
1190 1623 1247 1945 Perimedem,
1187 1540 1236 1589 in
1184 1339 1234 1506 matri-

1299 2783 1348 2999 monium
1292 2593 1341 2749 duxit.
1288 2389 1337 2526 Haec
1285 2290 1330 2346 ab
1283 2144 1342 2249 ipso
1274 1837 1339 2105 Licymnio,
1287 1690 1319 1800 cum
1266 1337 1332 1643 prooemium

1383 2805 1440 2997 ageret,
1374 2562 1420 2752 theatro
1366 2286 1429 2506 exposita
1374 2124 1406 2235 esse
1357 1890 1417 2059 fragm.
1354 1793 1401 1840 3.
1347 1497 1406 1740 ostendit,
1358 1336 1406 1433 quo

1457 2799 1505 2995 Mideae
1452 2613 1515 2765 patria
1444 2142 1496 2577 commemoratur:

1529 2490 1592 2852 Τευθράντιον
1523 2400 1573 2454 δὲ
1521 2195 1583 2363 σχῆμα
1510 1940 1569 2158 ἡΜυσίας
1504 1698 1573 1906 χθονός.

1616 2920 1664 2993 De
1616 2720 1678 2886 priore
1606 2306 1656 2675 Heraclidarum
1596 2096 1643 2259 reditu
1604 1793 1653 2039 exponens
1585 1600 1632 1733 idem
1579 1329 1630 1550 Stheneli

1699 2781 1742 2990 mortem
1682 2312 1739 2733 commemoravit,
1678 2196 1724 2258 de
1690 2060 1735 2154 qua
1670 1785 1732 2005 Hyginus
1682 1694 1712 1735 c.
1665 1549 1712 1662 244.
1662 1328 1708 1513 haecce

1773 2769 1836 2989 scripsit:
1768 2507 1827 2730 „Phillus
1756 2203 1825 2478 (Hyllum),
1750 1938 1801 2167 Herculis
1748 1771 1803 1918 filius,
1741 1445 1790 1732 Sthenelum
1755 1326 1785 1408 oc-

1852 2841 1907 2987 cidit,
1844 2484 1909 2791 Electryonis
1838 2283 1904 2448 proavi
1836 2174 1883 2247 sui
1827 1888 1879 2141 fratrem.’'
1824 1627 1872 1813 Caussa
1817 1321 1867 1591 excedendi

1932 2646 1993 2987 Peloponneso
1929 2531 1971 2612 aut
1938 2442 1969 2496 ea
1920 2224 1975 2409 fuerat,
1929 2044 1976 2189 quam
1906 1792 1956 2007 ostendit
1900 1473 1954 1745 Diodorus,
1900 1319 1956 1421 aut,

2010 2856 2073 2983 quod
2007 2652 2070 2802 magis
2002 2478 2051 2598 mihi
2000 2170 2063 2431 probatur,
1991 1952 2054 2123 pestis,
1987 1702 2049 1908 propter
1980 1443 2028 1654 reditum
1976 1316 2023 1394 fe-

2092 2758 2139 2984 stinatum
2084 2489 2132 2722 immissa.
2078 2299 2126 2422 Nam
2070 1921 2136 2262 ApollodoruS‚
2057 1552 2125 1883 ἀπολομένου
2053 1444 2113 1515 δέ,
2056 1316 2102 1390 ἰη-

2170 2850 2233 2982 quit,
2159 2469 2226 2797 Εὐρυσθέως
2153 2329 2205 2411 ἐπὶ
2149 1853 2211 2266 Πελοπόννησον
2136 1645 2207 1818 ἦλθον
2135 1527 2187 1580 οἱ
2128 1316 2198 1477 Ἡρα-

2246 2783 2298 2982 κλεῖδαι
2241 2638 2293 2726 καὶ
2240 2404 2296 2574 πασας
2228 2211 2285 2347 εἷλον
2228 2050 2288 2141 τὰς
2226 1800 2282 1989 πόλεις.
2217 1610 2271 1729 Ἐπὶ
2213 1314 2266 1560 ἐνιαυτὸν

2327 2923 2378 2978 δὲ
2325 2709 2383 2886 αὐτοῖς
2320 2618 2373 2672 ἐν
2326 2520 2385 2583 τῇ
2316 2272 2379 2485 καθόδῳ
2308 1940 2378 2238 γενομένοις
2300 1719 2368 1903 φθορὰ
2304 1511 2350 1686 πᾶσαν
2297 1309 2346 1476 Πελο-

2406 2706 2471 2977 πόννησον
2400 2432 2464 2655 κατέσχε.
2394 2241 2445 2345 Καὶ
2391 2002 2453 2198 ταύτην
2384 1709 2452 1957 γενέσθαι
2376 1430 2445 1661 χρησμὸς
2373 1308 2426 1396 διὰ

2481 2850 2545 2975 τοὺς
2480 2460 2548 2803 Ἡρακλείδας
2474 2189 2541 2400 ἐδήλου·
2470 2003 2532 2125 πρὸ
2466 1826 2532 1947 γὰρ
2464 1647 2513 1765 τοῦ
2457 1306 2514 1598 δέοντος

2560 2722 2625 2972 αὐτοὺς
2561 2277 2613 2656 κατελθεῖν.
2548 2030 2602 2203 ΓὈθε-ῑν
2544 1630 2600 1972 ἀπολιπόντες
2536 1305 2589 1575 Πελοπόν-

2659 2806 2710 2974 νησον
2640 2593 2711 2764 ἦλθον
2641 2477 2699 2547 εἷς
2634 2106 2698 2429 Μαραθῶνα
2629 1908 2680 2058 κάκεῖ
2623 1589 2690 1868 κατῴκουν
2620 1500 2684 1567 *).
2619 1304 2666 1445 Haec

2747 2907 2779 2969 ex
2727 2633 2790 2871 Euripide
2724 2443 2787 2594 petita
2735 2297 2766 2406 esse
2723 2228 2763 2277 et
2711 1910 2762 2213 Marathonis
2702 1493 2755 1891 commemoratio
2704 1308 2747 1474 osten-

2810 2897 2857 2969 dit
2808 2636 2870 2842 (quippe
2805 2533 2850 2589 ab
2796 2095 2849 2477 Atheniensibus
2791 1938 2838 2058 solis
2786 1579 2837 1901 Heraclidas,
2778 1299 2827 1527 exclusos

2888 2690 2936 2969 civitatibus
2882 2404 2936 2653 omnibus,
2880 2131 2937 2358 receptos
2886 1983 2917 2094 esse
2868 1753 2930 1947 saepius
2866 1547 2910 1715 noster
2857 1298 2904 1515 affirma-

2967 2877 3030 2967 vit)
2972 2788 3013 2839 et
2982 2679 3020 2754 ea,
2977 2518 3025 2639 quae
2959 2421 3005 2482 de
2953 2145 3017 2386 Licymnii
2949 1969 2997 2118 caede
2948 1679 2996 1938 subiuncta
2943 1518 2995 1650 sunt,
2940 1295 2984 1482 testan-

3053 2872 3094 2966 tur.
3044 2672 3090 2794 Erat
3046 2473 3087 2637 autem
3038 2390 3082 2437 in
3031 2074 3095 2354 Licymnio„
3026 1804 3091 2021 quamvis
3025 1651 3069 1767 s'ene
3015 1491 3083 1614 (ἤδη
3010 1292 3079 1456 γηρά-

3136 2788 3184 2960 σκων,
3122 2680 3170 2733 ΙΙ.
3119 2590 3182 2638 β,
3114 2387 3175 2542 663.),
3110 1995 3158 2333 firmissimum
3106 1644 3151 1941 Alcumenae
3095 1292 3160 1609 praesidium,

3221 2850 3253 2959 cum
3218 2722 3264 2813 qua
3197 2366 3247 2685 communiter
3191 2127 3239 2331 tutelam
3187 1826 3233 2093 liberorum
3178 1558 3227 1790 Herculis
3173 1291 3239 1510 gerebat.

3285 2885 3332 2959 Eo
3285 2656 3346 2848 spectat
3278 2451 3338 2623 fragm.
3278 2368 3319 2412 7.
3271 2144 3319 2329 Alcm.:

3358 2647 3411 2822 δεινόν
3374 2566 3405 2613 τι
3349 2335 3402 2533 τέκνων
3348 2080 3413 2300 φίλτρον
3340 1858 3407 2046 ἔθηκεν

3438 2700 3499 2825 θεὸς
3434 2346 3499 2665 ἀνθρώποις.

3524 2851 3572 2953 Sed
3521 2482 3585 2818 Tlepolemus,
3512 2206 3559 2446 maximus
3511 2056 3554 2171 natu
3503 1781 3558 2022 filiorum,
3495 1496 3544 1731 defuncto
3490 1283 3555 1450 Hyllo,

3608 2895 3652 2951 ut
3608 2758 3650 2860 erat
3600 2582 3647 2724 ferox
3603 2403 3656 2549 atque
3590 2124 3637 2368 violentus
3583 1872 3648 2090 ingenio,
3578 1580 3640 1838 impatiens
3576 1436 3621 1541 erat
3571 1280 3617 1402 leni-

3682 2807 3739 2953 tatis,
3677 2516 3726 2762 tarditatis
3680 2432 3721 2480 et
3666 2098 3718 2398 morositatis
3662 1865 3710 2049 senilis.
3657 1643 3705 1790 Unde
3659 1494 3701 1608 nata
3651 1276 3698 1461 discor-

3762 2868 3809 2949 dia
3759 2542 3808 2835 factionibus
3750 2154 3814 2507 rempublicam
3740 1818 3791 2124 distrahebat
3739 1601 3797 1795 iamque
3733 1516 3779 1567 in
3729 1276 3779 1481 seditio-

3858 2837 3890 2948 nem
3839 2609 3888 2789 malum
3835 2351 3900 2561 gliscens
3830 2010 3889 2303 erupturum
3824 1852 3870 1974 erat.
3816 1685 3864 1782 Hic
3827 1474 3862 1639 rerum
3814 1275 3858 1430 status

4039 2834 4091 2884 ἢ)
4038 2544 4091 2802 Congruunt
4034 2368 4075 2509 verba
4026 2062 4071 2330 scholiastae
4021 1966 4064 2023 ad
4019 1783 4061 1928 Orest.
4031 1709 4058 1753 v.
4012 1636 4055 1678 5.
4010 1408 4065 1595 scripta:
4006 1272 4049 1364 τῶν

4104 2754 4148 2804 δὲ
4103 2412 4161 2713 “Ηρακλειδῶν
4095 2054 4151 2371 κατασχόντων
4086 1632 4142 2010 Πελοπόννησον,
4080 1338 4135 1579 ἔχρησεν
4073 1272 4116 1295 ὁ

4171 2658 4223 2801 θεὸς
4171 2446 4222 2616 αὐτοὺς
4169 2324 4226 2403 μὲν
4165 2026 4221 2284 ἀποστῆναι
4161 1616 4215 1985 Λακεδαίμονος,
4149 1470 4200 1579 τοὺς
4146 1391 4192 1440 δὲ
4148 1265 4189 1359 Πε-

4246 2608 4294 2797 λοπίδας
4242 2303 4301 2579 βασιλεῦσαι.
