5010 3336
3846 2097 3903 2218 288

3721 1328 3765 1463 teros
3718 1509 3751 1675 rerum
3713 1724 3765 1999 abditarum
3691 2045 3758 2418 investigatione
3702 2453 3747 2501 et
3682 2532 3748 2872 multiplicium
3691 2907 3724 2987 re-

3642 1325 3673 1433 rum
3622 1469 3686 1742 cognitione
3620 1793 3680 2093 eminerent,
3626 2143 3673 2227 sed
3609 2280 3670 2408 quod
3606 2454 3669 2598 primi
3614 2632 3665 2902 doctrinam
3611 2936 3660 2988 in

3563 1322 3595 1463 usum
3558 1507 3607 1634 vitae
3552 1681 3600 1947 communis
3546 1995 3596 2277 translatam
3544 2328 3575 2438 cum
3525 2486 3587 2628 vulgo
3533 2664 3581 2985 communica-

3480 1318 3526 1450 runt.
3465 1520 3529 1717 Singula
3460 1766 3507 1970 poeseos
3455 2016 3500 2193 genera
3465 2228 3507 2276 et
3449 2313 3511 2525 singulas
3443 2560 3508 2837 disciplinas
3453 2875 3486 2985 cum

3403 1318 3450 1465 certis
3399 1501 3431 1662 rerum
3380 1698 3442 1999 publicarum
3387 2038 3437 2205 formis
3385 2242 3417 2334 una
3370 2370 3423 2531 natas,
3379 2586 3411 2678 una
3378 2724 3420 2790 etr
3374 2819 3416 2983 auctas

3325 1316 3367 1366 et
3319 1413 3370 1688 imminutas
3315 1736 3348 1846 esse
3297 1890 3358 2077 pridem
3304 2127 3354 2426 intellectum
3301 2485 3343 2577 est.
3298 2676 3346 2740 Et
3294 2786 3344 2984 dicendi

3231 1316 3292 1513 quidem
3239 1549 3289 1753 facultas
3220 1790 3277 1933 atque
3228 1970 3278 2233 dramatica
3210 2268 3270 2429 poesis
3206 2467 3267 2690 populari
3203 2735 3263 2983 potentiae

3149 1314 3210 1625 respondent.
3143 1699 3206 1864 ltaque
3138 1900 3198 2086 primus
3135 2123 3196 2356 Pericles,
3143 2394 3189 2527 cuins
3140 2565 3182 2727 aetate
3138 2762 3185 2844 illa
3134 2879 3181 2981 rei-

3071 1312 3132 1534 publicae
3080 1587 3130 1742 forma
3071 1796 3111 2124 consummata
3069 2174 3109 2220 et
3052 2251 3111 2386 quasi
3063 2420 3109 2479 ad
3060 2517 3109 2709 culmen
3044 2744 3103 2980 perducta

2996 1311 3050 1403 est,
3002 1441 3052 1632 dicendi
2987 1667 3047 1927 facultate,
2993 1966 3026 2059 non
2991 2096 3037 2165 rei
2986 2202 3034 2424 militaris
2967 2460 3029 2642 gloria,
2980 2680 3021 2735 ut
2962 2768 3024 2978 priores,

2909 1307 2974 1629 principatum
2921 1669 2962 1718 et
2903 1753 2965 1960 adeptus
2914 1998 2954 2071 est
2911 2106 2953 2155 et
2896 2189 2956 2401 felicius,
2889 2438 2935 2580 quam
2892 2618 2948 2704 illi,
2883 2743 2943 2977 usquead

2846 1305 2895 1489 obitum
2840 1523 2890 1735 retinuit.
2837 1805 2885 1976 Eidem
2818 2016 2882 2320 eloquentiae
2810 2355 2873 2613 plurimum
2818 2666 2867 2838 tribuit
2816 2872 2863 2975 Eu-

2752 1302 2815 1502 ripides.
2744 1575 2810 1912 Areopagum,
2740 1950 2801 2259 optimatium
2728 2296 2790 2741 propugnaculum,
2736 2779 2785 2975 sustulit

2684 1302 2738 1554 Pericles:
2680 1590 2730 1793 heroum
2678 1831 2719 1991 autem
2658 2020 2719 2325 antiquorum
2652 2352 2698 2583 personas
2664 2606 2709 2652 in
2646 2680 2707 2973 sapientium

2604 1299 2652 1632 recentiorum
2600 1667 2633 1825 mores
2592 1855 2643 2205 conformando
2573 2236 2638 2493 Euripides
2571 2510 2632 2623 quid
2571 2653 2629 2800 aliud,
2564 2827 2609 2972 quam

2527 1297 2577 1347 in
2525 1383 2574 1541 locum
2519 1577 2569 1811 nobilium
2501 1846 2564 2080 ignobiles
2507 2118 2559 2429 substituisse
2506 2467 2547 2515 et
2490 2550 2548 2740 generis
2486 2767 2546 2971 gloriam

2447 1299 2481 1408 cum
2429 1459 2491 1725 sapientiae
2417 1773 2486 2143 honestatisque
2430 2189 2478 2331 laude
2413 2375 2463 2685 permutasse
2414 2738 2467 2971 videtur?

2367 1295 2417 1427 ldem
2348 1464 2396 1631 regum
2345 1680 2406 1951 priscorum
2349 2000 2398 2325 conditionem
2328 2362 2386 2647 mentesque
2324 2684 2385 2969 saepissime

2287 1294 2336 1341 in
2280 1372 2332 1737 similitudinem
2274 1770 2316 2016 oratorum
2272 2046 2319 2122 vel
2250 2151 2317 2528 demagogorum
2260 2556 2309 2771 deflexit.
2256 2808 2307 2968 Multa

2192 1291 2252 1476 passim
2204 1511 2251 1558 in
2186 1594 2245 1794 gratiam
2181 1834 2239 2078 potentiae
2173 2115 2234 2363 popularis
2171 2402 2233 2539 dixit,
2167 2576 2213 2734 neque
2176 2769 2225 2964 dubita-

2127 1292 2173 1358 vit
2109 1400 2157 1569 regum
2104 1623 2167 1878 imperium
2111 1928 2159 2156 iniustum
2109 2193 2140 2250 ac
2106 2284 2149 2452 contra
2101 2486 2144 2705 naturam
2097 2741 2131 2853 esse
2097 2887 2145 2961 af-

2044 1287 2096 1485 firmare
2043 1521 2090 1567 in
2024 1603 2088 1872 Antigonae
2033 1905 2082 2097 sabula:

1965 1418 2012 1529 οὔτ’
1953 1566 2013 1702 εἰκὸς
1943 1735 2007 1913 ἄρχειν
1954 1950 2001 2059 οὔτ’
1934 2096 2004 2255 ἐχρῆν
1945 2283 2003 2417 εἶναι
1928 2451 1994 2637 νόμον,

1870 1415 1934 1684 τύραννον
1877 1719 1933 1854 εἶναι
1859 1890 1924 2086 (μωρία
1869 2120 1922 2178 τὸ
1868 2214 1918 2299 καὶ
1851 2334 1916 2550 θέλειν),

1794 1416 1858 1474 ὃς
1801 1508 1850 1614 τῶν
1785 1648 1850 1851 ὁμοίων
1780 1886 1842 2130 βούλεται
1773 2164 1832 2373 κρατεῖν
1768 2407 1832 2587 μόνος.

1726 1282 1774 1358 Ad
1710 1404 1756 1525 quae
1705 1592 1768 1815 fingenda
1696 1865 1763 2127 Euripides
1707 2177 1754 2307 nulla
1701 2354 1749 2617 ambitione
1684 2664 1747 2955 ducebatur,

1631 1280 1679 1439 neque
1626 1476 1691 1721 Pericles⁷
1621 1760 1667 1906 quum
1617 1944 1676 2150 pecunia
1628 2187 1658 2247 ex
1624 2283 1670 2469 aerario
1619 2507 1668 2764 distributa
1617 2802 1666 2954 facul-

1566 1278 1610 1431 tatem
1558 1468 1611 1711 theatrum
1540 1747 1604 2092 frequentandi
1546 2129 1595 2314 civibus
1542 2353 1588 2575 omnibus
1539 2606 1587 2715 fieri
1523 2743 1585 2951 iuberet,

1486 1275 1535 1372 hoc
1484 1407 1533 1550 aliam
1481 1589 1526 1649 ob
1475 1687 1510 1907 caussam
1461 1943 1519 2093 fecit,
1452 2149 1498 2291 quam
1448 2327 1508 2457 quod
1446 2493 1506 2755 tragoediis
1439 2792 1488 2950 popu-

1406 1276 1455 1374 lum
1390 1411 1450 1594 optime
1398 1630 1444 1811 erudiri
1376 1848 1441 2158 intelligeret.

1307 1403 1373 1599 Insigne
1318 1651 1364 1795 animi
1312 1846 1362 1995 civilis
1305 2034 1357 2376 documentum
1302 2414 1344 2488 est
1300 2523 1349 2687 fabula
1296 2724 1346 2947 Heracli-

1234 1272 1296 1459 darum,
1229 1497 1275 1620 quae
1235 1656 1285 1848 videtur
1233 1883 1279 2013 nullo
1230 2049 1277 2143 alio
1210 2179 1269 2401 tempore
1207 2425 1268 2582 aptius
1206 2609 1266 2827 potuisse
1216 2858 1263 2946 do-

1156 1271 1215 1389 ceri,
1151 1426 1197 1569 quam
1145 1608 1190 1701 quo
1140 1738 1202 1945 primum
1133 1984 1199 2329 Peloponnesii
1143 2366 1193 2490 duce
1139 2526 1188 2818 Archidamo
1136 2855 1183 2943 At-

1088 1268 1137 1413 ticam
1080 1449 1133 1697 hostiliter
1073 1732 1123 1943 invasuri
1052 1978 1114 2310 vastaturique
1064 2347 1105 2483 erant
1048 2510 1109 2576 ²¹²).
1060 2645 1107 2721 Ad
1056 2748 1106 2942 initium

1008 1268 1056 1395 enim
1006 1428 1053 1545 belli
1004 1579 1035 1605 a
981 1643 1047 2008 Peloponnesiis
979 2045 1038 2181 illati,
986 2218 1033 2279 ad
968 2313 1029 2637 arrogantiam
964 2675 1028 2940 Spartano-

914 1265 962 1393 rum,
912 1430 959 1525 qua
919 1562 971 1677 belli
911 1713 949 1933 caussam
895 1961 951 2253 quaerentes
887 2280 954 2675 Atheniensibus,
882 2709 941 2939 tanquam

727 1335 780 1378 *)
735 1410 778 1477 Cf.
729 1510 775 1681 Welck.
716 1710 755 1753 p.
726 1783 769 1879 711.
