5010 3336
975 2113 1030 2232 247

1145 2858 1188 2992 recte
1133 2607 1197 2814 quidem.
1125 2239 1174 2539 Gravissima
1121 2065 1167 2191 enim
1127 1630 1167 2013 commovemur,
1123 1470 1156 1579 cum
1108 1348 1153 1421 vel

1218 2782 1266 2990 maxime
1207 2464 1259 2736 adversaria
1219 2310 1251 2419 esse
1197 2041 1262 2261 personis
1211 1922 1253 2006 ea,
1207 1748 1254 1871 quae
1187 1468 1236 1705 acerrimo
1187 1346 1233 1419 sui

1293 2735 1345 2988 adiuvandi
1288 2540 1337 2699 studio
1285 2416 1348 2505 ipsi
1281 2106 1330 2380 moliantur,
1281 2022 1321 2070 et
1273 1889 1319 1988 suis
1271 1684 1333 1855 gladiis
1269 1517 1331 1648 ipsos
1267 1345 1328 1482 iugu-

1376 2900 1423 2988 lari
1370 2538 1447 2864 intelligimus.
1360 2328 1409 2469 Unde
1354 1918 1420 2294 prooemiorum,
1366 1759 1412 1882 quae
1348 1594 1395 1726 multi
1361 1339 1409 1569 perverse

1456 2734 1507 2988 accusant,
1446 2494 1494 2679 utilitas
1441 2289 1487 2460 elucet.
1434 2003 1481 2220 Necesse
1428 1823 1489 1969 igitur
1426 1696 1473 1789 fuit
1431 1559 1472 1643 aut
1442 1483 1471 1511 a
1424 1340 1471 1434 deo

1534 2828 1594 2987 aliquo
1534 2712 1575 2793 aut
1543 2650 1571 2676 a
1523 2515 1571 2616 Laii
1519 2310 1567 2481 umbra
1515 2173 1561 2276 sive
1511 1920 1558 2139 manibus
1506 1714 1553 1874 statim
1505 1618 1551 1667 in
1503 1338 1566 1573 principio

1609 2754 1659 2985 dramatis
1599 2356 1652 2718 accuratissime
1596 2079 1642 2323 theatrum
1589 1981 1635 2043 de
1602 1775 1634 1946 caussa
1600 1580 1632 1741 rerum
1588 1495 1629 1545 et
1597 1338 1628 1462 nexu

1687 2771 1737 2984 edoceri.
1683 2488 1731 2704 Alteram
1674 2249 1739 2437 prologi
1676 2013 1735 2201 partem
1668 1863 1714 1964 sive
1664 1505 1726 1828 colloquium,
1661 1335 1722 1461 quod

1765 2734 1833 2983 prooemio
1758 2478 1808 2698 subnecti
1755 2301 1812 2442 solet,
1769 2238 1799 2265 a
1750 1933 1797 2204 Menoeceo
1750 1756 1807 1899 atque
1741 1528 1788 1718 Tiresia
1746 1334 1787 1493 actum

1863 2872 1895 2984 esse
1846 2466 1892 2837 consentaneum
1839 2339 1882 2429 est.
1831 2139 1878 2271 Illius
1829 1978 1875 2106 enim
1830 1814 1882 1944 erat,
1822 1689 1869 1766 cui
1821 1519 1885 1655 regni
1818 1334 1866 1484 admi—

1924 2735 1980 2983 nistratio,
1920 2586 1966 2699 dum
1915 2334 1977 2549 Oedipus
1911 2072 1964 2298 abesset,
1905 1810 1953 2035 mandata
1906 1642 1960 1777 erat,
1906 1440 1947 1597 vatem
1913 1331 1944 1405 ar·

2004 2751 2054 2982 cessitum
2000 2654 2047 2717 de
1995 2403 2045 2622 remedio
1988 2057 2055 2371 pestilentiae
1984 1744 2033 2022 consulere:
1980 1562 2027 1698 cuius
1978 1327 2040 1518 cognito

2095 2743 2147 2981 responso
2092 2556 2126 2707 senex
2071 2211 2135 2522 decrepitus,
2082 2013 2130 2158 quum
2063 1728 2112 1969 neminem
2063 1496 2123 1693 praeter
2074 1409 2104 1464 se
2060 1325 2103 1375 et

2164 2718 2211 2979 Creontem
2172 2614 2204 2675 ex
2154 2308 2202 2581 Draconteo
2163 2092 2211 2273 genere
2144 1747 2208 2059 superstitem
2155 1598 2186 1709 esse
2136 1324 2193 1564 crederet,

2244 2831 2290 2978 vitam
2238 2610 2301 2796 patriae
2233 2376 2281 2575 obferre
2244 2191 2291 2342 seque
2227 2102 2273 2164 de
2225 1922 2271 2070 muris
2219 1566 2285 1891 praecipitare
2230 1438 2262 1530 non
2214 1326 2261 1413 du-

2320 2790 2369 2975 bitavit.
2316 2374 2376 2723 Fragmentum
2307 2151 2371 2339 prologi
2319 1970 2352 2117 unum
2305 1735 2358 1923 exstat,
2313 1593 2360 1689 quo
2293 1322 2359 1549 Sphingis

2405 2810 2448 2973 natura
2395 2470 2442 2774 declaratur:

2472 2676 2535 2843 οὐρὰν
2470 2597 2520 2643 δ’
2468 2358 2519 2561 ὑπίλασ’
2466 2216 2516 2321 ὑπὸ
2460 1861 2514 2181 λεοντόπουν
2457 1758 2523 1826 βοὲ

2551 2611 2613 2843 καθέζετ’
2578 2417 2584 2479 —
2574 2219 2579 2282 ——
2570 2026 2577 2089 --
2568 1806 2587 1895 —.

2635 2688 2683 2840 Chori
2636 2492 2695 2653 partes
2626 2164 2674 2448 mulieribus
2620 1842 2679 2127 Corinthiis,
2618 1542 2665 1804 Periboeae
2610 1316 2673 1508 reginae

2716 2759 2772 2970 famulis,
2716 2583 2775 2727 poeta
2708 2291 2764 2560 detulerat,
2719 2136 2766 2254 quas
2700 1878 2762 2109 Oedipus,
2703 1586 2757 1843 antequam
2692 1452 2754 1560 ipse
2703 1315 2735 1426 cum

2794 2653 2850 2968 satellitibus,
2786 2265 2852 2605 patrimonium
2779 1982 2846 2211 plaustris
2778 1625 2838 1945 curribusque
2769 1314 2833 1593 impositum

2874 2741 2930 2968 avehens,
2867 2468 2917 2704 Corintho
2864 2020 2927 2432 proficisceretur,
2873 1875 2905 1984 cum
2861 1666 2913 1839 matre,
2867 1488 2917 1630 quam
2850 1312 2910 1455 puta-

2957 2872 3013 2966 bat,
2951 2510 3015 2842 praemiserat.
2944 2253 2991 2443 Initium
2939 2046 3004 2216 parodi
2937 1833 2985 2011 Strabo
2935 1675 2984 1804 Vlll.
2933 1486 2998 1646 p.379
2923 1310 2991 1471 (582.)

3033 2759 3082 2966 servavit
3028 2525 3093 2724 (Matth.
3043 2453 3088 2501 p.
3026 2314 3090 2424 383.
3023 2199 3068 2291 inc.
3019 1998 3081 2171 fragm.
3035 1921 3066 1966 n.
3016 1764 3078 1897 94.):

3107 2683 3157 2835 ὕδατι
3106 2468 3171 2650 χλωρῷ
3079 1995 3164 2433 πεᾷικλυζόμενον

3188 2726 3253 2835 «ἥκω
3184 2387 3248 2693 προλιπο·ῦσ’
3178 1923 3242 2350 Ἀκροκόρινθον,

3266 2688 3332 2828 ἱερὸν
3268 2473 3330 2653 ὄχθον,
3262 2287 3312 2440 πόλιν
3256 1936 3323 2260 Ἀφροδίτας.

3350 2713 3396 2829 Post
3347 2446 3411 2679 parodum
3345 2365 3390 2409 in
3357 2134 3389 2327 scenam
3337 1917 3401 2098 prodiit
3335 1685 3387 1873 Creon,
3332 1557 3377 1632 cui
3327 1304 3373 1506 Menoe-

3448 2814 3488 2957 ceus,
3433 2512 3488 2766 antequam
3440 2411 3470 2464 se
3420 1989 3486 2357 praecipitaret,
3414 1800 3477 1935 regni
3408 1302 3457 1765 administrationem

3506 2588 3558 2956 commendavit.
3504 2475 3550 2517 ls
3505 2312 3551 2438 iusta
3498 2114 3546 2274 funeri
3495 1948 3543 2077 senis
3488 1517 3557 1912 generosissimi,
3484 1391 3545 1472 qui
3482 1300 3528 1356 li—

3588 2716 3639 2957 berandae
3586 2558 3633 2682 malo
3582 2339 3647 2522 patriae
3595 2134 3627 2302 caussa
3574 1954 3623 2098 morti
3590 1874 3620 1927 se
3570 1649 3627 1841 obtulit,
3561 1295 3630 1614 persolvenda

3673 2801 3717 2953 curat.
3666 2578 3713 2730 Adest
3664 2345 3711 2533 Iocaste
3659 2103 3722 2297 regina,
3656 1786 3701 2050 lamentans
3653 1468 3708 1751 sortemque
3657 1295 3689 1433 suam

3748 2675 3811 2953 deplorans,
3743 2514 3807 2640 quod
3744 2275 3790 2477 absente
3737 2066 3785 2240 marito
3735 1976 3782 2040 sit
3734 1762 3797 1948 privata
3732 1515 3792 1737 parente,
3726 1294 3785 1481 optans,

3832 2898 3875 2951 ut
3826 2615 3888 2864 Oedipus,
3822 2388 3885 2579 pridem
3819 2015 3873 2351 desideratuS,
3817 1677 3868 1977 revertatur,
3806 1560 3869 1641 qui
3799 1289 3851 1523 laboranti

3905 2734 3969 2949 patriae,
3904 2554 3950 2680 sicut
3901 2252 3964 2520 quondam,
3912 2108 3944 2215 cum
3891 1840 3955 2069 Sphingis
3888 1601 3936 1804 saevitia
3886 1290 3933 1568 vexaretur,

3989 2682 4033 2947 succurrat.
3982 2502 4029 2613 Iloc
3975 2351 4043 2456 ipso
3985 2095 4041 2314 tempore
3970 1819 4019 2054 satellites
3966 1547 4015 1783 Corintho
3961 1287 4015 1512 redeunt,

4070 2891 4111 2941 et
4063 2621 4125 2858 producto
4061 2535 4109 2585 in
4060 2289 4108 2503 medium
4072 2092 4111 2253 curru,
4052 1976 4114 2056 qui
4048 1699 4113 1941 quondam
4044 1568 4092 1673 Laii
4042 1434 4095 1542 fuit,
4051 1287 4083 1397 cum

4144 2797 4191 2941 armis
4142 2524 4203 2762 eiusdem,
4139 2247 4202 2487 Oedipum
4136 2164 4183 2213 in
4133 1938 4193 2130 itinere,
4128 1773 4192 1902 quod
4126 1580 4175 1752 Laium
4121 1495 4168 1554 ab
4116 1385 4164 1468 illo
4115 1286 4162 1358 in-²

2468 1673 2507 1755 σιν
