5010 3336
3991 2129 4046 2206 22

3847 1467 3898 1606 Haec
3851 1641 3901 1896 verissime
3836 1939 3902 2205 Euripidea
3835 2244 3886 2384 esse,
3853 2432 3903 2649 Eteoclis
3851 2686 3895 2737 et
3840 2771 3902 3016 CreontiS,

3751 1339 3818 1469 quod
3769 1528 3814 1607 est
3770 1653 3819 1703 in
3760 1750 3822 2065 Phoenissis,
3758 2135 3821 2432 colloquium
3773 2486 3806 2596 cum
3773 2645 3822 2704 iis
3769 2755 3821 3016 conferens

3672 1338 3723 1622 cognosces,
3691 1689 3741 1877 Eadem
3692 1915 3724 1974 ex
3691 2007 3741 2156 animi
3692 2192 3741 2393 humani
3692 2440 3736 2615 natura
3676 2662 3740 2819 petita
3691 2865 3735 2914 et
3691 2956 3740 3017 ad

3592 1337 3658 1617 exemplum
3610 1650 3659 1870 veritatis
3596 1904 3644 2140 expressa
3612 2176 3645 2288 esse
3597 2321 3660 2565 intelliges
3596 2600 3656 2836 reputans
3599 2876 3660 3018 illud,

3514 1336 3579 1468 quod
3529 1518 3578 1777 verissime
3532 1827 3579 1949 dixit
3520 1995 3581 2217 AeneaS,
3530 2271 3564 2367 non
3531 2415 3579 2576 omnia
3531 2626 3564 2797 omnes
3516 2847 3564 3014 posse,

3448 1336 3498 1424 sed
3448 1458 3498 1607 alium
3450 1642 3498 1751 aliis
3450 1787 3500 2047 virtutibus
3436 2082 3500 2295 pollere,
3451 2349 3494 2400 et
3437 2434 3498 2570 fere,
3435 2622 3499 2706 qui
3451 2742 3499 2900 fortes
3451 2937 3483 3017 es-

3368 1337 3413 1446 sent
3358 1495 3417 1743 manibus,
3370 1808 3416 1966 minus
3371 2015 3419 2234 tribuere
3368 2286 3419 2508 consilio.
3371 2588 3419 2700 Hoc
3371 2745 3419 2876 enim
3372 2926 3420 3022 cri-

3288 1335 3338 1467 mine
3290 1513 3333 1562 et
3288 1613 3338 1830 Achilles
3290 1880 3335 1932 et
3288 1978 3338 2100 Aiax
3291 2146 3336 2198 et
3291 2243 3340 2434 Hector
3290 2487 3334 2538 et
3290 2586 3339 2698 fere
3275 2745 3339 3024 quicunque

3209 1340 3258 1560 robustis
3209 1596 3252 1710 sunt
3209 1743 3256 1929 viribus
3198 1964 3254 2206 tenentur,
3211 2244 3254 2294 et
3210 2326 3259 2609 necessario
3196 2646 3258 2865 quidem,
3196 2901 3244 3024 quo-

3128 1334 3178 1465 niam
3114 1501 3177 1677 quibus
3114 1715 3178 1925 quisque
3127 1962 3177 2097 bonis
3114 2134 3179 2400 plurimum
3114 2436 3179 2623 pollet,
3131 2666 3179 2743 his
3119 2791 3180 3021 maxime,

3032 1334 3097 1571 neglectis
3032 1620 3095 1902 spretisque
3034 1950 3097 2184 reliquis,
3050 2239 3098 2459 confidit.
3049 2543 3099 2621 Ne
3049 2670 3095 2834 tamen
3036 2878 3099 3024 plane

2957 1336 3016 1689 „temerarium
2969 1736 3012 1788 et
2951 1836 3016 2202 magniloquum
2969 2251 3021 2596 Thrasonem”
2968 2646 3018 2918 Hectorem
2970 2962 3021 3023 ab

2872 1334 2938 1578 Euripide
2888 1613 2937 1800 factum
2888 1836 2921 1948 esse
2871 1983 2920 2191 arguere
2873 2227 2937 2420 possis,
2872 2463 2933 2786 prospectum
2889 2823 2933 2903 est
2888 2938 2936 3025 ob·

2794 1336 2857 1535 sequio‚
2793 1583 2840 1678 quo
2791 1724 2856 2048 prudentiore
2807 2085 2855 2288 consilia
2808 2321 2858 2535 admittit
2809 2571 2851 2622 et
2809 2658 2858 2873 salubria
2808 2910 2842 3023 sua-

2728 1335 2777 1474 denti
2728 1518 2775 1676 amico
2714 1721 2775 1881 cedit,
2727 1931 2775 2060 unde
2726 2105 2774 2243 illum
2712 2293 2775 2449 magis
2713 2487 2777 2756 cupiditate
2728 2791 2777 2940 animi
2730 2975 2774 3028 et

2632 1334 2695 1592 repentino
2635 1643 2689 1862 tumore,
2632 1911 2679 2056 quam
2647 2093 2694 2326 tarditate
2633 2359 2696 2538 ingenii
2649 2573 2681 2767 errasse
2633 2802 2692 3025 apparet.

2553 1336 2617 1512 Neque
2552 1545 2614 1824 vituperare
2550 1857 2614 2146 Euripidem
2550 2183 2614 2403 poteris,
2553 2442 2615 2557 quin
2569 2593 2617 2817 eiusdem
2554 2854 2618 3028 culpae

2487 1339 2537 1615 Homerum
2474 1650 2519 1882 accuses,
2486 1920 2535 2059 cuius
2487 2095 2534 2177 ille
2470 2213 2518 2370 paene
2472 2405 2536 2594 singula
2488 2629 2537 2778 verba
2489 2809 2537 3027 imitatus

2396 1338 2452 1444 est3
2408 1496 2455 1563 cf.
2408 1598 2456 1651 ll.
2398 1686 2454 1742 θ’,
2394 1779 2452 2090 497—5413
2391 2128 2438 2182 μ,
2406 2217 2453 2519 230-250,
2408 2587 2455 2776 Eadem
2409 2822 2456 3029 imitatio

2312 1338 2376 1580 colloquio
2314 1616 2374 1759 inest,
2311 1797 2358 1892 quo
2326 1929 2377 2087 Dolon
2327 2123 2358 2177 se
2311 2210 2375 2573 speculatorem
2328 2612 2375 2761 offert
2329 2797 2373 2848 et
2312 2882 2361 3027 prae-

2247 1336 2295 1486 mium
2231 1521 2294 1742 suscepti
2230 1777 2295 1985 periculi
2230 2020 2293 2239 postulat
2235 2273 2293 2396 tale,
2232 2436 2296 2567 quali
2247 2602 2297 2869 insolentia
2249 2899 2299 3028 Tro-

2166 1334 2216 1556 ianorum
2165 1590 2215 1992 manifestissime
2155 2028 2215 2339 declaretur3
2168 2377 2214 2442 cf.
2165 2472 2215 2523 ll.
2154 2553 2198 2601 κ,
2168 2635 2214 2940 3θ3-332,
2169 2978 2212 3030 et

2086 1336 2133 1635 390—405.
2084 1706 2133 1818 Non
2086 1864 2134 2000 auxit
2086 2045 2132 2311 vanitatem
2086 2349 2134 2551 Dolonis
2070 2588 2136 2885 Euripides,
2089 2937 2141 3028 sed

1991 1336 2054 1490 magis
1990 1526 2053 1838 conspicuam
2005 1875 2054 2092 reddidit
1990 2129 2052 2457 comparando
2005 2488 2052 2583 hoc
1989 2613 2055 2883 praemium
2008 2915 2040 3026 cum

1911 1337 1974 1655 amplitudine
1925 1691 1956 1862 eorum
1908 1898 1972 2253 praemiorum,
1910 2293 1957 2415 quae
1926 2450 1974 2518 illi
1909 2555 1976 2853 postposuit.
1927 2924 1978 3026 Ne-

1831 1337 1878 1434 que
1846 1469 1894 1600 enim
1834 1636 1893 1905 honorem,
1832 1955 1878 2117 neque
1834 2154 1893 2378 divitias,
1831 2427 1877 2553 quac
1846 2597 1878 2678 res
1848 2716 1880 2904 summa
1850 2939 1881 3027 cu-

1751 1335 1815 1542 piditate
1767 1588 1796 1616 a
1750 1661 1813 1912 plerisque
1755 1960 1814 2288 affectantur,
1768 2344 1798 2400 ac
1766 2447 1798 2509 ne
1768 2560 1800 2777 summos
1753 2829 1818 3027 quidem

1686 1340 1736 1645 Graecorum
1687 1682 1734 1833 duces
1687 1868 1734 1917 in
1688 1953 1735 2242 servitutem
1673 2278 1735 2506 accipere
1688 2537 1735 2658 tanti
1676 2686 1736 2824 facit,
1675 2863 1738 3028 quanti

1593 1336 1641 1488 equos
1608 1543 1655 1748 Achillis
1609 1795 1656 2101 immortales
1594 2155 1650 2302 atque
1609 2353 1639 2414 ex
1607 2462 1656 2820 immortalibus
1603 2866 1654 3027 natos,

1511 1337 1560 1458 quos
1511 1503 1576 1768 Neptunus
1513 1815 1575 2058 quondam
1529 2094 1577 2246 Peleo
1515 2284 1576 2513 donavit,
1528 2567 1575 2616 in
1531 2651 1577 2850 domum
1531 2888 1563 3025 suam

1446 1336 1495 1597 deducere.
1447 1666 1495 1806 Haec
1448 1842 1491 1895 ut
1448 1929 1497 2186 ambitiose
1431 2221 1496 2552 postulantur,
1449 2594 1496 2661 ita
1438 2698 1499 3024 confidenter,

1352 1336 1414 1475 quasi
1367 1508 1414 1605 iam
1351 1642 1409 1781 capta
1356 1803 1379 1815 ,
1352 1852 1415 2210 promittuntur
1354 2223 1398 2238 3
1353 2290 1400 2452 neque
1369 2486 1416 2647 minus
1369 2682 1413 3027 asseveranter

1287 1338 1335 1485 etiam
1286 1522 1335 1718 felicem
1272 1756 1335 2110 speculationis
1287 2148 1331 2373 eventum
1288 2411 1336 2503 sibi
1272 2537 1337 2648 ipse
1287 2684 1338 2843 Dolon
1272 2878 1322 3023 prae-

1204 1337 1255 1470 dicit.
1206 1539 1255 1740 Leniter
1192 1769 1250 1998 tecteque
1207 2026 1254 2278 consilium
1207 2308 1255 2521 hominis
1192 2548 1255 2792 improbat
1208 2817 1257 3022 chorus:

1127 1338 1175 1460 satis
1110 1498 1174 1712 amplum
1111 1748 1174 2020 praemium
1127 2057 1174 2349 affinitatem
1112 2385 1159 2554 regum
1127 2601 1175 2822 futuram
1129 2866 1177 3024 fuisse

1034 1338 1090 1523 censet,
1031 1566 1078 1725 neque
1047 1760 1090 1862 rata
1047 1896 1095 2006 fore
1030 2039 1093 2299 promissa,
1047 2334 1094 2429 nisi
1047 2463 1095 2590 lovis
1047 2620 1095 2811 Iustitia
1049 2847 1098 3022 suffra-

952 1336 1011 1496 getur.
951 1568 1015 1764 Operae
950 1815 1013 2028 pretium
966 2077 1010 2154 est
951 2207 999 2506 cognoscere
965 2551 1013 2802 inventum
967 2842 1002 3019 novum

871 1336 930 1483 atque
872 1528 935 1827 inauditum,
871 1876 919 1971 quo
886 2018 935 2178 fretus
885 2226 936 2386 Dolon
886 2435 917 2489 se
886 2535 919 2631 non
886 2666 935 2825 solum
873 2859 936 3020 ipsum

804 1337 854 1520 salvum
804 1572 854 1845 rediturum
795 1894 838 2030 esse,
805 2081 853 2168 sed
805 2221 855 2367 etiam
795 2415 855 2614 Ulyssis
806 2647 850 2732 aut
806 2765 858 3020 Diomedis
