5010 3336
3919 2109 3978 2227 158

3772 1391 3849 2095 „Passz'mquepraeda
3763 2117 3812 2338 pecua
3763 2366 3824 2695 halabant
3744 2725 3805 3005 agris„—

3720 1326 3767 1455 unde
3700 1509 3766 1772 imparatos
3687 1808 3757 2178 inopinatosque
3694 2224 3746 2396 hostes
3691 2441 3723 2467 ο

3628 1320 3684 1478 paret.
3621 1545 3684 1680 Agrii
3629 1715 3678 1840 filios
3626 1878 3658 1935 eo
3608 1970 3669 2159 proelio
3612 2196 3663 2438 occidisse

3548 1319 3594 1525 quorum
3542 1563 3601 1759 quidem
3545 1797 3592 1990 nomina
3526 2026 3582 2222 praeter
3534 2259 3581 2395 unius

3468 1316 3522 1438 erat,
3477 1475 3524 1552 vix
3465 1590 3508 1969 commemorata
3460 2005 3493 2116 esse
3443 2152 3504 2339 opinor.

3391 1445 3446 1785 Narrationem
3382 1842 3418 2036 carmen
3378 2088 3427 2225 chori
3372 2273 3419 2387 terti

3316 1313 3371 1574 Diomedes
3312 1624 3344 1685 ex
3294 1734 3353 1919 proelio
3300 1968 3348 2131 rediit.

3673 2473 3721 2707 ppressos
3677 2758 3712 2868 esse
3657 2918 3704 3004 ap-

3594 2483 3655 2625 plane
3597 2660 3635 2865 necesse
3591 2894 3634 3004 est:

3520 2409 3542 2421 ,
3514 2476 3574 2558 qui
3517 2606 3556 2825 summae
3500 2859 3547 3001 prae-

3369 2392 3401 2471 um
3345 2518 3409 2727 excepit.
3351 2810 3406 2998 Deinde

3282 2215 3343 2308 Qui
3272 2360 3330 2616 postquam
3280 2669 3311 2756 avo
3258 2805 3323 2996 sibique

3226 1307 3289 1419 ipsi,
3222 1455 3281 1586 qnod
3217 1621 3274 1811 tyranni
3219 1845 3269 2110 saevissimi
3207 2147 3260 2440 crudelitate
3202 2475 3253 2668 liberati
3182 2704 3245 2823 sint,
3176 2879 3224 2992 gra-

3158 1307 3208 1486 tulatus
3154 1524 3195 1600 est
3164 1641 3172 1704 ——

3084 1432 3098 1692 .—..—.-

3078 1829 3086 1890 —
3042 2026 3104 2216 „fere
3037 2252 3092 2757 emantlam‘mus

2978 1439 3045 1749 Tyranni
2979 1780 3017 2045 saevum
2959 2082 3023 2421 ingenium
2945 2451 3004 2653 atque
2950 2682 2987 2984 exsecra-

2891 2152 2941 2319 bile⁷’
2900 2343 2906 2397 -—

2820 1296 2881 1493 exponit
2817 1528 2863 1613 ea,
2812 1651 2859 1775 quae
2818 1810 2869 2059 victoriam
2809 2096 2862 2315 insecuta
2805 2352 2847 2478 sunt.

2783 2548 2848 2816 Populares
2789 2854 2837 2979 enim

2755 1294 2790 1464 omnes
2748 1500 2795 1668 statim
2746 1706 2791 1763 ab

2726 1801 2788 1949 Agrio
2716 1987 2785 2317 desciverunt,
2726 2355 2766 2407 ut
2720 2441 2770 2599 solent
2711 2634 2766 2857 homines
2709 2899 2741 2977 re-

2676 1292 2725 1381 bus
2668 1418 2716 1646 secundis
2651 1685 2708 2094 quemadmodum
2636 2133 2700 2253 lapis
2631 2290 2679 2487 magnes
2638 2524 2688 2658 ferro
2633 2693 2681 2854 trahi:

2605 1419 2612 1481 ——
2598 1615 2605 1677 ——
2593 1811 2600 1873 —-
2565 2010 2626 2102 τὰς
2558 2141 2621 2350 βροτῶν

2492 1414 2559 1626 γνώμας
2499 1663 2557 1895 ἕπισπῶν
2486 1932 2548 2054 ὥςτε
2470 2091 2539 2371 [Μαγνῆτις
2469 2404 2532 2573 λίθος,

2413 1411 2479 1507 τὴν
2413 1542 2475 1701 δόξαν
2417 1734 2473 1865 ἕλκει
2414 1900 2465 1986 καὶ
2392 2019 2459 2328 μεθίστησιν
2399 2360 2451 2518 πάλιν
2381 2540 2447 2606 *).

2350 1277 2398 1436 Simul
2328 1473 2396 1788 Sthenelum,
2337 1827 2378 1876 ut
2317 1912 2380 2114 Agrium
2310 2165 2363 2363 caperet
2304 2412 2360 2556 atque
2315 2592 2363 2638 in
2294 2675 2358 2967 supplicium

2253 1275 2318 1563 adduceret,
2263 1598 2305 1733 recta
2260 1769 2306 1827 ad
2238 1866 2299 2046 regiam
2234 2084 2294 2357 profectum
2239 2395 2272 2505 esse
2231 2542 2281 2771 ostendit.
2226 2837 2277 2963 Cru-

2185 1274 2239 1524 delitatem
2184 1589 2232 1638 in
2163 1682 2225 1923 supplicio
2166 1972 2213 2209 sumendo
2157 2258 2211 2584 adhibendam
2151 2633 2187 2746 esse
2145 2792 2188 2961 censet

2093 1271 2160 1553 Diomedes,
2083 1590 2150 1867 refragante
2077 1903 2140 2088 Oeneo,
2071 2127 2133 2209 qui
2067 2243 2129 2467 profecto
2075 2498 2109 2591 non
2064 2619 2116 2956 mendicorum

2026 1268 2063 1472 numero
2022 1507 2069 1565 ab
2001 1601 2069 1932 Aristophane
1993 1967 2047 2236 poneretur
1983 2265 2052 2359 **)‚
1998 2396 2044 2486 nisi
1977 2523 2026 2699 sapere
1987 2733 2036 2782 in
1983 2807 2031 2954 rebus

1945 1266 1996 1484 adversis
1936 1539 1991 1792 didicisset
1932 1839 1963 1896 ac
1927 1945 1960 2081 more
1905 2136 1971 2539 philosophorum
1912 2589 1945 2668 res
1902 2716 1956 2952 humanas

1851 1263 1917 1563 despiceret.
1853 1632 1908 1856 Diomedi
1849 1891 1897 2013 haec
1844 2050 1893 2242 tribuo:

1785 1399 1834 1464 οὐ
1779 1500 1832 1643 δεινὰ
1758 1678 1825 1895 πάσχειν
1766 1931 1818 2076 δεινὰ
1753 2110 1820 2234 τοὺς
1741 2270 1811 2645 εἰργασμένους
1732 2678 1799 2802 ***).

1688 1259 1757 1565 Magnopere
1695 1601 1743 1728 enim
1690 1763 1740 1894 hunc
1675 1930 1731 2261 contendisse,
1679 2299 1719 2353 ut
1668 2390 1722 2727 crudelitatem
1665 2764 1713 2812 in
1662 2848 1713 2944 fra-

1626 1257 1671 1332 tre
1622 1367 1655 1484 avus
1616 1521 1661 1742 exerceri
1594 1779 1653 2047 pateretur,
1603 2084 1651 2209 haec
1597 2246 1647 2399 Oenei
1592 2435 1639 2579 verba
1583 2615 1636 2889 declarant:

1530 1386 1591 1498 „Si
1518 1539 1570 1812 unquam
1507 1854 1571 2300 praepediar,
1497 2347 1554 2582 gnate,
1508 2628 1550 2697 tu
1504 2732 1536 2810 ne
1501 2846 1542 2941 at-

1436 2092 1488 2409 tenderis

1376 1383 1430 1626 Petere
1374 1663 1405 1694 a
1359 1729 1402 1852 me,
1350 1890 1412 2056 quod
1345 2091 1407 2282 nefas
1356 2314 1402 2402 sit
1347 2438 1396 2717 concedi
1337 2750 1390 2934 tibi.’'

1156 1311 1208 1349 *)
1151 1379 1207 1540 Ingens
1145 1578 1202 1867 interpretum
1136 1900 1190 2135 trepidatio
1141 2172 1184 2288 cirea
1138 2326 1179 2441 haec
1131 2484 1174 2623 verba
1127 2665 1169 2761 tolli
1112 2796 1152 2926 posse

1094 1379 1136 1491 mihi
1090 1532 1132 1628 visa
1087 1670 1123 1734 est
1079 1771 1127 1973 ἐπισπῶν
1064 2012 1103 2095 pro
1068 2134 1110 2315 σκοπῶν
1053 2363 1101 2630 reponendo.
1042 2703 1098 2921 Supplen-

1024 1381 1066 1486 dum
1020 1522 1047 1617 esse
1014 1657 1058 1831 videtur
1003 1864 1047 2132 vocabulum
1000 2167 1044 2192 ὁ
988 2222 1037 2430 πλςῦτος.

943 1286 997 1342 ”)
952 1372 995 1564 Acharn.
947 1595 989 1702 418:

879 1482 924 1541 τὰ
875 1571 914 1684 ποῖοι
858 1713 916 1876 τρύχη;
855 1908 907 2007 μῶν
862 2039 908 2086 ἐν
853 2118 903 2187 οἷς
847 2220 899 2385 Οἰνεύς
850 2417 897 2488 ὁὸὶ

807 1480 852 1504 ὁ
790 1538 849 1796 δύςποτμος
782 1826 838 2005 γεραιὸς
777 2035 838 2308 ἦγωνίζετος

728 1245 784 1338 *³⁸⁵*J
722 1369 780 1552 Fragm.
734 1584 777 1668 inc.
730 1700 757 1739 n.
726 1771 771 1863 180.
725 1899 761 1939 et
720 1975 764 2070 181.
