5010 3336
3865 2085 3921 2206 378

3729 1302 3779 1408 sola
3717 1443 3779 1647 virtute,
3730 1683 3777 1734 id
3729 1772 3773 1850 est
3727 1884 3777 2029 animi
3708 2063 3773 2399 magnitudine
3704 2432 3770 2712 viribusque
3701 2748 3763 2985 corporiS,

3649 1301 3698 1577 hominibus
3634 1615 3690 1882 praestare.
3645 1943 3695 2231 Honestatis
3643 2269 3687 2430 autem
3627 2468 3673 2651 genera
3638 2685 3686 2809 haec
3635 2845 3678 2983 sunt:

3555 1428 3619 1480 1)
3552 1518 3616 1739 vulgares
3567 1774 3599 1938 mores
3566 1973 3613 2047 vel
3549 2076 3611 2305 aequales
3546 2345 3613 2594 (ordinare
3541 2626 3608 2984 Charaktere);

3475 1425 3538 1479 2)
3488 1516 3535 1791 vitiosiores
3487 1828 3534 1906 vel
3470 1941 3533 2137 peiores
3467 2176 3531 2537 <Carricatur);

3394 1425 3454 1478 3)
3392 1515 3454 1900 praestantiores
3406 1937 3453 2011 vel
3402 2048 3451 2275 meliores
3384 2314 3450 2513 (ldeal).

3310 1296 3375 1489 Duplici
3326 1517 3358 1663 sensu
3324 1691 3373 1977 vocabulum
3308 2006 3374 2223 βελτίων
3305 2257 3367 2417 posuit
3317 2437 3368 2755 AristoteleS.
3307 2792 3367 2979 Altero,

3230 1295 3277 1393 quo
3230 1430 3296 1671 βελτίονα
3245 1704 3293 1833 idem
3229 1872 3291 1998 quod
3242 2038 3298 2124 υἷα
3240 2160 3290 2240 δεῖ
3239 2270 3295 2403 εἶναι
3222 2439 3286 2696 significat,
3238 2735 3285 2795 ad
3223 2830 3270 2979 gene-

3165 1291 3211 1548 rositatem
3165 1585 3212 1731 animi
3150 1768 3212 2011 refertur,
3146 2049 3192 2172 quae
3159 2206 3206 2352 decet
3146 2386 3205 2595 heroas,
3142 2629 3200 2856 tanquam
3140 2893 3188 2979 ge-

3084 1292 3117 1384 nus
3084 1422 3132 1675 hominum
3067 1725 3130 2071 praestantius.
3067 2153 3127 2350 Altero,
3063 2399 3110 2494 quo
3077 2544 3125 2774 meliores
3076 2809 3108 2975 mores

2987 1290 3053 1546 peioribus
2988 1604 3045 1914 opponuntur
2986 1972 3043 2119 atque
2984 2166 3047 2426 βελτίονες
2997 2484 3045 2633 iidem
2983 2703 3038 2847 sunt,
2980 2897 3043 2979 qui

2911 1290 2973 1593 σπουδαῖοι,
2924 1629 2970 1689 ad
2921 1727 2970 1956 decorem
2918 1993 2966 2226 refertur.
2916 2286 2964 2499 Possunt
2900 2533 2963 2685 igitur
2900 2717 2963 2978 opinabilia

2842 1290 2890 1465 eadem
2842 1527 2883 1575 et
2827 1619 2887 1975 praestantiora
2839 2022 2881 2072 et
2837 2135 2884 2384 vitiosiora
2836 2433 2883 2507 vel
2820 2558 2882 2776 turpiora
2819 2828 2866 2974 quam

2761 1286 2794 1399 vera
2752 1437 2793 1575 esse;
2747 1623 2809 1855 idemque
2760 1901 2806 1962 de
2742 1996 2805 2197 reliquis
2756 2234 2803 2422 duobus
2756 2458 2803 2675 veritatis
2739 2713 2801 2974 generibus

2681 1286 2728 1473 dictum
2665 1509 2722 1628 puta
2667 1663 2733 1751 (cf.
2680 1790 2711 1829 c.
2669 1866 2724 1945 25,
2664 1983 2727 2068 7.),
2676 2152 2724 2274 Item
2661 2319 2723 2546 vulgares
2675 2597 2706 2759 mores
2675 2797 2716 2848 et
2674 2882 2720 2973 ho—

2599 1285 2647 1497 minibus
2600 1536 2642 1584 et
2600 1619 2647 1709 diis
2599 1747 2641 1798 et
2597 1833 2647 2066 heroibus
2597 2104 2643 2251 tribui
2579 2288 2635 2518 possunt:
2596 2555 2643 2604 id
2580 2634 2641 2761 quod
2594 2787 2642 2971 factum

2518 1285 2551 1398 esse
2519 1433 2567 1653 videmus
2520 1690 2566 1738 in
2518 1776 2566 1931 Plauti
2500 1968 2562 2339 Amphitruone.
2500 2423 2563 2663 Vulgares
2514 2702 2561 2830 enim
2513 2867 2545 2972 mo-

2438 1285 2471 1365 res
2439 1427 2485 1672 recentior
2424 1731 2484 2012 comoedia,
2417 2085 2481 2334 turpiores
2418 2393 2481 2641 antiquior
2422 2699 2480 2971 comoedia,

2342 1281 2405 1531 graviores
2341 1570 2403 1818 tragoedia
2354 1855 2403 2090 imitatur.

2277 1411 2325 1505 His
2260 1556 2322 1826 perspectis
2275 1874 2322 2058 rectius
2271 2104 2320 2385 aestimabis
2272 2431 2319 2527 vim
2259 2587 2304 2785 eorum,
2257 2844 2304 2970 quae

2181 1282 2246 1559 Sophocles
2195 1606 2242 1791 dixisse
2183 1839 2243 2028 fertur,
2193 2077 2225 2130 se
2191 2174 2239 2400 homines
2183 2436 2238 2591 tales,
2176 2638 2238 2808 quales
2190 2857 2223 2970 esse

2102 1282 2163 1521 debeant,
2101 1560 2162 1825 effingere,
2098 1873 2162 2159 Euripidem
2100 2196 2160 2337 tales,
2098 2375 2158 2546 quales
2111 2581 2142 2752 revera
2112 2789 2159 2886 sint
2099 2901 2160 2967 ³⁸).

2036 1282 2084 1418 Nihil
2035 1465 2082 1591 enim
2035 1639 2082 1769 aliud
2036 1817 2081 1875 ab
2035 1913 2065 1971 eo
2034 2018 2081 2203 dictum
2033 2243 2064 2355 esse
2016 2390 2079 2662 intelliges,
2016 2716 2062 2858 quam
2020 2895 2079 2965 id,

1940 1282 2002 1411 quod
1940 1450 2003 1652 quilibet
1946 1687 2002 1844 videt,
1938 1900 2003 2196 Sophoclem
1952 2245 1994 2436 servata
1952 2479 1999 2691 heroum
1935 2729 1998 2965 dignitate

1876 1279 1924 1400 nihil
1875 1435 1922 1529 illis
1863 1566 1917 1730 tenue,
1875 1766 1922 1834 nil
1862 1860 1923 2062 humile,
1873 2100 1921 2167 nil
1862 2191 1920 2451 illiberale,
1872 2488 1919 2556 nil
1855 2582 1918 2794 denique
1854 2832 1917 2964 quod

1713 1341 1767 1390 ἦ)
1726 1419 1767 1595 Aristot.
1725 1627 1767 1749 Poet.
1724 1782 1752 1818 c.
1716 1850 1768 1921 25,
1714 1950 1767 2017 6.,
1725 2058 1767 2136 ubi
1726 2178 1767 2232 de
1713 2276 1767 2567 problematis
1715 2609 1766 2806 disserit,
1707 2847 1766 2964 πρὸς

1654 1418 1697 1467 δὲ
1646 1498 1698 1694 τούτοις,
1641 1726 1695 1878 inquit,
1653 1911 1698 1989 ἐὰν
1642 2021 1697 2295 ἐπιτιμᾶται,
1653 2330 1699 2402 ὅτι
1653 2433 1696 2518 οὐκ
1640 2550 1697 2727 ἀληθῆ,
1651 2760 1698 2853 ἀλλ’
1650 2886 1694 2963 οἷοι

1573 1416 1625 1506 δεῖ,
1583 1551 1627 1648 οἷον
1583 1680 1623 1756 καὶ
1571 1794 1623 2040 Σοφοκλῆς
1570 2069 1626 2157 ἔφη
1577 2187 1629 2329 αὐτὸς
1571 2356 1627 2438 μὲν
1575 2478 1624 2645 οἴους
1581 2676 1622 2767 δεῖ
1566 2796 1618 2961 ποιεῖν,

1498 1415 1557 1674 Εὐριπίδην
1510 1714 1554 1762 δὲ
1511 1804 1555 1922 οἷοί
1500 1961 1553 2100 εἰσι,
1499 2144 1555 2289 ταύτῃ
1511 2322 1555 2494 λυτέον.
1510 2567 1554 2685 εἰδὲ
1497 2714 1552 2960 μηδετέ-

1427 1416 1468 1575 ρους7
1439 1619 1484 1689 ὅτι
1439 1722 1486 1874 οὕτω
1427 1906 1481 2089 φασίν
1428 2120 1484 2436 (opinabiles),
1440 2470 1484 2569 οἷον
1440 2598 1484 2655 τὰ
1424 2686 1481 2789 περὶ
1437 2819 1479 2960 θεῶν.

1370 1418 1411 1503 llis
1359 1544 1411 1675 adde,
1371 1716 1411 1752 si
1358 1782 1411 1927 lubet,
1370 1982 1395 2018 c.
1371 2057 1413 2123 25.
1360 2165 1409 2205 ᾖ.
1359 2243 1413 2332 17.,
1359 2376 1412 2447 qui
1369 2495 1408 2620 locus
1355 2659 1407 2959 corruptelam

1299 1414 1340 1560 traxit.
1299 1625 1339 1878 l’raemissa
1299 1916 1340 2033 enim
1288 2073 1342 2365 descriptione
1288 2412 1345 2441 ἢ
1287 2470 1340 2586 πρὸς
1298 2624 1341 2686 τὸ
1284 2719 1340 2957 βέλτιον

1216 1415 1276 1447 ἢ
1214 1478 1273 1594 πρὸς
1217 1625 1272 1800 δόξαν
1226 1842 1267 1914 δεῖ
1216 1941 1273 2153 οἷνοὶγειν,
1229 2196 1269 2310 haec
1229 2342 1271 2498 deinde
1227 2527 1270 2682 iterat:
1226 2726 1270 2838 ἀλλὰ
1224 2878 1267 2957 καὶ

1145 1415 1201 1531 πρὸς
1158 1580 1201 1630 τό
1143 1688 1199 1819 βέλτ
1157 1840 1183 1956 ιον·
1157 2022 1202 2073 τὸ
1145 2125 1202 2211 γὰρ
1145 2259 1200 2548 παράδειγμα
1156 2598 1196 2671 δεῖ
1141 2721 1199 2956 ὑπερέχειν

1075 1415 1128 1668 (exemplar
1088 1698 1128 1814 enim
1086 1840 1128 2052 illustrius
1086 2076 1114 2170 esse
1076 2192 1128 2365 debeo·
1074 2397 1130 2511 πρὸς
1087 2542 1130 2582 δ’
1087 2606 1133 2635 ὁὶ
1076 2665 1128 2809 φασὶ
1072 2840 1126 2891 (ἰ.
1083 2913 1110 2952 e.

1003 1413 1061 1530 πρὸς
1005 1558 1060 1642 τὴν
1003 1674 1057 1835 δόξαν)
1005 1877 1061 2049 τᾶλογα
1015 2091 1061 2210 οὕτω
1015 2240 1042 2288 τε
1015 2319 1061 2392 καὶ
1016 2433 1064 2505 ὅτι
1016 2534 1060 2643 ποτε
1016 2675 1062 2756 οὐκ
1002 2788 1059 2955 ἄλογόν

944 1415 989 1559 ἔστιν·
938 1593 989 1713 εἰκὸς
931 1742 987 1826 γὰρ
944 1848 985 1990 πολλὰ
944 2022 987 2098 καὶ
929 2122 988 2245 παρὰ
946 2270 988 2320 τὸ
939 2343 991 2462 εἰκὸς
934 2491 987 2698 γίνεσθαι
932 2721 985 2802 (cf.
944 2828 968 2863 c.
942 2883 984 2951 18.

864 1414 914 1454 §.
863 1487 916 1580 6.),
874 1621 915 1649 i.
875 1683 900 1720 e.
874 1755 914 1810 ad
861 1841 915 2091 opinionem
862 2128 899 2205 ea,
861 2237 902 2350 quae
863 2389 911 2567 praeter
873 2607 914 2825 rationem
871 2855 899 2952 esse

794 1418 845 1635 videntur,
803 1666 844 1901 reserenda
803 1930 836 2030 sunt
789 2059 844 2222 duplici
793 2251 844 2397 modo,
804 2428 840 2473 ut
804 2492 841 2566 aut
791 2588 843 2788 meliora,
788 2818 828 2949 quam

718 1415 774 1637 vulgaria,
732 1657 773 1736 illa
724 1768 758 1878 esse,
731 1910 767 1984 aut
732 2005 771 2145 multa
730 2175 773 2308 etiam
731 2328 773 2592 verisimilia
718 2622 767 2797 practer
730 2826 771 2950 simi-

660 1418 703 1649 litudinem
659 1683 703 1908 verirfieri
658 1938 701 2151 dicamus.
