5010 3336
3842 2068 3899 2188 390

3707 1291 3757 1523 Proetum
3693 1560 3742 1725 regem
3706 1761 3755 1873 exul
3706 1908 3754 1956 in
3687 1991 3753 2261 hospitium
3687 2299 3750 2545 venisset,
3696 2590 3747 2841 adamatus
3693 2889 3736 2965 est

3627 1289 3673 1349 ab
3627 1386 3660 1539 uxore
3616 1568 3674 1691 eius,
3622 1729 3676 2054 Sthenoboea.
3609 2124 3671 2219 Qui
3621 2255 3654 2366 cum
3619 2402 3667 2728 concumbere
3616 2762 3650 2872 cum
3614 2909 3647 2966 ea

3535 1287 3598 1543 noluisset,
3548 1578 3595 1659 illa
3548 1695 3595 1799 viro
3546 1835 3578 1921 suo
3543 1958 3591 2159 mentita
3542 2195 3585 2272 est
3542 2308 3574 2362 se
3541 2397 3588 2455 ab
3540 2493 3572 2552 eo
3523 2602 3585 2965 compellatum.

3469 1287 3517 1354 At
3455 1390 3517 1620 Proetus,
3467 1669 3499 1723 re
3454 1761 3513 1955 audita,
3446 1995 3510 2289 conscripsit
3460 2330 3509 2534 tabellas
3459 2586 3506 2648 de.
3458 2695 3490 2751 ea
3442 2785 3488 2869 re,
3454 2916 3498 2967 et

3389 1288 3438 1443 mittit
3388 1464 3420 1573 eum
3387 1611 3434 1668 ad
3385 1707 3433 1908 Iobaten
3369 1944 3415 2127 regem,
3366 2164 3425 2355 patrem
3378 2379 3429 2751 Sthenoboeae:
3362 2790 3423 2965 quibus

3309 1286 3357 1429 lectis
3308 1465 3356 1612 talem
3305 1661 3352 1814 virum
3304 1865 3351 2144 interficere
3289 2181 3350 2360 noluit,
3299 2416 3347 2502 sed
3298 2552 3345 2613 ad
3295 2652 3346 2965 Chimaeram

3229 1287 3262 1400 eum
3226 1447 3276 1835 interficiendam
3212 1880 3271 2042 misit,
3208 2102 3254 2227 quae
3205 2284 3267 2530 tripartito
3218 2582 3251 2669 ore
3216 2718 3264 2963 flammam

3135 1286 3197 1473 spirare
3146 1495 3197 1751 dicebatur
3145 1768 3193 1897 idem
3129 1922 3192 2041 (scr.
3126 2062 3191 2372 identidem),
3123 2396 3186 2555 prima
3124 2581 3185 2677 lec,
3121 2713 3178 2965 postrema

3060 1284 3120 1459 draco,
3068 1507 3114 1669 media
3051 1714 3113 1817 ipsa
3065 1866 3113 2128 chimaera.
3060 2211 3110 2351 Hanc
3043 2395 3091 2548 super
3040 2591 3106 2835 Pegasum
3056 2883 3088 2963 se-

2991 1288 3040 1410 dens
2988 1445 3037 1697 interfecit
2973 1730 3038 1797 *).
2987 1869 3033 1933 At
2986 1968 3017 2053 rex
2982 2088 3031 2297 virtutes
2979 2346 3027 2449 eius
2977 2500 3026 2700 laudans
2975 2758 3024 2962 aiteram

2912 1284 2961 1433 filiam
2910 1480 2959 1619 dedit
2908 1666 2956 1712 ei
2908 1746 2955 1793 in
2903 1839 2954 2217 matrimonium.
2886 2288 2948 2632 Sthenoboea,
2898 2680 2929 2734 re
2884 2781 2943 2962 audita,

2817 1281 2881 1388 ipsa
2832 1424 2864 1477 se
2827 1514 2878 1799 interfecit''
2812 1836 2876 1931 **).
2824 2001 2874 2174 Paullo
2820 2209 2870 2410 uberius
2818 2448 2866 2619 eadem
2818 2656 2848 2682 a
2817 2709 2866 2887 Malala
2815 2912 2863 2962 in

2733 1282 2800 1544 chronogr.
2747 1582 2797 1664 lV.
2732 1705 2778 1753 p.
2747 1792 2791 1904 102.
2730 1943 2795 2071 (83.)
2726 2122 2783 2460 exponuntur,
2725 2498 2785 2578 qui
2738 2612 2785 2673 ad
2722 2708 2786 2960 Euripidis

2669 1278 2718 1615 auctoritatem
2665 1665 2713 1944 nominatim
2650 1995 2703 2246 provocat.
2660 2317 2710 2680 Stheneboeam
2643 2716 2705 2959 suspicor,

2591 1277 2627 1389 cum
2589 1411 2640 1588 Iobatis
2586 1624 2634 1802 litteris
2583 1829 2631 1975 simul
2582 2002 2631 2135 fraus
2582 2173 2629 2278 eius
2582 2308 2629 2503 detecta
2582 2538 2622 2586 et
2563 2607 2627 2959 Bellerophon-

2514 1276 2561 1342 tis
2507 1377 2558 1652 innocentia
2488 1688 2552 1880 cognita
2492 1915 2545 2076 esset,
2502 2119 2544 2324 mortem
2502 2375 2549 2466 sibi
2500 2503 2547 2811 consciscere
2499 2847 2530 2959 coa—

2434 1275 2477 1402 ctam
2422 1440 2464 1568 esse,
2430 1606 2474 1693 sed
2427 1729 2476 2040 iureiurando
2425 2078 2465 2221 antea
2411 2258 2469 2445 filium,
2421 2484 2468 2741 etiamtum
2403 2778 2450 2958 pueru-

2343 1278 2404 1396 lum,
2349 1434 2400 1758 obstrinxisse
2348 1816 2379 1927 sese
2346 1963 2392 2132 matris
2343 2168 2385 2378 mortem
2342 2416 2389 2566 caede
2323 2602 2388 2957 Bellerophon-

2276 1274 2323 1337 tis
2268 1373 2321 1604 ulturum.
2254 1675 2317 1848 Itaque
2250 1868 2315 2245 Megapentlies,
2248 2284 2294 2431 quum
2263 2457 2309 2514 ad
2260 2545 2309 2804 iuvenilem
2258 2823 2301 2957 aeta-

2195 1272 2237 1375 tem
2178 1411 2237 1746 pervenisset,
2188 1785 2235 1834 in
2172 1869 2235 2070 Lyciam
2169 2107 2231 2362 profectus
2182 2400 2223 2450 et
2182 2485 2226 2543 ab
2181 2580 2212 2668 avo
2164 2706 2220 2955 receptum,

2114 1273 2164 1405 hunc
2111 1441 2153 1613 nactus
2110 1650 2151 1726 est
2107 1762 2156 2034 adiutorem
2105 2086 2151 2277 consilii
2089 2313 2145 2460 atque
2099 2496 2148 2700 socium.
2099 2772 2148 2956 Fertur

2035 1272 2082 1399 enim
2020 1438 2081 1661 Iobates,
2016 1715 2076 1934 quamvis
2010 1970 2075 2339 Bellerophonti
2022 2387 2071 2654 Philonoen
2022 2704 2071 2853 filiam
2019 2904 2068 2954 in

1953 1273 2002 1635 matrimonium
1940 1683 1998 1935 dedisset,
1948 1986 1979 2045 ex
1930 2094 1976 2185 qua
1945 2231 1985 2370 natus
1943 2421 1984 2524 erat
1942 2562 1990 2776 Glaucus
1925 2827 1989 2951 ²¹²²³³²³²)‚

1875 1269 1919 1435 tamen
1874 1484 1906 1578 non
1870 1627 1920 1835 desiisse
1868 1884 1901 1995 eum
1851 2047 1913 2274 periculis
1863 2333 1911 2547 obiicere
1849 2607 1904 2754 atque
1860 2803 1909 2951 etiam

1795 1268 1845 1468 insidias
1794 1506 1841 1551 ei
1779 1602 1840 1895 collocasse,
1787 1949 1836 2247 invidentem
1785 2297 1831 2387 viri
1783 2436 1830 2600 virtuti
1766 2636 1830 2712 †).
1780 2784 1830 2952 Potuit

1701 1270 1765 1417 igitur
1698 1462 1759 1718 prooemio
1695 1771 1758 2067 colloquium
1706 2103 1755 2282 Iobatis
1687 2331 1752 2802 Megapenthisque,
1687 2855 1733 2950 quo

1620 1266 1684 1521 utriusque
1616 1561 1679 1855 conspiratio
1614 1892 1677 2241 declararetur,
1608 2280 1670 2519 subiungi.

1539 1398 1604 1693 Fragmenta
1533 1716 1598 1908 prologi
1549 1932 1596 2028 duo
1535 2051 1589 2260 exstant,
1545 2291 1592 2350 ad
1542 2371 1590 2579 maiores
1527 2598 1592 2948 Megapenthis

1459 1266 1524 1573 patriamque
1473 1610 1520 1714 eius
1455 1749 1517 2073 pertinentia:

1221 1326 1276 1371 ἦς)
1233 1402 1275 1508 Post
1232 1545 1274 1661 haec
1229 1692 1272 1837 alieno
1228 1868 1268 1967 loco
1226 1996 1268 2159 inserta
1224 2189 1264 2287 sunt
1224 2316 1267 2481 verba:
1211 2513 1263 2600 „Et
1221 2629 1263 2846 decidisse
1221 2875 1262 2943 di-

1165 1399 1205 1511 citur
1163 1539 1204 1584 in
1148 1616 1189 1797 campos
1145 1826 1200 1999 Aleios,
1156 2029 1196 2144 unde
1155 2174 1197 2307 etiam
1155 2338 1182 2468 coxas
1152 2499 1195 2681 eiecisse
1151 2713 1193 2917 dicitur-'⁷

1082 1296 1137 1370 aaz)
1092 1402 1134 1646 Confirmat
1088 1688 1130 1827 schol.
1086 1867 1128 1998 Arist.
1086 2051 1126 2166 Ran.
1085 2215 1127 2348 1050:
1075 2403 1127 2622 ἐλθόντος
1080 2671 1130 2755 οὖν
1078 2801 1124 2943 ἐκεῖσε

1009 1397 1065 1761 Βελλεροφόντου
1016 1802 1059 1894 καὶ
1001 1940 1057 2212 καθαροῦ
1003 2257 1059 2578 φανέντος,
998 2630 1056 2693 μὴ
997 2736 1055 2942 φέρουσα

941 1396 996 1480 τὴν
938 1522 993 1739 αἰσχύνην
932 1780 990 2041 Σθενέβοια
931 2080 986 2297 κωνείῳ
931 2342 988 2644 ἐχρήσατο.
937 2702 982 2941 Testantur

883 1397 924 1531 etlam
868 1560 923 1868 Aristophanis
867 1897 917 2062 vcrba;
876 2095 917 2151 cf.
874 2183 916 2352 Welck.
862 2383 900 2427 p.
874 2460 916 2557 784.

801 1261 855 1364 ³³<³l⁴²l³)
813 1397 854 1464 Cf.
812 1495 853 1683 Tzctzes
809 1715 850 1771 ad
794 1800 849 2025 Lycophr.
805 2056 832 2099 v.
806 2131 847 2200 17.
792 2231 845 2440 Apollod.
791 2471 844 2528 II,
791 2558 844 2599 3,
800 2630 843 2670 2.

731 1309 785 1361 †)
740 1393 783 1459 Cf.
741 1504 782 1730 Plutarch.
726 1773 765 1815 p.
738 1858 779 1955 147.
736 1998 777 2063 B:
727 2107 780 2294 οὐδενὸς
718 2335 778 2550 ἐτύγχανε
729 2598 771 2687 τῶν
718 2734 771 2936 δικαίων,

672 1390 717 1483 ἀλλ’
660 1512 720 1571 ἦν
659 1603 715 1885 ἀδικώτατος
653 1915 707 2018 περὶ
663 2048 710 2193 αὐτὸν
649 2219 712 2434 Ἰοβάτης.
