5010 3336
1156 2060 1213 2180 325

1308 2713 1372 2938 superbia
1304 2523 1361 2665 elati,
1303 2406 1351 2478 vel
1303 2152 1363 2357 denique
1318 1834 1365 2119 quocunque
1302 1622 1350 1800 affectu
1304 1302 1366 1587 perturbati,

1394 2858 1435 2939 aut
1387 2731 1449 2823 ipsi
1388 2412 1448 2698 perpetrent
1389 2301 1429 2380 aut
1381 2163 1426 2268 aliis
1382 1896 1429 2126 suadeant
1383 1586 1446 1865 factumque
1382 1303 1445 1563 probabili-

1468 2850 1515 2941 bus
1464 2523 1528 2815 argumentis
1466 2257 1523 2487 purgent:
1460 2044 1506 2220 etenim

1542 2599 1601 2810 „audax
1541 2396 1587 2561 omnia
1539 2164 1602 2367 perpeti

1637 2687 1685 2811 gens
1621 2433 1667 2654 humana
1619 2299 1664 2399 ruit
1632 2173 1680 2267 per
1617 1931 1663 2141 velitum
1618 1702 1678 1897 nefas-'²

1703 2886 1750 2939 ln
1707 2721 1748 2851 tanta
1706 2490 1746 2687 naturae
1698 2221 1743 2457 humanae
1695 1991 1742 2188 audacia
1695 1594 1759 1955 contemplanda
1712 1416 1759 1559 quum
1699 1299 1745 1397 vel-

1786 2884 1828 2937 ut
1779 2653 1826 2842 attoniti
1784 2316 1838 2609 stupeamus,
1781 2177 1822 2278 tum
1790 2028 1821 2142 vero
1775 1766 1822 1992 miramur
1776 1509 1822 1733 astutiam
1777 1300 1824 1471 soller—

1859 2726 1919 2939 tiamque
1856 2452 1902 2693 hominum
1852 2019 1911 2414 vaferrimorum‚
1870 1880 1915 1973 qua
1859 1779 1901 1829 et
1855 1700 1901 1746 in
1854 1461 1901 1665 dicendo
1860 1376 1901 1426 et
1856 1294 1903 1342 in

1938 2751 1999 2936 agendo
1939 2526 1981 2717 utentes
1933 2347 1980 2490 modo
1932 2114 1979 2311 insidias
1937 1890 1979 2081 struunt
1933 1567 1980 1857 veteratorie
1934 1387 1979 1531 modo
1949 1294 1980 1353 ex

2013 2566 2063 2933 difficultatibus
2028 2471 2059 2525 se
2016 2237 2058 2432 versute
2011 1919 2074 2199 expediunt.
2012 1746 2059 1852 Non
2011 1472 2058 1709 scelerum
2011 1290 2073 1435 igitur

2110 2782 2155 2939 neque
2090 2464 2139 2750 temeritatis
2090 2068 2154 2429 magnitudine,
2105 1924 2137 2017 non
2090 1592 2138 1875 insolentiae
2106 1402 2152 1558 neque
2090 1294 2137 1369 fe-

2174 2778 2219 2940 rociae
2170 2436 2217 2732 immanitate
2169 2097 2231 2390 Euripideae
2185 1815 2231 2050 personae
2169 1474 2230 1770 Aeschyleas
2184 1293 2231 1438 supe-

2256 2803 2299 2935 rantt
2266 2660 2296 2768 nam
2249 2401 2311 2625 quidnam
2246 2074 2295 2365 nefariorum
2246 1772 2295 2035 facinorum
2250 1677 2296 1735 ab
2248 1498 2295 1643 huius
2247 1292 2294 1468 fabulis

2330 2761 2378 2937 abest‘!
2329 2638 2375 2725 sed
2328 2322 2385 2601 calliditate,
2327 1981 2386 2286 dexteritate,
2327 1716 2375 1945 doctrina.
2328 1477 2387 1647 Neque
2327 1290 2373 1447 minor

2410 2664 2472 2937 priscorum
2406 2438 2453 2630 illorum
2406 2142 2463 2405 hominnm,
2421 1904 2466 2106 quorum
2420 1707 2452 1868 mores
2404 1402 2466 1672 Aeschylus
2420 1291 2450 1374 ex-

2486 2723 2551 2935 pressit,
2485 2391 2546 2675 improbitas
2490 2307 2531 2355 et
2485 2056 2546 2272 nequitia
2489 1918 2542 2022 est,
2484 1785 2531 1870 sed
2485 1590 2529 1737 maior
2484 1289 2530 1556 animorum

2571 2764 2628 2932 stupor
2573 2681 2611 2729 et
2564 2484 2611 2648 rudior
2564 2184 2626 2447 imperitia:
2563 2009 2609 2134 unde
2564 1874 2618 1959 fit,
2568 1770 2609 1824 ut
2562 1445 2609 1737 rusticorum
2561 1288 2607 1411 alter

2649 2790 2708 2934 poeta
2644 2688 2703 2767 sit,
2642 2531 2689 2653 alter
2644 2196 2689 2507 eruditorum.
2642 1832 2689 2127 Eruditionis
2642 1555 2704 1802 praesides
2645 1417 2686 1526 sunt
2639 1290 2686 1402 Mu-

2739 2825 2781 2931 sae,
2737 2678 2768 2772 non
2721 2298 2784 2642 simplicitatis,
2736 2170 2767 2262 non
2721 1817 2782 2135 frugalitatiS,
2735 1676 2766 1769 non
2719 1423 2765 1641 roboris:
2733 1287 2781 1377 pro

2800 2642 2866 2932 politissimo
2800 2461 2862 2607 igitur
2801 2385 2847 2425 is
2800 2102 2845 2350 habendus
2804 1991 2845 2069 est
2805 1787 2861 1957 poeta,
2798 1657 2859 1737 qui
2803 1574 2844 1622 et
2798 1435 2860 1541 ipse
2813 1290 2843 1401 eru-

2879 2665 2927 2933 ditissimus
2884 2544 2925 2618 est
2883 2447 2925 2496 et
2879 2284 2925 2403 tales
2878 2047 2938 2237 effingit
2878 1872 2923 2013 etiam
2891 1606 2940 1837 personas
2875 1288 2922 1573 fabularum.

2957 2710 3006 2933 Eruditio
2972 2582 3004 2675 non
2958 2440 3020 2547 ipsa
2958 2244 3003 2405 statim
2957 1971 3019 2206 sapientia
2960 1836 3012 1934 est,
2954 1701 3000 1787 sed
2954 1466 3016 1666 praebet
2968 1286 3011 1432 arma,

3038 2760 3101 2932 quibus
3037 2557 3083 2724 muniti
3038 2249 3083 2523 libertatem
3035 2039 3081 2212 mentis
3039 1757 3092 2004 tueamur7
3032 1534 3091 1702 docet,
3048 1394 3095 1486 qua
3046 1286 3077 1361 ra-

3117 2802 3165 2933 tione
3114 2553 3161 2775 Sirenum
3115 2206 3162 2526 delenimenta
3114 1885 3174 2187 effugiamus,
3115 1614 3158 1849 monstrat
3111 1452 3168 1591 viam,
3126 1284 3171 1427 quam

3194 2620 3257 2932 ingrediendo
3194 2515 3239 2574 ad
3194 2180 3255 2464 sapientiam
3194 1798 3254 2147 perveniamus.
3189 1634 3236 1729 Sed
3204 1282 3251 1595 quaecunque

3290 2851 3320 2930 res
3274 2755 3319 2815 ad
3273 2458 3319 2720 utilitatem
3278 2372 3317 2423 et
3272 2137 3316 2338 salutem
3271 1765 3327 2099 inveniuntur„
3268 1559 3313 1729 iisdem
3268 1475 3313 1523 in
3267 1285 3330 1440 perui-

3353 2786 3408 2926 ciem,
3351 2703 3396 2751 in
3350 2430 3405 2669 fraudem,
3349 2348 3393 2394 in
3348 2067 3394 2311 libidinem
3349 1966 3393 2033 uti
3348 1802 3405 1930 licet,
3347 1686 3393 1766 ubi
3346 1486 3406 1655 aliquis
3345 1281 3391 1464 servire

3429 2609 3491 2926 cupidinibus,
3443 2434 3489 2572 quam
3428 2144 3488 2397 imperare,
3431 2058 3472 2107 et
3426 1824 3488 2031 perdere
3427 1605 3471 1801 domum
3430 1434 3485 1579 atque
3438 1281 3469 1411 rem·

3509 2660 3572 2927 publicam,
3523 2470 3569 2613 quam
3506 2238 3551 2423 mederi
3504 2020 3551 2190 morbo
3519 1860 3563 1972 sno,
3502 1621 3550 1813 mavult.
3502 1488 3548 1553 Et
3502 1278 3562 1456 ubique

3588 2821 3635 2927 sere
3587 2560 3634 2773 doctrina
3591 2463 3632 2512 et
3584 2224 3630 2417 dicendi
3584 2132 3629 2175 vi
3598 1861 3646 2090 personas
3580 1538 3643 1826 Euripidcas
3580 1373 3627 1503 abuti
3579 1277 3625 1338 ad

3667 2713 3726 2927 insidiaS,
3666 2620 3713 2677 ad
3670 2268 3728 2581 cognatorum
3663 1960 3723 2230 civiumque
3662 1622 3707 1925 incommoda
3662 1423 3705 1587 notum
3662 1279 3715 1379 est3

3746 2840 3794 2924 sed
3761 2691 3792 2786 non
3744 2486 3791 2644 minus
3758 2229 3805 2451 magnum
3756 1943 3787 2193 numerum
3739 1705 3802 1907 proponi
3738 1424 3785 1670 hominum
3751 1276 3783 1390 vere

3825 2633 3888 2925 sapientium
3827 2538 3869 2587 et
3822 2148 3878 2492 constantium,
3820 2008 3882 2088 qui
3834 1882 3866 1962 res
3819 1605 3865 1838 humanas
3816 1276 3879 1561 despiciant,

3904 2843 3966 2924 qui
3918 2598 3949 2806 summas
3901 2347 3947 2562 miserias
3915 2159 3961 2311 aequo
3900 1966 3945 2124 animo
3898 1673 3959 1930 patiantur,
3895 1558 3957 1638 qui
3910 1437 3941 1521 sua
3910 1277 3941 1409 com-

3982 2780 4030 2923 moda
3996 2534 4042 2745 suasque
3980 2229 4041 2500 voluptates
3978 2003 4024 2192 utilitati
3976 1745 4039 1969 publicae
3977 1389 4038 1711 postponant,
3973 1275 4033 1355 qui

4076 2834 4123 2922 pro
4060 2624 4107 2797 civium
4059 2431 4106 2589 salute
4059 2219 4105 2397 animas
4056 2060 4103 2185 haud
4059 1739 4102 2022 cunctanter
4052 1388 4115 1709 profundant,
4052 1273 4112 1353 qui

4155 2825 4187 2919 non
4138 2619 4185 2791 minori
4138 2404 4185 2587 laetitia
4137 2310 4183 2368 ad
4136 2006 4198 2272 supplicia,
4149 1828 4195 1969 quam
4133 1730 4179 1791 ad
4131 1504 4194 1696 nuptias
4129 1274 4191 1471 profici-

4225 2698 4278 2917 scantur,
4217 2562 4279 2664 quis
4217 2303 4280 2527 ignorat?
4220 2189 4261 2269 aut
4214 2052 4276 2156 quis
4217 1918 4259 2017 tam
4212 1724 4271 1886 ferus,
4209 1586 4271 1693 quis
4208 1494 4255 1551 ab
4206 1382 4253 1459 illa
4221 1271 4253 1348 sa-

4296 2705 4361 2915 pientia,
4296 2383 4345 2654 christianis
4291 1866 4354 2346 convenientissima,
4295 1724 4339 1821 tam
4289 1511 4337 1693 alienus
4290 1369 4345 1477 est,
4288 1269 4332 1325 ut
