5010 3336
2391 3329 2395 3331 ·
2378 3236 2405 3270 ΜΓ,

1012 2166 1065 2246 67

1163 2964 1209 3026 de
1161 2816 1217 2903 iis,
1174 2634 1219 2754 quae
1171 2344 1219 2572 praesens
1156 2143 1213 2290 vidit,
1155 1774 1216 2077 expositura:
1168 1615 1215 1707 qua
1155 1492 1201 1555 de
1170 1382 1203 1436 re

1242 2907 1287 3027 haec
1242 2762 1285 2871 suut
1237 2583 1283 2727 verba
1235 2327 1282 2548 Diodori:
1231 2180 1290 2270 τὰς
1230 2090 1280 2144 δὲ
1235 1962 1280 2059 τοῦ
1232 1730 1282 1924 Πελίου
1228 1384 1296 1695 θυγατέρας,

1319 2912 1380 3028 ἄρτι
1312 2470 1378 2879 καταβεβηκυίας
1310 2337 1360 2437 ἀπὸ
1316 2205 1361 2302 τοῦ
1309 1954 1374 2169 στέγους
1311 1791 1374 1922 πρὸς
1310 1664 1375 1759 τὴν
1309 1383 1375 1615 καθέψη-

1406 2946 1446 3029 σιν
1394 2800 1445 2887 καὶ
1391 2454 1456 2757 παραδόξως
1388 2354 1439 2410 ἐν
1394 2200 1449 2311 τοῖς
1389 1880 1454 2156 βασιλείοις
1389 1622 1448 1834 ἰδούσας
1391 1481 1441 1574 τόν
1409 1381 1441 1434 τε

1471 2834 1524 3040 Ἰἀσονα
1472 2714 1524 2801 καὶ
1465 2563 1528 2681 τοὺς
1469 2293 1533 2528 ἀριστεῖς,
1472 1972 1534 2258 περιαλγεῖς
1466 1856 1517 1938 ἐπὶ
1474 1761 1533 1823 τῇ
1478 1486 1534 1740 συμφορᾷ
1489 1382 1535 1463 γε-

1552 2824 1604 3033 νέσθαι·
1556 2668 1603 2784 οὔτε
1549 2538 1614 2635 γὰρ
1549 2200 1613 2501 ἀμύνασθαι
1547 2073 1613 2168 τὴν
1548 1806 1613 2049 Μήδειαν
1547 1646 1612 1776 ἔχειν
1548 1378 1609 1619 ἐξουσίαν

1637 2913 1683 3029 οὔτε
1633 2822 1682 2879 τὸ
1628 2555 1695 2787 πραχθὲν
1629 2340 1688 2520 αὐταῖς
1629 2142 1692 2305 μύσος
1628 2051 1678 2117 δι’
1627 1814 1691 2015 ἀπάτην
1628 1381 1690 1791 διορθώσασθαι.

1714 2832 1777 3030 Διόπερ
1711 2608 1767 2798 ταύτας
1708 2482 1774 2574 μὲν
1708 2223 1774 2448 ὁρμῆσαι
1708 1993 1773 2189 λέγεται
1708 1678 1771 1959 στερίσκειν
1706 1496 1767 1653 αὑτὰς
1714 1379 1759 1475 τοῦ

1795 2914 1859 3032 ζῆν’
1793 2772 1841 2863 τὸν
1788 2683 1840 2737 δὲ
1785 2409 1847 2643 Ἰάσονα,
1789 1986 1854 2359 κατελεήσαντα
1786 1871 1837 1934 τὰ
1787 1661 1852 1837 παθη,
1802 1378 1852 1614 παρακα-

1875 2828 1937 3031 τασχεῖν
1868 2643 1928 2802 αὐτας
1867 2514 1930 2616 καὶ,
1867 2259 1933 2478 θαῤῥεῖν
1866 1790 1933 2235 παρακαλέσαντα,
1867 1484 1928 1753 δεικνύειν,
1868 1376 1928 1447 ὡς

1951 2977 2012 3033 ἐκ
1951 2762 2010 2942 κακίας
1949 2632 2015 2728 μὲν
1948 2445 2000 2599 οὐδὲν
1949 2152 2015 2413 ἥμαρτον,
1948 1842 2006 2101 ἀκουσίως
1947 1737 1997 1791 δὲ
1947 1625 1997 1690 δι’
1947 1377 2013 1579 ἀπάτην

2032 2773 2098 3035 ἠτύχησαν
2029 2680 2095 2746 *).
2032 2361 2095 2610 Occupata
2032 2185 2093 2329 igitur
2030 2018 2093 2150 regia
2029 1602 2090 1974 interfectisque
2030 1378 2076 1556 satelli-

2115 2888 2174 3034 tibus,
2115 2792 2160 2852 ad
2111 2461 2159 2759 Alcestidem
2110 2245 2173 2427 prodiit
2110 2045 2166 2211 lason,
2109 1861 2155 2006 simul
2107 1600 2155 1826 Medeam
2112 1525 2155 1572 et
2109 1378 2155 1498 reli-

2210 2914 2257 3033 quas
2193 2714 2240 2878 Peliae
2191 2556 2238 2681 filias
2191 2310 2237 2519 educens
2204 1962 2250 2255 suorumque
2192 1734 2234 1924 caterva
2188 1477 2250 1699 stipatus,
2187 1376 2234 1423 Is

2290 2926 2321 3033 cum
2272 2682 2334 2889 virgines
2270 2349 2317 2624 consolatus
2273 2168 2315 2300 esset
2272 2071 2315 2121 et
2283 1906 2328 2028 quae
2268 1756 2329 1862 ipse
2282 1602 2318 1708 cum
2266 1374 2313 1554 Medea

2353 2843 2399 3033 fecerat
2350 2653 2412 2809 palam
2353 2335 2411 2619 purgasset,
2348 2123 2394 2300 Acasto
2347 1864 2407 2086 quidem,
2345 1662 2391 1827 Peliae
2344 1495 2403 1626 filio,
2345 1376 2406 1458 qui

2436 2927 2478 3032 erat
2431 2846 2476 2894 in
2444 2613 2477 2812 numero
2428 2172 2489 2578 Argonautarum,
2441 1927 2487 2124 regnum
2428 1638 2487 1892 paternum
2424 1373 2482 1605 restituit,

2510 2780 2558 3031 sororibus
2511 2584 2553 2742 autem
2507 2445 2552 2547 eius
2521 2355 2550 2407 se
2506 2164 2567 2320 ipsum
2510 1755 2565 2128 prospecturum
2518 1610 2549 1718 esse
2503 1374 2565 1566 pollici-

2596 2958 2637 3033 tus
2594 2848 2634 2920 est
2584 2492 2650 2811 (matrimonia
2582 2152 2645 2456 significans,
2583 2057 2627 2103 in
2598 1889 2642 2009 quae
2581 1646 2643 1853 singulas
2580 1373 2643 1610 principi-

2670 2945 2716 3034 bus
2668 2526 2729 2909 Argonautarum
2663 2168 2709 2487 collocaturus
2659 1990 2723 2130 erat),
2660 1745 2721 1952 denique
2659 1592 2706 1710 dixit
2675 1509 2706 1562 se
2675 1373 2706 1481 cum

2746 2747 2808 3034 Argonautis
2744 2648 2790 2693 in
2742 2369 2789 2601 Isthmum
2740 2016 2787 2316 Corinthium
2739 1634 2801 1967 profecturum
2754 1476 2785 1585 esse
2742 1370 2785 1420 et

2826 2802 2889 3034 perfectis
2822 2521 2885 2751 Neptuno
2819 2321 2867 2469 sacris
2819 1979 2881 2264 quibusdam
2833 1762 2864 1931 navem
2818 1582 2878 1711 Argo
2817 1374 2863 1529 eidem

2907 2623 2953 3032 consecraturum.
2900 2369 2960 2554 Quibus
2899 2189 2946 2333 dictis
2898 1875 2945 2151 concionem
2896 1616 2955 1827 dimisit,
2910 1373 2942 1565 omnes-

3000 2938 3046 3032 que
2983 2557 3029 2903 discesserunt.

3062 2824 3109 2901 Ex
3061 2699 3107 2791 hac
3059 2485 3106 2663 Iasonis
3057 2230 3104 2448 oratione
3054 1959 3117 2193 quaedam
3053 1657 3116 1926 fragmenta
3051 1369 3115 1623 depromta

3149 2889 3190 3028 sunt:
3145 2802 3187 2850 et
3140 2557 3202 2766 primum
3137 2326 3199 2521 quidem
3136 2231 3181 2290 ad
3135 1860 3198 2195 purgationem
3133 1706 3180 1824 facti
3138 1530 3195 1672 atque
3147 1370 3179 1511 accu-

3221 2791 3268 3027 sationem
3219 2594 3264 2758 Peliae
3217 2316 3279 2559 pertinere
3215 2057 3261 2282 videntur
3215 1816 3260 2026 haecce:

3297 2800 3346 2896 οὐκ
3292 2660 3344 2764 ἔστι
3293 2566 3342 2628 τὰ
3295 2390 3342 2529 θεῶν
3292 2202 3351 2355 ἄδικ’,
3288 2110 3340 2165 ἐν
3290 1746 3352 2073 ἀνθρώποισι
3287 1657 3339 1712 δὲ

3379 2720 3433 2898 κακοῖς
3378 2422 3425 2685 νοσοῦντα
3371 2136 3434 2386 σύγχυσιν
3367 1902 3432 2099 πολλὴν
3365 1757 3432 1870 ἔχει.

3458 2813 3520 3031 Reliquis
3456 2494 3519 2779 fragmentis
3459 2258 3516 2445 gratum
3451 1999 3497 2209 animum
3450 1918 3495 1965 in
3449 1660 3495 1885 Medeam
3446 1368 3507 1622 sociosque

3537 2798 3596 3029 declarat,
3551 2607 3597 2763 neque
3550 2487 3591 2570 se,
3549 2392 3579 2450 ex
3530 2128 3595 2355 periculis
3532 1852 3575 2090 servatum
3528 1576 3588 1817 rebusque
3540 1367 3572 1540 secun-

3618 2958 3663 3031 dis
3619 2659 3674 2906 utentem,
3613 2267 3662 2613 beneficiorum
3608 1931 3656 2211 memoriam
3606 1541 3669 1873 depositurum
3618 1368 3651 1478 esse

3696 2887 3743 3029 dicit:

3769 2844 3822 2901 ἐν
3774 2678 3822 2812 τοῖσι
3770 2552 3834 2645 μὲν
3770 2269 3819 2515 δεινοῖσιν
3766 2166 3824 2233 ὡς
3763 1990 3829 2131 φίλοι
3763 1788 3829 1957 φίλων
3767 1754 3811 1773 !

3852 2773 3903 2899 ὅταν
3850 2684 3902 2738 δὲ
3851 2427 3915 2650 πράξωσ’
3844 2317 3907 2388 εὖ,
3848 1958 3898 2278 διωθοῦνται
3842 1758 3908 1925 χάριν,

3931 2749 3983 2898 αὐτοὶ
3932 2650 3982 2716 δι’
3925 2416 3990 2611 αὐτοὺς
3929 2148 3993 2380 εὐτυχεῖν
3923 1806 3991 2117 ἡγούμενοι·

4171 2919 4221 2957 *)
4171 2672 4210 2885 Conatum
4180 2563 4220 2641 pro
4166 2414 4208 2532 facto
4175 2221 4217 2381 ponens
4159 1979 4213 2181 Hyginus
4156 1731 4198 1935 Peliadas
4166 1673 4195 1700 a
4150 1500 4205 1642 patria
4161 1364 4202 1471 pro·

4238 2727 4291 2894 fugisse
4236 2551 4277 2698 refert.

4278 1658 4323 1737 5*
