<?xml version="1.0" encoding="UTF-8"?>
<!DOCTYPE html PUBLIC "-//W3C//DTD XHTML 1.0 Transitional//EN"
    "http://www.w3.org/TR/xhtml1/DTD/xhtml1-transitional.dtd">
<html xmlns="http://www.w3.org/1999/xhtml" xml:lang="en" lang="en">
 <head>
  <title>
</title>
<meta http-equiv="Content-Type" content="text/html;charset=utf-8" />
  <meta name='ocr-system' content='tesseract 3.04.00' />
  <meta name='ocr-capabilities' content='ocr_page ocr_carea ocr_par ocr_line ocrx_word'/>
</head>
<body>
  <div class='ocr_page' id='page_1' title='image "./euripidesrestitu00hartuoft_raw_0081.png"; bbox 0 0 5010 3336; ppageno 0'>
   <div class='ocr_carea' id='block_1_1' title="bbox 4 3336 3336 3336">
    <p class='ocr_par' dir='ltr' id='par_1_1' title="bbox 4 3336 3336 3336">
     <span class='ocr_line' id='line_1_1' title="bbox 4 3336 1098 3336; textangle 90"><span class='ocrx_word' id='word_1_1' title='bbox 4 3336 358 3336; x_wconf 95' lang='lat' dir='ltr'><strong> </strong></span> <span class='ocrx_word' id='word_1_2' title='bbox 4 3336 1098 3336; x_wconf 95' lang='lat' dir='ltr'><strong> </strong></span> 
     </span>
     <span class='ocr_line' id='line_1_2' title="bbox 4 3336 3336 3336; textangle 90"><span class='ocrx_word' id='word_1_3' title='bbox 4 3336 3336 3336; x_wconf 95' lang='lat' dir='ltr'><strong>                                               </strong></span> 
     </span>
    </p>
   </div>
   <div class='ocr_carea' id='block_1_2' title="bbox 1158 3329 4291 3336">
    <p class='ocr_par' dir='ltr' id='par_1_2' title="bbox 1158 3329 4291 3336">
     <span class='ocr_line' id='line_1_3' title="bbox 1158 3329 4291 3336; textangle 90"><span class='ocrx_word' id='word_1_4' title='bbox 1158 3329 4291 3336; x_wconf 95' lang='lat' dir='ltr'><strong> </strong></span> 
     </span>
    </p>
   </div>
   <div class='ocr_carea' id='block_1_3' title="bbox 1030 2159 1085 2238">
    <p class='ocr_par' dir='ltr' id='par_1_3' title="bbox 1030 2159 1085 2238">
     <span class='ocr_line' id='line_1_4' title="bbox 1030 2159 1085 2238; textangle 90"><span class='ocrx_word' id='word_1_5' title='bbox 1030 2159 1085 2238; x_wconf 82' lang='lat'><strong>63</strong></span> 
     </span>
    </p>
   </div>
   <div class='ocr_carea' id='block_1_4' title="bbox 1170 1308 4196 3033">
    <p class='ocr_par' dir='ltr' id='par_1_4' title="bbox 1170 1361 1479 3033">
     <span class='ocr_line' id='line_1_5' title="bbox 1170 1364 1244 3033; textangle 90"><span class='ocrx_word' id='word_1_6' title='bbox 1197 2862 1244 3033; x_wconf 81' lang='lat' dir='ltr'><strong>gosum</strong></span> <span class='ocrx_word' id='word_1_7' title='bbox 1179 2514 1236 2819; x_wconf 79' lang='lat' dir='ltr'><strong>reddidisse,</strong></span> <span class='ocrx_word' id='word_1_8' title='bbox 1179 2408 1222 2461; x_wconf 89' lang='lat' dir='ltr'><strong>ut</strong></span> <span class='ocrx_word' id='word_1_9' title='bbox 1175 2231 1221 2361; x_wconf 87' lang='lat' dir='ltr'><strong>senis</strong></span> <span class='ocrx_word' id='word_1_10' title='bbox 1189 2068 1235 2184; x_wconf 86' lang='lat' dir='ltr'><strong>prae</strong></span> <span class='ocrx_word' id='word_1_11' title='bbox 1188 1964 1220 2018; x_wconf 87' lang='lat' dir='ltr'><strong>se</strong></span> <span class='ocrx_word' id='word_1_12' title='bbox 1170 1714 1218 1917; x_wconf 87' lang='lat' dir='ltr'><strong>formam</strong></span> <span class='ocrx_word' id='word_1_13' title='bbox 1170 1364 1234 1678; x_wconf 77' lang='lat' dir='ltr'>speciemque</span> 
     </span>
     <span class='ocr_line' id='line_1_6' title="bbox 1251 1364 1323 3031; textangle 90"><span class='ocrx_word' id='word_1_14' title='bbox 1262 2846 1319 3031; x_wconf 82' lang='lat' dir='ltr'><strong>ferret;</strong></span> <span class='ocrx_word' id='word_1_15' title='bbox 1264 2549 1323 2798; x_wconf 79' lang='lat' dir='ltr'><strong>postremo</strong></span> <span class='ocrx_word' id='word_1_16' title='bbox 1259 2343 1302 2501; x_wconf 91' lang='lat' dir='ltr'><strong>sumta</strong></span> <span class='ocrx_word' id='word_1_17' title='bbox 1255 2174 1301 2295; x_wconf 89' lang='lat' dir='ltr'><strong>deae</strong></span> <span class='ocrx_word' id='word_1_18' title='bbox 1252 1904 1314 2139; x_wconf 65' lang='lat' dir='ltr'><strong>imagine,</strong></span> <span class='ocrx_word' id='word_1_19' title='bbox 1252 1676 1297 1848; x_wconf 90' lang='lat' dir='ltr'><strong>mirum</strong></span> <span class='ocrx_word' id='word_1_20' title='bbox 1252 1595 1298 1639; x_wconf 91' lang='lat' dir='ltr'><strong>in</strong></span> <span class='ocrx_word' id='word_1_21' title='bbox 1251 1364 1298 1559; x_wconf 90' lang='lat' dir='ltr'><strong>modum</strong></span> 
     </span>
     <span class='ocr_line' id='line_1_7' title="bbox 1331 1361 1402 3031; textangle 90"><span class='ocrx_word' id='word_1_22' title='bbox 1340 2970 1388 3031; x_wconf 87' lang='lat' dir='ltr'><strong>ad</strong></span> <span class='ocrx_word' id='word_1_23' title='bbox 1337 2451 1402 2933; x_wconf 84' lang='lat' dir='ltr'><strong>obstupel&#39;aciendum</strong></span> <span class='ocrx_word' id='word_1_24' title='bbox 1334 2245 1396 2415; x_wconf 77' lang='lat' dir='ltr'><strong>vulgus</strong></span> <span class='ocrx_word' id='word_1_25' title='bbox 1333 1948 1390 2211; x_wconf 70' lang='lat' dir='ltr'><strong>instructa,</strong></span> <span class='ocrx_word' id='word_1_26' title='bbox 1331 1866 1376 1913; x_wconf 91' lang='lat' dir='ltr'><strong>in</strong></span> <span class='ocrx_word' id='word_1_27' title='bbox 1331 1662 1376 1830; x_wconf 89' lang='lat' dir='ltr'><strong>urbem</strong></span> <span class='ocrx_word' id='word_1_28' title='bbox 1332 1361 1392 1626; x_wconf 77' lang='lat' dir='ltr'><strong>ingressam</strong></span> 
     </span>
     <span class='ocr_line' id='line_1_8' title="bbox 1412 2394 1479 3029; textangle 90"><span class='ocrx_word' id='word_1_29' title='bbox 1436 2917 1467 3029; x_wconf 88' lang='lat' dir='ltr'><strong>esse</strong></span> <span class='ocrx_word' id='word_1_30' title='bbox 1435 2771 1466 2881; x_wconf 89' lang='lat' dir='ltr'><strong>cum</strong></span> <span class='ocrx_word' id='word_1_31' title='bbox 1419 2581 1479 2733; x_wconf 90' lang='lat' dir='ltr'><strong>prima</strong></span> <span class='ocrx_word' id='word_1_32' title='bbox 1412 2394 1461 2550; x_wconf 87' lang='lat' dir='ltr'><strong>luce.’&#39;</strong></span> 
     </span>
    </p>

    <p class='ocr_par' dir='ltr' id='par_1_5' title="bbox 1488 1340 2585 3029">
     <span class='ocr_line' id='line_1_9' title="bbox 1488 1359 1556 2900; textangle 90"><span class='ocrx_word' id='word_1_33' title='bbox 1498 2734 1545 2900; x_wconf 85' lang='lat' dir='ltr'><strong>lIabes</strong></span> <span class='ocrx_word' id='word_1_34' title='bbox 1512 2551 1542 2714; x_wconf 73' lang='lat' dir='ltr'><strong>verum</strong></span> <span class='ocrx_word' id='word_1_35' title='bbox 1492 2297 1556 2534; x_wconf 80' lang='lat' dir='ltr'>prooemii</span> <span class='ocrx_word' id='word_1_36' title='bbox 1494 1908 1553 2271; x_wconf 78' lang='lat' dir='ltr'><strong>argumentum3</strong></span> <span class='ocrx_word' id='word_1_37' title='bbox 1488 1625 1549 1878; x_wconf 80' lang='lat' dir='ltr'>cognoscis</span> <span class='ocrx_word' id='word_1_38' title='bbox 1489 1508 1534 1602; x_wconf 84' lang='lat' dir='ltr'><strong>diei</strong></span> <span class='ocrx_word' id='word_1_39' title='bbox 1495 1359 1536 1483; x_wconf 88' lang='lat' dir='ltr'><strong>tem-</strong></span> 
     </span>
     <span class='ocr_line' id='line_1_10' title="bbox 1568 1358 1642 3029; textangle 90"><span class='ocrx_word' id='word_1_40' title='bbox 1594 2936 1642 3029; x_wconf 91' lang='lat' dir='ltr'><strong>pus</strong></span> <span class='ocrx_word' id='word_1_41' title='bbox 1578 2848 1624 2907; x_wconf 89' lang='lat' dir='ltr'><strong>ad</strong></span> <span class='ocrx_word' id='word_1_42' title='bbox 1577 2743 1623 2822; x_wconf 91' lang='lat' dir='ltr'><strong>illa</strong></span> <span class='ocrx_word' id='word_1_43' title='bbox 1577 2670 1622 2717; x_wconf 87' lang='lat' dir='ltr'><strong>in</strong></span> <span class='ocrx_word' id='word_1_44' title='bbox 1574 2453 1637 2645; x_wconf 89' lang='lat' dir='ltr'><strong>publico</strong></span> <span class='ocrx_word' id='word_1_45' title='bbox 1571 2136 1634 2421; x_wconf 81' lang='lat' dir='ltr'><strong>exponenda</strong></span> <span class='ocrx_word' id='word_1_46' title='bbox 1568 1714 1629 2109; x_wconf 86' lang='lat' dir='ltr'><strong>instituendaque</strong></span> <span class='ocrx_word' id='word_1_47' title='bbox 1568 1358 1630 1686; x_wconf 79' lang='lat' dir='ltr'><strong>aptissimum3</strong></span> 
     </span>
     <span class='ocr_line' id='line_1_11' title="bbox 1648 1355 1710 3028; textangle 90"><span class='ocrx_word' id='word_1_48' title='bbox 1658 2891 1705 3028; x_wconf 81' lang='lat' dir='ltr'><strong>vides</strong></span> <span class='ocrx_word' id='word_1_49' title='bbox 1656 2628 1703 2836; x_wconf 79' lang='lat' dir='ltr'><strong>Medeae</strong></span> <span class='ocrx_word' id='word_1_50' title='bbox 1652 2376 1699 2583; x_wconf 87' lang='lat' dir='ltr'><strong>formam</strong></span> <span class='ocrx_word' id='word_1_51' title='bbox 1651 2011 1710 2338; x_wconf 86' lang='lat' dir='ltr'><strong>vestitumque</strong></span> <span class='ocrx_word' id='word_1_52' title='bbox 1653 1645 1710 1976; x_wconf 81' lang='lat' dir='ltr'><strong>permutatum</strong></span> <span class='ocrx_word' id='word_1_53' title='bbox 1663 1500 1693 1609; x_wconf 92' lang='lat' dir='ltr'><strong>cum</strong></span> <span class='ocrx_word' id='word_1_54' title='bbox 1648 1355 1693 1463; x_wconf 88' lang='lat' dir='ltr'><strong>Dia-</strong></span> 
     </span>
     <span class='ocr_line' id='line_1_12' title="bbox 1726 1352 1791 3026; textangle 90"><span class='ocrx_word' id='word_1_55' title='bbox 1753 2934 1784 3026; x_wconf 90' lang='lat' dir='ltr'><strong>nae</strong></span> <span class='ocrx_word' id='word_1_56' title='bbox 1735 2612 1790 2899; x_wconf 85' lang='lat' dir='ltr'><strong>simulacro,</strong></span> <span class='ocrx_word' id='word_1_57' title='bbox 1732 2355 1779 2575; x_wconf 87' lang='lat' dir='ltr'><strong>manibus</strong></span> <span class='ocrx_word' id='word_1_58' title='bbox 1730 2214 1777 2319; x_wconf 91' lang='lat' dir='ltr'><strong>eius</strong></span> <span class='ocrx_word' id='word_1_59' title='bbox 1728 1923 1791 2180; x_wconf 82' lang='lat' dir='ltr'><strong>imposit03</strong></span> <span class='ocrx_word' id='word_1_60' title='bbox 1726 1644 1789 1880; x_wconf 80' lang='lat' dir='ltr'><strong>intelligis</strong></span> <span class='ocrx_word' id='word_1_61' title='bbox 1728 1446 1774 1606; x_wconf 85' lang='lat' dir='ltr'><strong>omnia</strong></span> <span class='ocrx_word' id='word_1_62' title='bbox 1727 1352 1773 1412; x_wconf 90' lang='lat' dir='ltr'><strong>ad</strong></span> 
     </span>
     <span class='ocr_line' id='line_1_13' title="bbox 1806 1352 1879 3025; textangle 90"><span class='ocrx_word' id='word_1_63' title='bbox 1834 2923 1864 3025; x_wconf 91' lang='lat' dir='ltr'><strong>rem</strong></span> <span class='ocrx_word' id='word_1_64' title='bbox 1814 2540 1879 2887; x_wconf 87' lang='lat' dir='ltr'><strong>perficiendam</strong></span> <span class='ocrx_word' id='word_1_65' title='bbox 1816 2339 1874 2505; x_wconf 86' lang='lat' dir='ltr'><strong>parata</strong></span> <span class='ocrx_word' id='word_1_66' title='bbox 1825 2178 1855 2303; x_wconf 84' lang='lat' dir='ltr'><strong>esse.</strong></span> <span class='ocrx_word' id='word_1_67' title='bbox 1808 1996 1853 2108; x_wconf 73' lang='lat' dir='ltr'><strong>sola</strong></span> <span class='ocrx_word' id='word_1_68' title='bbox 1806 1898 1851 1960; x_wconf 86' lang='lat' dir='ltr'><strong>de</strong></span> <span class='ocrx_word' id='word_1_69' title='bbox 1821 1775 1851 1862; x_wconf 83' lang='lat' dir='ltr'><strong>suo</strong></span> <span class='ocrx_word' id='word_1_70' title='bbox 1806 1500 1853 1739; x_wconf 77' lang='lat' dir='ltr'><strong>adiecisse</strong></span> <span class='ocrx_word' id='word_1_71' title='bbox 1806 1352 1853 1466; x_wconf 78' lang='lat' dir='ltr'><strong>Dio-</strong></span> 
     </span>
     <span class='ocr_line' id='line_1_14' title="bbox 1884 1348 1956 3023; textangle 90"><span class='ocrx_word' id='word_1_72' title='bbox 1898 2852 1944 3023; x_wconf 87' lang='lat' dir='ltr'><strong>dorum</strong></span> <span class='ocrx_word' id='word_1_73' title='bbox 1893 2590 1956 2814; x_wconf 86' lang='lat' dir='ltr'><strong>suspicor</strong></span> <span class='ocrx_word' id='word_1_74' title='bbox 1908 2483 1949 2555; x_wconf 90' lang='lat' dir='ltr'><strong>ea,</strong></span> <span class='ocrx_word' id='word_1_75' title='bbox 1906 2322 1951 2445; x_wconf 86' lang='lat' dir='ltr'><strong>qnae</strong></span> <span class='ocrx_word' id='word_1_76' title='bbox 1888 2225 1934 2285; x_wconf 87' lang='lat' dir='ltr'><strong>de</strong></span> <span class='ocrx_word' id='word_1_77' title='bbox 1886 1899 1933 2188; x_wconf 85' lang='lat' dir='ltr'><strong>crudelitate</strong></span> <span class='ocrx_word' id='word_1_78' title='bbox 1884 1712 1932 1873; x_wconf 85' lang='lat' dir='ltr'><strong>Peliae</strong></span> <span class='ocrx_word' id='word_1_79' title='bbox 1884 1524 1946 1684; x_wconf 88' lang='lat' dir='ltr'><strong>deque</strong></span> <span class='ocrx_word' id='word_1_80' title='bbox 1886 1348 1933 1498; x_wconf 89' lang='lat' dir='ltr'><strong>caede</strong></span> 
     </span>
     <span class='ocr_line' id='line_1_15' title="bbox 1964 1347 2037 3021; textangle 90"><span class='ocrx_word' id='word_1_81' title='bbox 1979 2705 2037 3021; x_wconf 79' lang='lat' dir='ltr'><strong>cognatorum</strong></span> <span class='ocrx_word' id='word_1_82' title='bbox 1970 2484 2018 2670; x_wconf 85' lang='lat' dir='ltr'><strong>retulit.</strong></span> <span class='ocrx_word' id='word_1_83' title='bbox 1968 2286 2015 2415; x_wconf 86' lang='lat' dir='ltr'><strong>Satis</strong></span> <span class='ocrx_word' id='word_1_84' title='bbox 1980 2078 2028 2249; x_wconf 78' lang='lat' dir='ltr'><strong>magna</strong></span> <span class='ocrx_word' id='word_1_85' title='bbox 1964 1875 2011 2031; x_wconf 88' lang='lat' dir='ltr'><strong>Iasoni</strong></span> <span class='ocrx_word' id='word_1_86' title='bbox 1980 1658 2011 1828; x_wconf 79' lang='lat' dir='ltr'>caussa</span> <span class='ocrx_word' id='word_1_87' title='bbox 1971 1512 2012 1616; x_wconf 84' lang='lat' dir='ltr'><strong>erat</strong></span> <span class='ocrx_word' id='word_1_88' title='bbox 1966 1347 2012 1467; x_wconf 88' lang='lat' dir='ltr'><strong>ulci-</strong></span> 
     </span>
     <span class='ocr_line' id='line_1_16' title="bbox 2043 1344 2115 3019; textangle 90"><span class='ocrx_word' id='word_1_89' title='bbox 2055 2833 2111 3019; x_wconf 88' lang='lat' dir='ltr'><strong>scendi,</strong></span> <span class='ocrx_word' id='word_1_90' title='bbox 2052 2665 2115 2795; x_wconf 87' lang='lat' dir='ltr'><strong>quod</strong></span> <span class='ocrx_word' id='word_1_91' title='bbox 2068 2601 2097 2627; x_wconf 90' lang='lat' dir='ltr'><strong>a</strong></span> <span class='ocrx_word' id='word_1_92' title='bbox 2049 2413 2112 2567; x_wconf 87' lang='lat' dir='ltr'><strong>patria</strong></span> <span class='ocrx_word' id='word_1_93' title='bbox 2047 2134 2107 2382; x_wconf 79' lang='lat' dir='ltr'><strong>ablegatus</strong></span> <span class='ocrx_word' id='word_1_94' title='bbox 2046 2046 2090 2097; x_wconf 82' lang='lat' dir='ltr'><strong>et</strong></span> <span class='ocrx_word' id='word_1_95' title='bbox 2044 1962 2091 2011; x_wconf 89' lang='lat' dir='ltr'><strong>in</strong></span> <span class='ocrx_word' id='word_1_96' title='bbox 2043 1711 2105 1929; x_wconf 87' lang='lat' dir='ltr'><strong>pericula</strong></span> <span class='ocrx_word' id='word_1_97' title='bbox 2060 1627 2090 1683; x_wconf 90' lang='lat' dir='ltr'><strong>ea</strong></span> <span class='ocrx_word' id='word_1_98' title='bbox 2046 1344 2093 1591; x_wconf 83' lang='lat' dir='ltr'><strong>coniectus</strong></span> 
     </span>
     <span class='ocr_line' id='line_1_17' title="bbox 2123 1346 2193 3018; textangle 90"><span class='ocrx_word' id='word_1_99' title='bbox 2139 2887 2193 3018; x_wconf 67' lang='lat' dir='ltr'><strong>erat,</strong></span> <span class='ocrx_word' id='word_1_100' title='bbox 2134 2769 2179 2817; x_wconf 90' lang='lat' dir='ltr'><strong>in</strong></span> <span class='ocrx_word' id='word_1_101' title='bbox 2131 2534 2193 2710; x_wconf 84' lang='lat' dir='ltr'><strong>quibus</strong></span> <span class='ocrx_word' id='word_1_102' title='bbox 2128 2363 2175 2469; x_wconf 87' lang='lat' dir='ltr'><strong>sine</strong></span> <span class='ocrx_word' id='word_1_103' title='bbox 2124 2099 2172 2308; x_wconf 81' lang='lat' dir='ltr'><strong>Medeae</strong></span> <span class='ocrx_word' id='word_1_104' title='bbox 2123 1863 2170 2043; x_wconf 81' lang='lat' dir='ltr'><strong>auxilio</strong></span> <span class='ocrx_word' id='word_1_105' title='bbox 2124 1517 2185 1817; x_wconf 90' lang='lat' dir='ltr'><strong>pereundum</strong></span> <span class='ocrx_word' id='word_1_106' title='bbox 2125 1346 2185 1469; x_wconf 80' lang='lat' dir='ltr'><strong>fuit3</strong></span> 
     </span>
     <span class='ocr_line' id='line_1_18' title="bbox 2203 1342 2277 3019; textangle 90"><span class='ocrx_word' id='word_1_107' title='bbox 2230 2858 2277 3019; x_wconf 89' lang='lat' dir='ltr'><strong>neque</strong></span> <span class='ocrx_word' id='word_1_108' title='bbox 2211 2646 2258 2812; x_wconf 82' lang='lat' dir='ltr'><strong>Peliae</strong></span> <span class='ocrx_word' id='word_1_109' title='bbox 2208 2297 2256 2600; x_wconf 89' lang='lat' dir='ltr'><strong>miserrimus</strong></span> <span class='ocrx_word' id='word_1_110' title='bbox 2205 2025 2252 2247; x_wconf 87' lang='lat' dir='ltr'><strong>interitus</strong></span> <span class='ocrx_word' id='word_1_111' title='bbox 2203 1596 2249 1976; x_wconf 86' lang='lat' dir='ltr'><strong>misericordiam</strong></span> <span class='ocrx_word' id='word_1_112' title='bbox 2220 1342 2252 1538; x_wconf 81' lang='lat' dir='ltr'><strong>movere</strong></span> 
     </span>
     <span class='ocr_line' id='line_1_19' title="bbox 2282 1341 2358 3017; textangle 90"><span class='ocrx_word' id='word_1_113' title='bbox 2294 2756 2358 3017; x_wconf 69' lang='lat' dir='ltr'><strong>potuisset,</strong></span> <span class='ocrx_word' id='word_1_114' title='bbox 2291 2676 2336 2717; x_wconf 88' lang='lat' dir='ltr'><strong>si</strong></span> <span class='ocrx_word' id='word_1_115' title='bbox 2295 2546 2336 2642; x_wconf 86' lang='lat' dir='ltr'><strong>tam</strong></span> <span class='ocrx_word' id='word_1_116' title='bbox 2288 2312 2334 2511; x_wconf 82' lang='lat' dir='ltr'><strong>nefariis</strong></span> <span class='ocrx_word' id='word_1_117' title='bbox 2284 2097 2331 2273; x_wconf 75' lang='lat' dir='ltr'><strong>suisset</strong></span> <span class='ocrx_word' id='word_1_118' title='bbox 2282 1793 2329 2061; x_wconf 81' lang='lat' dir='ltr'><strong>sceleribus</strong></span> <span class='ocrx_word' id='word_1_119' title='bbox 2283 1524 2344 1755; x_wconf 87' lang='lat' dir='ltr'><strong>pollutus.</strong></span> <span class='ocrx_word' id='word_1_120' title='bbox 2284 1341 2331 1455; x_wconf 86' lang='lat' dir='ltr'><strong>Ser-</strong></span> 
     </span>
     <span class='ocr_line' id='line_1_20' title="bbox 2362 1340 2432 3015; textangle 90"><span class='ocrx_word' id='word_1_121' title='bbox 2378 2840 2421 3015; x_wconf 77' lang='lat' dir='ltr'><strong>vantur</strong></span> <span class='ocrx_word' id='word_1_122' title='bbox 2375 2643 2417 2806; x_wconf 88' lang='lat' dir='ltr'><strong>autem</strong></span> <span class='ocrx_word' id='word_1_123' title='bbox 2366 2376 2432 2612; x_wconf 83' lang='lat' dir='ltr'><strong>prooemii</strong></span> <span class='ocrx_word' id='word_1_124' title='bbox 2364 2114 2426 2350; x_wconf 82' lang='lat' dir='ltr'><strong>quaedam</strong></span> <span class='ocrx_word' id='word_1_125' title='bbox 2362 1792 2423 2087; x_wconf 77' lang='lat' dir='ltr'><strong>fragmenta3</strong></span> <span class='ocrx_word' id='word_1_126' title='bbox 2367 1709 2407 1756; x_wconf 89' lang='lat' dir='ltr'><strong>et</strong></span> <span class='ocrx_word' id='word_1_127' title='bbox 2363 1479 2423 1686; x_wconf 87' lang='lat' dir='ltr'><strong>primum</strong></span> <span class='ocrx_word' id='word_1_128' title='bbox 2364 1340 2425 1449; x_wconf 79' lang='lat' dir='ltr'><strong>qui-</strong></span> 
     </span>
     <span class='ocr_line' id='line_1_21' title="bbox 2440 1340 2513 3011; textangle 90"><span class='ocrx_word' id='word_1_129' title='bbox 2454 2882 2507 3011; x_wconf 85' lang='lat' dir='ltr'><strong>dem,</strong></span> <span class='ocrx_word' id='word_1_130' title='bbox 2466 2720 2513 2842; x_wconf 88' lang='lat' dir='ltr'><strong>quae</strong></span> <span class='ocrx_word' id='word_1_131' title='bbox 2449 2592 2494 2689; x_wconf 88' lang='lat' dir='ltr'><strong>huc</strong></span> <span class='ocrx_word' id='word_1_132' title='bbox 2446 2298 2509 2547; x_wconf 86' lang='lat' dir='ltr'><strong>pertinere</strong></span> <span class='ocrx_word' id='word_1_133' title='bbox 2442 1964 2489 2251; x_wconf 59' lang='lat' dir='ltr'><strong>W‘elckerus</strong></span> <span class='ocrx_word' id='word_1_134' title='bbox 2440 1771 2499 1916; x_wconf 61' lang='lat' dir='ltr'><strong>vidit,</strong></span> <span class='ocrx_word' id='word_1_135' title='bbox 2442 1570 2503 1719; x_wconf 80' lang='lat' dir='ltr'><strong>stirps</strong></span> <span class='ocrx_word' id='word_1_136' title='bbox 2442 1340 2490 1523; x_wconf 84' lang='lat' dir='ltr'><strong>Iasonis</strong></span> 
     </span>
     <span class='ocr_line' id='line_1_22' title="bbox 2518 1736 2585 3010; textangle 90"><span class='ocrx_word' id='word_1_137' title='bbox 2532 2736 2579 3010; x_wconf 83' lang='lat' dir='ltr'><strong>declaratur</strong></span> <span class='ocrx_word' id='word_1_138' title='bbox 2528 2568 2574 2703; x_wconf 86' lang='lat' dir='ltr'><strong>hisce</strong></span> <span class='ocrx_word' id='word_1_139' title='bbox 2525 2372 2571 2533; x_wconf 66' lang='lat' dir='ltr'><strong>verbis</strong></span> <span class='ocrx_word' id='word_1_140' title='bbox 2523 2198 2585 2334; x_wconf 86' lang='lat' dir='ltr'><strong>(dub.</strong></span> <span class='ocrx_word' id='word_1_141' title='bbox 2522 1990 2583 2163; x_wconf 72' lang='lat' dir='ltr'><strong>fragm.</strong></span> <span class='ocrx_word' id='word_1_142' title='bbox 2536 1909 2565 1954; x_wconf 90' lang='lat' dir='ltr'><strong>n.</strong></span> <span class='ocrx_word' id='word_1_143' title='bbox 2518 1736 2583 1873; x_wconf 78' lang='lat'>4:3.):</span> 
     </span>
    </p>

    <p class='ocr_par' dir='ltr' id='par_1_6' title="bbox 2596 1788 2665 2878">
     <span class='ocr_line' id='line_1_23' title="bbox 2596 1788 2665 2878; textangle 90"><span class='ocrx_word' id='word_1_144' title='bbox 2606 2632 2663 2878; x_wconf 82' lang='grc' dir='ltr'><strong>Αἴσωνος</strong></span> <span class='ocrx_word' id='word_1_145' title='bbox 2602 2483 2659 2597; x_wconf 78' lang='grc' dir='ltr'><em>υἱὸς</em></span> <span class='ocrx_word' id='word_1_146' title='bbox 2599 2186 2665 2445; x_wconf 69' lang='grc' dir='ltr'><em>Κρηθέως</em></span> <span class='ocrx_word' id='word_1_147' title='bbox 2598 2061 2661 2151; x_wconf 72' lang='grc' dir='ltr'><strong>ἀφ’</strong></span> <span class='ocrx_word' id='word_1_148' title='bbox 2596 1788 2661 2023; x_wconf 76' lang='grc' dir='ltr'><strong>αἵματος.</strong></span> 
     </span>
    </p>

    <p class='ocr_par' dir='ltr' id='par_1_7' title="bbox 2678 1335 2836 3011">
     <span class='ocr_line' id='line_1_24' title="bbox 2678 1335 2749 3011; textangle 90"><span class='ocrx_word' id='word_1_149' title='bbox 2690 2762 2747 3011; x_wconf 71' lang='lat' dir='ltr'><strong>Iniuriam,</strong></span> <span class='ocrx_word' id='word_1_150' title='bbox 2703 2633 2749 2726; x_wconf 89' lang='lat' dir='ltr'><strong>qua</strong></span> <span class='ocrx_word' id='word_1_151' title='bbox 2685 2458 2731 2599; x_wconf 86' lang='lat' dir='ltr'><strong>Iason</strong></span> <span class='ocrx_word' id='word_1_152' title='bbox 2683 2217 2730 2422; x_wconf 81' lang='lat' dir='ltr'><strong>affectus</strong></span> <span class='ocrx_word' id='word_1_153' title='bbox 2685 2046 2739 2179; x_wconf 67' lang='lat' dir='ltr'><strong>erat,</strong></span> <span class='ocrx_word' id='word_1_154' title='bbox 2695 1863 2741 2010; x_wconf 86' lang='lat' dir='ltr'><strong>quum</strong></span> <span class='ocrx_word' id='word_1_155' title='bbox 2680 1780 2726 1828; x_wconf 91' lang='lat' dir='ltr'><strong>in</strong></span> <span class='ocrx_word' id='word_1_156' title='bbox 2678 1456 2728 1743; x_wconf 89' lang='lat' dir='ltr'><strong>Colchidem</strong></span> <span class='ocrx_word' id='word_1_157' title='bbox 2683 1335 2729 1418; x_wconf 89' lang='lat' dir='ltr'><strong>ab-</strong></span> 
     </span>
     <span class='ocr_line' id='line_1_25' title="bbox 2762 2006 2836 3005; textangle 90"><span class='ocrx_word' id='word_1_158' title='bbox 2772 2744 2836 3005; x_wconf 81' lang='lat' dir='ltr'><strong>legaretur,</strong></span> <span class='ocrx_word' id='word_1_159' title='bbox 2768 2583 2814 2707; x_wconf 86' lang='lat' dir='ltr'><strong>haec</strong></span> <span class='ocrx_word' id='word_1_160' title='bbox 2770 2291 2827 2545; x_wconf 78' lang='lat' dir='ltr'><strong>spectasse</strong></span> <span class='ocrx_word' id='word_1_161' title='bbox 2762 2006 2807 2257; x_wconf 81' lang='lat' dir='ltr'><strong>videntur:</strong></span> 
     </span>
    </p>

    <p class='ocr_par' dir='ltr' id='par_1_8' title="bbox 2834 1580 2909 2876">
     <span class='ocr_line' id='line_1_26' title="bbox 2834 1580 2909 2876; textangle 90"><span class='ocrx_word' id='word_1_162' title='bbox 2848 2817 2899 2876; x_wconf 82' lang='grc' dir='ltr'><strong>τὸ</strong></span> <span class='ocrx_word' id='word_1_163' title='bbox 2846 2735 2897 2779; x_wconf 74' lang='grc' dir='ltr'><strong>δ’</strong></span> <span class='ocrx_word' id='word_1_164' title='bbox 2844 2481 2909 2697; x_wconf 75' lang='grc' dir='ltr'><strong><em>ἔσχατον</em></strong></span> <span class='ocrx_word' id='word_1_165' title='bbox 2839 2382 2907 2445; x_wconf 73' lang='grc' dir='ltr'><strong>δὴ</strong></span> <span class='ocrx_word' id='word_1_166' title='bbox 2844 2189 2891 2347; x_wconf 81' lang='grc' dir='ltr'><em>τοῦτο</em></span> <span class='ocrx_word' id='word_1_167' title='bbox 2834 1842 2901 2153; x_wconf 74' lang='grc' dir='ltr'><strong><em>θαυμαστὸν</em></strong></span> <span class='ocrx_word' id='word_1_168' title='bbox 2837 1580 2901 1807; x_wconf 78' lang='grc' dir='ltr'><em>βροτοῖς,</em></span> 
     </span>
    </p>

    <p class='ocr_par' dir='ltr' id='par_1_9' title="bbox 2918 1775 2991 2873">
     <span class='ocr_line' id='line_1_27' title="bbox 2918 1775 2991 2873; textangle 90"><span class='ocrx_word' id='word_1_169' title='bbox 2926 2599 2991 2873; x_wconf 77' lang='grc' dir='ltr'><strong><em>τυραννίς·</em></strong></span> <span class='ocrx_word' id='word_1_170' title='bbox 2924 2468 2989 2562; x_wconf 72' lang='grc' dir='ltr'><strong>οὐχ</strong></span> <span class='ocrx_word' id='word_1_171' title='bbox 2921 2260 2987 2433; x_wconf 77' lang='grc' dir='ltr'><strong><em>εὕροις</em></strong></span> <span class='ocrx_word' id='word_1_172' title='bbox 2920 2158 2970 2223; x_wconf 77' lang='grc' dir='ltr'><strong>ἂν</strong></span> <span class='ocrx_word' id='word_1_173' title='bbox 2918 1775 2981 2123; x_wconf 74' lang='grc' dir='ltr'><em>ἀθλιώτερον·</em></span> 
     </span>
    </p>

    <p class='ocr_par' dir='ltr' id='par_1_10' title="bbox 2997 1610 3075 2870">
     <span class='ocr_line' id='line_1_28' title="bbox 2997 1610 3075 2870; textangle 90"><span class='ocrx_word' id='word_1_174' title='bbox 3009 2678 3075 2870; x_wconf 72' lang='grc' dir='ltr'><em>φίλους</em></span> <span class='ocrx_word' id='word_1_175' title='bbox 3023 2594 3056 2646; x_wconf 79' lang='grc' dir='ltr'><strong>τε</strong></span> <span class='ocrx_word' id='word_1_176' title='bbox 3007 2336 3068 2559; x_wconf 75' lang='grc' dir='ltr'><strong>πορθεῖν</strong></span> <span class='ocrx_word' id='word_1_177' title='bbox 3001 2213 3053 2302; x_wconf 78' lang='grc' dir='ltr'><strong>καὶ</strong></span> <span class='ocrx_word' id='word_1_178' title='bbox 3002 1838 3051 2179; x_wconf 79' lang='grc' dir='ltr'><strong><em>κατακτανεῖν</em></strong></span> <span class='ocrx_word' id='word_1_179' title='bbox 2997 1610 3064 1803; x_wconf 78' lang='grc' dir='ltr'><strong><em>χρεών·</em></strong></span> 
     </span>
    </p>

    <p class='ocr_par' dir='ltr' id='par_1_11' title="bbox 3078 1654 3152 2869">
     <span class='ocr_line' id='line_1_29' title="bbox 3078 1654 3152 2869; textangle 90"><span class='ocrx_word' id='word_1_180' title='bbox 3093 2630 3147 2869; x_wconf 78' lang='grc' dir='ltr'><em>πλεῖστος</em></span> <span class='ocrx_word' id='word_1_181' title='bbox 3087 2426 3152 2595; x_wconf 81' lang='grc' dir='ltr'><em>φόβος</em></span> <span class='ocrx_word' id='word_1_182' title='bbox 3085 2128 3148 2391; x_wconf 73' lang='grc' dir='ltr'><em>πρόςεστι,</em></span> <span class='ocrx_word' id='word_1_183' title='bbox 3078 2021 3146 2090; x_wconf 76' lang='grc' dir='ltr'><strong>μὴ</strong></span> <span class='ocrx_word' id='word_1_184' title='bbox 3079 1750 3142 1982; x_wconf 71' lang='grc' dir='ltr'><strong><em>δράσωσι</em></strong></span> <span class='ocrx_word' id='word_1_185' title='bbox 3097 1654 3128 1717; x_wconf 91' lang='grc' dir='ltr'><strong>τι.</strong></span> 
     </span>
    </p>

    <p class='ocr_par' dir='ltr' id='par_1_12' title="bbox 3162 1327 3302 2997">
     <span class='ocr_line' id='line_1_30' title="bbox 3162 1327 3234 2869; textangle 90"><span class='ocrx_word' id='word_1_186' title='bbox 3172 2700 3234 2869; x_wconf 77' lang='lat' dir='ltr'><strong>Pergit</strong></span> <span class='ocrx_word' id='word_1_187' title='bbox 3170 2475 3217 2654; x_wconf 87' lang='lat' dir='ltr'><strong>deinde</strong></span> <span class='ocrx_word' id='word_1_188' title='bbox 3167 2188 3215 2433; x_wconf 89' lang='lat' dir='ltr'><strong>Diodorus</strong></span> <span class='ocrx_word' id='word_1_189' title='bbox 3164 2078 3211 2137; x_wconf 89' lang='lat' dir='ltr'><strong>ad</strong></span> <span class='ocrx_word' id='word_1_190' title='bbox 3162 1873 3227 2043; x_wconf 88' lang='lat' dir='ltr'><strong>parodi</strong></span> <span class='ocrx_word' id='word_1_191' title='bbox 3166 1502 3224 1840; x_wconf 80' lang='lat' dir='ltr'><strong>argumentum</strong></span> <span class='ocrx_word' id='word_1_192' title='bbox 3176 1327 3208 1465; x_wconf 88' lang='lat' dir='ltr'><strong>enar-</strong></span> 
     </span>
     <span class='ocr_line' id='line_1_31' title="bbox 3252 2654 3302 2997; textangle 90"><span class='ocrx_word' id='word_1_193' title='bbox 3253 2794 3302 2997; x_wconf 86' lang='lat' dir='ltr'><strong>randum</strong></span> <span class='ocrx_word' id='word_1_194' title='bbox 3252 2654 3297 2755; x_wconf 89' lang='lat' dir='ltr'><strong>sic:</strong></span> 
     </span>
    </p>

    <p class='ocr_par' dir='ltr' id='par_1_13' title="bbox 3317 1315 3876 2995">
     <span class='ocr_line' id='line_1_32' title="bbox 3317 1322 3388 2865; textangle 90"><span class='ocrx_word' id='word_1_195' title='bbox 3324 2421 3388 2865; x_wconf 70' lang='grc' dir='ltr'><strong>ἐνθουσιαζούσης</strong></span> <span class='ocrx_word' id='word_1_196' title='bbox 3323 2350 3372 2394; x_wconf 83' lang='grc' dir='ltr'><strong>δ’</strong></span> <span class='ocrx_word' id='word_1_197' title='bbox 3321 2156 3386 2318; x_wconf 78' lang='grc' dir='ltr'><strong><em>αὐτῆς</em></strong></span> <span class='ocrx_word' id='word_1_198' title='bbox 3318 1870 3370 2131; x_wconf 78' lang='grc' dir='ltr'><em>καὶτοῦ</em></span> <span class='ocrx_word' id='word_1_199' title='bbox 3317 1518 3382 1835; x_wconf 79' lang='grc' dir='ltr'><em>πλήθους</em></span> <span class='ocrx_word' id='word_1_200' title='bbox 3317 1322 3368 1485; x_wconf 77' lang='grc' dir='ltr'><strong><em>κατὰ</em></strong></span> 
     </span>
     <span class='ocr_line' id='line_1_33' title="bbox 3396 1320 3470 2995; textangle 90"><span class='ocrx_word' id='word_1_201' title='bbox 3410 2878 3470 2995; x_wconf 81' lang='grc' dir='ltr'><strong>τὰς</strong></span> <span class='ocrx_word' id='word_1_202' title='bbox 3401 2642 3466 2842; x_wconf 78' lang='grc' dir='ltr'><em>ὁδοὺς</em></span> <span class='ocrx_word' id='word_1_203' title='bbox 3402 2065 3467 2591; x_wconf 73' lang='grc' dir='ltr'><em>συντρέχοντος,</em></span> <span class='ocrx_word' id='word_1_204' title='bbox 3397 1635 3461 2015; x_wconf 77' lang='grc' dir='ltr'><strong>παραγγέλλειν</strong></span> <span class='ocrx_word' id='word_1_205' title='bbox 3403 1456 3447 1583; x_wconf 76' lang='grc' dir='ltr'><strong><em>πᾶσι</em></strong></span> <span class='ocrx_word' id='word_1_206' title='bbox 3396 1320 3447 1407; x_wconf 80' lang='grc' dir='ltr'><strong>δέ-</strong></span> 
     </span>
     <span class='ocr_line' id='line_1_34' title="bbox 3470 1320 3558 2993; textangle 90"><span class='ocrx_word' id='word_1_207' title='bbox 3494 2808 3558 2993; x_wconf 79' lang='grc' dir='ltr'><strong><em>χεσθαι</em></strong></span> <span class='ocrx_word' id='word_1_208' title='bbox 3486 2679 3554 2777; x_wconf 76' lang='grc' dir='ltr'><strong>τὴν</strong></span> <span class='ocrx_word' id='word_1_209' title='bbox 3485 2516 3535 2647; x_wconf 71' lang='grc' dir='ltr'><strong><em>θεὸν</em></strong></span> <span class='ocrx_word' id='word_1_210' title='bbox 3484 2228 3547 2482; x_wconf 77' lang='grc' dir='ltr'><em>εὐσεβῶς·</em></span> <span class='ocrx_word' id='word_1_211' title='bbox 3482 1948 3542 2191; x_wconf 79' lang='grc' dir='ltr'><strong><em>παρεῖναι</em></strong></span> <span class='ocrx_word' id='word_1_212' title='bbox 3477 1817 3543 1916; x_wconf 74' lang='grc' dir='ltr'><strong>γὰρ</strong></span> <span class='ocrx_word' id='word_1_213' title='bbox 3476 1612 3542 1778; x_wconf 79' lang='grc' dir='ltr'><strong><em>αὐτὴν</em></strong></span> <span class='ocrx_word' id='word_1_214' title='bbox 3476 1528 3539 1577; x_wconf 73' lang='grc' dir='ltr'><strong>ἐξ</strong></span> <span class='ocrx_word' id='word_1_215' title='bbox 3470 1320 3543 1501; x_wconf 62' lang='lat' dir='ltr'><strong>‘Yme-</strong></span> 
     </span>
     <span class='ocr_line' id='line_1_35' title="bbox 3557 1318 3638 2989; textangle 90"><span class='ocrx_word' id='word_1_216' title='bbox 3570 2783 3638 2989; x_wconf 78' lang='grc' dir='ltr'><em>βορέων</em></span> <span class='ocrx_word' id='word_1_217' title='bbox 3566 2673 3619 2749; x_wconf 78' lang='grc' dir='ltr'><strong>ἐπ’</strong></span> <span class='ocrx_word' id='word_1_218' title='bbox 3567 2448 3631 2635; x_wconf 78' lang='grc' dir='ltr'><strong><em>ἀγαθῷ</em></strong></span> <span class='ocrx_word' id='word_1_219' title='bbox 3563 2204 3629 2414; x_wconf 76' lang='grc' dir='ltr'><strong>δαίμονι</strong></span> <span class='ocrx_word' id='word_1_220' title='bbox 3567 2108 3625 2171; x_wconf 79' lang='grc' dir='ltr'><strong>τῇ</strong></span> <span class='ocrx_word' id='word_1_221' title='bbox 3577 2026 3609 2077; x_wconf 81' lang='grc' dir='ltr'><strong>τε</strong></span> <span class='ocrx_word' id='word_1_222' title='bbox 3558 1845 3609 1991; x_wconf 78' lang='grc' dir='ltr'><strong><em>πόλει</em></strong></span> <span class='ocrx_word' id='word_1_223' title='bbox 3558 1672 3623 1813; x_wconf 75' lang='grc' dir='ltr'><strong><em>πασῃ</em></strong></span> <span class='ocrx_word' id='word_1_224' title='bbox 3557 1550 3608 1635; x_wconf 85' lang='grc' dir='ltr'><strong>καὶ</strong></span> <span class='ocrx_word' id='word_1_225' title='bbox 3564 1448 3623 1518; x_wconf 78' lang='grc' dir='ltr'><strong>τῷ</strong></span> <span class='ocrx_word' id='word_1_226' title='bbox 3559 1318 3623 1415; x_wconf 85' lang='grc' dir='ltr'><strong>βα-</strong></span> 
     </span>
     <span class='ocr_line' id='line_1_36' title="bbox 3638 1315 3709 2988; textangle 90"><span class='ocrx_word' id='word_1_227' title='bbox 3655 2843 3704 2988; x_wconf 81' lang='grc' dir='ltr'><strong><em>σιλεῖ.</em></strong></span> <span class='ocrx_word' id='word_1_228' title='bbox 3649 2530 3700 2759; x_wconf 77' lang='grc' dir='ltr'><strong><em>Πάντων</em></strong></span> <span class='ocrx_word' id='word_1_229' title='bbox 3644 2416 3696 2471; x_wconf 79' lang='grc' dir='ltr'><strong>δὲ</strong></span> <span class='ocrx_word' id='word_1_230' title='bbox 3641 1921 3709 2364; x_wconf 79' lang='grc' dir='ltr'><strong>προςκυνούντων</strong></span> <span class='ocrx_word' id='word_1_231' title='bbox 3638 1780 3690 1867; x_wconf 78' lang='grc' dir='ltr'><strong>καὶ</strong></span> <span class='ocrx_word' id='word_1_232' title='bbox 3640 1454 3705 1726; x_wconf 83' lang='grc' dir='ltr'><strong><em>τιμώντων</em></strong></span> <span class='ocrx_word' id='word_1_233' title='bbox 3638 1315 3705 1413; x_wconf 84' lang='grc' dir='ltr'><strong>τὴν</strong></span> 
     </span>
     <span class='ocr_line' id='line_1_37' title="bbox 3718 1315 3789 2988; textangle 90"><span class='ocrx_word' id='word_1_234' title='bbox 3733 2857 3784 2988; x_wconf 77' lang='grc' dir='ltr'><strong><em>θεὸν</em></strong></span> <span class='ocrx_word' id='word_1_235' title='bbox 3731 2580 3789 2824; x_wconf 73' lang='grc' dir='ltr'><strong>θυσίαις,</strong></span> <span class='ocrx_word' id='word_1_236' title='bbox 3725 2440 3778 2529; x_wconf 80' lang='grc' dir='ltr'><strong>καὶ</strong></span> <span class='ocrx_word' id='word_1_237' title='bbox 3727 2335 3776 2393; x_wconf 90' lang='grc' dir='ltr'><strong>τὸ</strong></span> <span class='ocrx_word' id='word_1_238' title='bbox 3725 2068 3774 2297; x_wconf 76' lang='grc' dir='ltr'><strong>σύνολον</strong></span> <span class='ocrx_word' id='word_1_239' title='bbox 3724 1944 3788 2035; x_wconf 79' lang='grc' dir='ltr'><strong>τῆς</strong></span> <span class='ocrx_word' id='word_1_240' title='bbox 3720 1712 3780 1911; x_wconf 79' lang='grc' dir='ltr'><em>πόλεως</em></span> <span class='ocrx_word' id='word_1_241' title='bbox 3718 1474 3787 1677; x_wconf 74' lang='grc' dir='ltr'><em>ἁπάσης</em></span> <span class='ocrx_word' id='word_1_242' title='bbox 3732 1315 3770 1439; x_wconf 76' lang='grc' dir='ltr'><strong><em>συν-</em></strong></span> 
     </span>
     <span class='ocr_line' id='line_1_38' title="bbox 3801 1611 3876 2986; textangle 90"><span class='ocrx_word' id='word_1_243' title='bbox 3813 2662 3876 2986; x_wconf 72' lang='grc' dir='ltr'><strong>θεαζούσης,</strong></span> <span class='ocrx_word' id='word_1_244' title='bbox 3810 2371 3874 2623; x_wconf 81' lang='grc' dir='ltr'><strong><em>εἰςβαλεῖν</em></strong></span> <span class='ocrx_word' id='word_1_245' title='bbox 3805 2098 3871 2344; x_wconf 60' lang='grc' dir='ltr'><strong>,Μήδειαν</strong></span> <span class='ocrx_word' id='word_1_246' title='bbox 3803 1992 3863 2061; x_wconf 80' lang='grc' dir='ltr'><strong>εἰς</strong></span> <span class='ocrx_word' id='word_1_247' title='bbox 3801 1896 3852 1959; x_wconf 78' lang='grc' dir='ltr'><strong>τὰ</strong></span> <span class='ocrx_word' id='word_1_248' title='bbox 3802 1611 3866 1860; x_wconf 79' lang='grc' dir='ltr'><strong><em>βασίλεια.</em></strong></span> 
     </span>
    </p>

    <p class='ocr_par' dir='ltr' id='par_1_14' title="bbox 3882 1308 4196 2984">
     <span class='ocr_line' id='line_1_39' title="bbox 3882 1311 3953 2853; textangle 90"><span class='ocrx_word' id='word_1_249' title='bbox 3894 2636 3945 2853; x_wconf 83' lang='lat' dir='ltr'><strong>Alternis</strong></span> <span class='ocrx_word' id='word_1_250' title='bbox 3891 2382 3953 2601; x_wconf 87' lang='lat' dir='ltr'><strong>strophis</strong></span> <span class='ocrx_word' id='word_1_251' title='bbox 3890 2228 3936 2350; x_wconf 90' lang='lat' dir='ltr'><strong>haec</strong></span> <span class='ocrx_word' id='word_1_252' title='bbox 3903 2164 3933 2191; x_wconf 88' lang='grc'><strong>3</strong></span> <span class='ocrx_word' id='word_1_253' title='bbox 3885 1952 3933 2130; x_wconf 87' lang='lat' dir='ltr'><strong>Medea</strong></span> <span class='ocrx_word' id='word_1_254' title='bbox 3891 1864 3932 1914; x_wconf 87' lang='lat' dir='ltr'><strong>et</strong></span> <span class='ocrx_word' id='word_1_255' title='bbox 3885 1652 3943 1829; x_wconf 84' lang='lat' dir='ltr'><strong>choro,</strong></span> <span class='ocrx_word' id='word_1_256' title='bbox 3882 1544 3929 1603; x_wconf 91' lang='lat' dir='ltr'><strong>ad</strong></span> <span class='ocrx_word' id='word_1_257' title='bbox 3882 1311 3945 1496; x_wconf 85' lang='lat' dir='ltr'><strong>primos</strong></span> 
     </span>
     <span class='ocr_line' id='line_1_40' title="bbox 3961 1312 4028 2984; textangle 90"><span class='ocrx_word' id='word_1_258' title='bbox 3976 2857 4024 2984; x_wconf 86' lang='lat' dir='ltr'><strong>illius</strong></span> <span class='ocrx_word' id='word_1_259' title='bbox 3973 2611 4021 2821; x_wconf 85' lang='lat' dir='ltr'><strong>ululatus</strong></span> <span class='ocrx_word' id='word_1_260' title='bbox 3974 2239 4028 2575; x_wconf 63' lang='lat' dir='ltr'><strong>concurrente„</strong></span> <span class='ocrx_word' id='word_1_261' title='bbox 3970 2012 4014 2201; x_wconf 87' lang='lat' dir='ltr'><strong>cantata</strong></span> <span class='ocrx_word' id='word_1_262' title='bbox 3980 1866 4011 1976; x_wconf 86' lang='lat' dir='ltr'><strong>esse</strong></span> <span class='ocrx_word' id='word_1_263' title='bbox 3964 1566 4027 1833; x_wconf 90' lang='lat' dir='ltr'><strong>putandum</strong></span> <span class='ocrx_word' id='word_1_264' title='bbox 3967 1444 4010 1536; x_wconf 87' lang='lat' dir='ltr'><strong>est.</strong></span> <span class='ocrx_word' id='word_1_265' title='bbox 3961 1312 4007 1407; x_wconf 85' lang='lat' dir='ltr'><strong>Ra-</strong></span> 
     </span>
     <span class='ocr_line' id='line_1_41' title="bbox 4041 1308 4110 2983; textangle 90"><span class='ocrx_word' id='word_1_266' title='bbox 4056 2914 4103 2983; x_wconf 85' lang='lat' dir='ltr'><strong>tio</strong></span> <span class='ocrx_word' id='word_1_267' title='bbox 4052 2640 4101 2865; x_wconf 87' lang='lat' dir='ltr'><strong>carminis</strong></span> <span class='ocrx_word' id='word_1_268' title='bbox 4052 2423 4099 2593; x_wconf 89' lang='lat' dir='ltr'><strong>similis</strong></span> <span class='ocrx_word' id='word_1_269' title='bbox 4064 2260 4097 2371; x_wconf 88' lang='lat' dir='ltr'><strong>esse</strong></span> <span class='ocrx_word' id='word_1_270' title='bbox 4046 2045 4110 2204; x_wconf 87' lang='lat' dir='ltr'><strong>potuit</strong></span> <span class='ocrx_word' id='word_1_271' title='bbox 4045 1838 4091 1995; x_wconf 86' lang='lat' dir='ltr'><strong>cantui</strong></span> <span class='ocrx_word' id='word_1_272' title='bbox 4045 1731 4103 1802; x_wconf 74' lang='lat' dir='ltr'><strong>ei,</strong></span> <span class='ocrx_word' id='word_1_273' title='bbox 4058 1583 4105 1675; x_wconf 88' lang='lat' dir='ltr'><strong>quo</strong></span> <span class='ocrx_word' id='word_1_274' title='bbox 4041 1308 4087 1531; x_wconf 86' lang='lat' dir='ltr'><strong>Bacchae</strong></span> 
     </span>
     <span class='ocr_line' id='line_1_42' title="bbox 4121 1308 4196 2980; textangle 90"><span class='ocrx_word' id='word_1_275' title='bbox 4133 2728 4196 2980; x_wconf 85' lang='lat' dir='ltr'><strong>Euripidis</strong></span> <span class='ocrx_word' id='word_1_276' title='bbox 4138 2588 4179 2699; x_wconf 87' lang='lat' dir='ltr'><strong>ante</strong></span> <span class='ocrx_word' id='word_1_277' title='bbox 4130 2346 4179 2554; x_wconf 87' lang='lat' dir='ltr'><strong>Penthei</strong></span> <span class='ocrx_word' id='word_1_278' title='bbox 4127 2167 4175 2314; x_wconf 89' lang='lat' dir='ltr'><strong>aedes</strong></span> <span class='ocrx_word' id='word_1_279' title='bbox 4130 1917 4173 2133; x_wconf 86' lang='lat' dir='ltr'><strong>utuntur.</strong></span> <span class='ocrx_word' id='word_1_280' title='bbox 4122 1705 4185 1848; x_wconf 79' lang='lat' dir='ltr'><strong>Quod</strong></span> <span class='ocrx_word' id='word_1_281' title='bbox 4121 1495 4169 1668; x_wconf 87' lang='lat' dir='ltr'><strong>deinde</strong></span> <span class='ocrx_word' id='word_1_282' title='bbox 4121 1416 4167 1467; x_wconf 88' lang='lat' dir='ltr'><strong>in</strong></span> <span class='ocrx_word' id='word_1_283' title='bbox 4136 1308 4166 1390; x_wconf 85' lang='lat' dir='ltr'><strong>ae-</strong></span> 
     </span>
    </p>
   </div>
   <div class='ocr_carea' id='block_1_5' title="bbox 4200 1308 4264 2978">
    <p class='ocr_par' dir='ltr' id='par_1_15' title="bbox 4200 1308 4264 2978">
     <span class='ocr_line' id='line_1_43' title="bbox 4200 1308 4264 2978; textangle 90"><span class='ocrx_word' id='word_1_284' title='bbox 4212 2890 4260 2978; x_wconf 89' lang='lat' dir='ltr'><strong>des</strong></span> <span class='ocrx_word' id='word_1_285' title='bbox 4212 2624 4260 2855; x_wconf 87' lang='lat' dir='ltr'><strong>Medeam</strong></span> <span class='ocrx_word' id='word_1_286' title='bbox 4212 2377 4259 2591; x_wconf 88' lang='lat' dir='ltr'><strong>intrasse</strong></span> <span class='ocrx_word' id='word_1_287' title='bbox 4207 2194 4257 2344; x_wconf 85' lang='lat' dir='ltr'><strong>tradit</strong></span> <span class='ocrx_word' id='word_1_288' title='bbox 4205 1891 4264 2161; x_wconf 73' lang='lat' dir='ltr'><strong>Diodorus‚</strong></span> <span class='ocrx_word' id='word_1_289' title='bbox 4204 1798 4251 1847; x_wconf 90' lang='lat' dir='ltr'><strong>id</strong></span> <span class='ocrx_word' id='word_1_290' title='bbox 4203 1680 4250 1750; x_wconf 91' lang='lat' dir='ltr'><strong>sic</strong></span> <span class='ocrx_word' id='word_1_291' title='bbox 4200 1308 4262 1644; x_wconf 83' lang='lat' dir='ltr'><strong>corrigendum</strong></span> 
     </span>
    </p>
   </div>
   <div class='ocr_carea' id='block_1_6' title="bbox 2562 3336 2625 3336">
    <p class='ocr_par' dir='ltr' id='par_1_16' title="bbox 2562 3336 2625 3336">
     <span class='ocr_line' id='line_1_44' title="bbox 2562 3336 2625 3336; textangle 90"><span class='ocrx_word' id='word_1_292' title='bbox 2562 3336 2625 3336; x_wconf 95' lang='lat' dir='ltr'><strong> </strong></span> 
     </span>
    </p>
   </div>
   <div class='ocr_carea' id='block_1_7' title="bbox 3509 674 3588 705">
    <p class='ocr_par' dir='ltr' id='par_1_17' title="bbox 3509 674 3588 705">
     <span class='ocr_line' id='line_1_45' title="bbox 3509 674 3588 705; textangle 90"><span class='ocrx_word' id='word_1_293' title='bbox 3509 674 3588 705; x_wconf 50' lang='lat'><strong>¹⁴4</strong></span> 
     </span>
    </p>
   </div>
  </div>
 </body>
</html>
