5010 3336
1076 2065 1133 2183 531

1231 2689 1298 2955 plaisantes
1243 2521 1292 2640 gens
1241 2356 1274 2472 avec
1238 2224 1271 2309 vos
1223 1984 1284 2177 regles,
1219 1814 1267 1932 dont
1232 1644 1266 1762 vous
1219 1285 1266 1596 embarassez

1313 2881 1359 2953 les
1310 2617 1373 2847 ignorans
1312 2531 1354 2581 et
1322 2376 1352 2496 nous
1301 2036 1351 2338 etourdissez
1304 1894 1347 2005 tous
1300 1787 1346 1857 les
1299 1595 1362 1757 jours.
1297 1511 1343 1549 Il
1297 1284 1356 1487 semble,

1392 2924 1437 2953 a
1404 2773 1436 2891 vous
1390 2630 1434 2736 ou'ir
1386 2417 1449 2594 parler,
1399 2287 1446 2381 que
1396 2169 1428 2250 ces
1380 1974 1441 2133 regles
1378 1875 1425 1935 de
1379 1729 1425 1839 l’art
1380 1534 1425 1692 soient
1378 1428 1425 1500 les
1379 1283 1440 1393 plus

1469 2744 1531 2953 grandes
1466 2472 1529 2717 mysteres
1465 2370 1511 2435 du
1460 2142 1518 2335 monde,
1463 2054 1505 2105 et
1458 1745 1520 2019 cependant
1472 1654 1503 1710 ce
1472 1558 1503 1619 ne
1461 1414 1503 1522 sont
1472 1283 1519 1379 que

1547 2714 1610 2952 quelques
1545 2345 1592 2677 observations
1540 2128 1596 2309 aisees,
1553 1999 1598 2093 que
1537 1918 1583 1963 le
1538 1790 1583 1884 bon
1552 1642 1582 1753 sens
1552 1579 1581 1605 a
1535 1401 1582 1543 faites
1551 1280 1582 1365 sur

1643 2894 1674 2953 ce
1626 2778 1687 2858 qui
1629 2628 1688 2743 peut
1625 2485 1670 2594 (⁴)ter
1621 2404 1668 2451 le
1618 2204 1682 2371 plaisir
1632 2074 1678 2168 que
1616 1942 1662 2041 l’on
1616 1753 1678 1907 prend
1616 1690 1661 1716 a
1631 1572 1661 1654 ces
1620 1378 1661 1535 sortes
1614 1280 1663 1343 de

1707 2721 1770 2951 poemes,
1709 2621 1750 2671 et
1702 2530 1748 2575 le
1701 2322 1747 2482 meme
1697 2180 1743 2277 11011
1711 1992 1754 2133 sens,
1694 1856 1755 1937 qui
1710 1795 1740 1820 a
1694 1669 1740 1758 fait
1694 1402 1741 1634 autrefois
1710 1280 1742 1363 ces

1784 2590 1839 2951 observati0ns‚
1780 2473 1826 2544 les
1777 2342 1824 2436 fait
1776 2208 1823 2307 sort
1776 1934 1822 2172 aisement
1779 1790 1820 1900 tous
1773 1682 1820 1754 les
1774 1510 1836 1651 jours
1790 1362 1820 1473 sans
1773 1279 1821 1324 la

1878 2748 1911 2948 secours
1860 2438 1907 2685 d'Horace
1860 2333 1903 2381 et
1854 1995 1902 2285 d'Aristote.
1851 1844 1899 1914 Je
1853 1481 1899 1789 voudrois
1853 1278 1901 1428 bien

1942 2703 1998 2947 savoir,
1940 2601 1986 2655 si
1938 2514 1984 2566 la
1936 2242 1999 2479 grande
1934 2027 1996 2206 regle
1932 1921 1979 1990 de
1937 1671 1979 1886 tontes
1932 1541 1978 1633 les
1932 1281 1995 1504 regles

2021 2782 2068 2946 n‘est
2033 2640 2082 2749 pas
2018 2530 2064 2603 de
2017 2257 2079 2494 plaire‚
2019 2160 2061 2220 et
2014 2074 2059 2125 si
2028 1923 2060 2036 une
2011 1700 2075 1887 piece
2011 1592 2058 1664 de
2011 1278 2071 1557 the'atre,

2100 2846 2162 2948 qui
2115 2769 2145 2797 a
2097 2466 2159 2721 attrape
2111 2310 2143 2417 son
2096 2117 2153 2250 but,
2099 1956 2141 2056 n’a
2091 1732 2139 1904 suivi
2106 1567 2155 1674 pas
2106 1444 2137 1518 un
2091 1278 2139 1395 bon

2173 2640 2226 2951 chemin.''

2255 2626 2316 2798 Pergit
2260 2413 2301 2575 autem
2254 2050 2300 2361 IIermannus
2250 1896 2297 1993 sic:
2249 1677 2309 1820 „Qui
2250 1578 2296 1625 in
2249 1278 2296 1522 theatrum

2334 2670 2398 2947 tragoedias
2340 2364 2398 2634 spectatum
2333 2102 2390 2331 veniunt,
2346 1956 2377 2052 non
2330 1625 2389 1906 maleficos,
2328 1486 2375 1572 sed
2327 1275 2374 1437 infeli-

2431 2835 2475 2947 ces,
2429 2684 2460 2781 non
2414 2435 2460 2634 crimina
2418 2338 2459 2385 et
2412 2068 2470 2278 scelera,
2410 1906 2457 1993 sed
2410 1659 2471 1851 culpam
2413 1559 2455 1610 et
2423 1275 2466 1511 errorem,

2509 2852 2542 2948 non
2492 2565 2556 2804 supplicia
2491 2278 2550 2518 sontium,
2490 2153 2537 2239 sed
2490 1976 2536 2100 mala
2490 1647 2547 1932 insontium,
2503 1502 2534 1595 non
2487 1274 2549 1464 cupitas

2588 2760 2636 2944 poenas
2572 2267 2631 2717 immiserabilium,
2571 2133 2617 2220 sed
2575 1912 2616 2096 metuta
2568 1609 2615 1877 infortunia
2566 1271 2613 1575 miserando-

2668 2840 2700 2949 rum
2653 2630 2699 2796 videre
2651 2396 2709 2588 volunt,
2666 2186 2711 2341 eoque
2648 1870 2711 2149 spectaculo
2648 1650 2694 1835 animos
2662 1501 2693 1613 suos
2646 1405 2691 1465 ad
2645 1271 2691 1370 vir-

2737 2790 2778 2947 tutem
2729 2566 2777 2733 extolli
2745 2457 2775 2513 ac
2727 2151 2775 2420 roborari.''
2728 1951 2787 2079 Quid
2728 1713 2790 1899 igitur?
2726 1620 2772 1667 in
2725 1272 2788 1584 Choephoris

2810 2712 2873 2947 Aeschyli
2814 2627 2855 2677 et
2808 2543 2855 2592 in
2808 2308 2853 2507 Electra
2806 2014 2868 2274 SophocliS
2822 1883 2853 1978 non
2806 1632 2861 1859 malefici,
2806 1270 2864 1595 non'scelera‚

2904 2850 2936 2947 non
2887 2563 2951 2803 supplicia
2887 2302 2932 2514 sontium
2886 1782 2948 2252 repraesentantur?
2884 1534 2945 1707 Neque
2884 1268 2946 1499 primaria

2983 2737 3031 2946 persona
2971 2623 3013 2701 est
2965 2252 3027 2589 Polymestor,
2966 2046 3026 2204 neque
2980 1902 3011 1999 non
2964 1705 3011 1853 etiam
2963 1391 3010 1658 vindicatio
2978 1268 3009 1353 eo-

3061 2809 3103 2945 rum,
3045 2675 3106 2759 qui
3045 2455 3090 2627 iniuria
3045 2158 3101 2404 laborant,
3047 2071 3089 2121 et
3044 1847 3104 2035 punitio
3043 1460 3090 1810 sceleratorum
3046 1373 3089 1421 et
3042 1268 3088 1338 vi-

3124 2791 3171 2943 ctoria
3122 2479 3184 2742 proborum
3128 2393 3168 2441 et
3122 2202 3167 2357 laetus
3138 2002 3168 2166 rerum
3124 1807 3169 1963 exitus
3124 1723 3169 1770 in
3122 1384 3183 1688 tragoediam
3136 1267 3167 1347 ca-

3204 2792 3261 2942 dunt,
3202 2652 3249 2743 nisi
3201 2473 3247 2606 forte
3216 2258 3247 2426 verum
3205 2101 3258 2204 est,
3201 1912 3262 2043 quod
3200 1570 3262 1863 quibusdam
3200 1267 3262 1534 «1156191110-

3298 2829 3330 2939 rum
3296 2595 3328 2791 suorum
3280 2424 3326 2557 illum
3279 2079 3341 2388 persuasisse
3280 1874 3337 2045 video,
3280 1660 3326 1835 seriori
3279 1427 3326 1624 demum
3283 1265 3325 1390 tem-

3377 2793 3426 2944 pore,
3361 2378 3407 2756 Atheniensibus
3359 2151 3406 2341 scilicet
3360 1889 3406 2115 omnibus
3358 1663 3421 1853 pridem
3362 1491 3405 1627 recta
3358 1265 3405 1457 ratione

3445 2888 3488 2941 et
3441 2661 3488 2855 sincero
3439 2445 3485 2627 iudicio
3438 2134 3494 2408 destitutis,
3438 1770 3502 2080 tragoedias„
3452 1400 3501 1717 quaecunque
3437 1265 3485 1365 lae-

3524 2837 3568 2941 tum
3534 2637 3565 2800 rerum
3519 2413 3565 2600 exitum
3517 2167 3575 2375 habent7
3519 1835 3581 2129 compositas
3533 1671 3564 1797 esse.

3598 2699 3645 2809 Non
3598 2445 3659 2665 potuisse
3597 2208 3642 2411 alteram
3597 1876 3660 2159 tragoediae
3602 1611 3660 1830 partem,
3611 1448 3658 1570 quae
3594 1264 3657 1413 Poly-

3678 2709 3726 2939 mestoris
3676 2524 3723 2674 habet
3676 2171 3738 2488 supplicium,
3676 1939 3722 2120 omissa
3676 1714 3739 1905 priore,
3691 1551 3738 1675 quae
3675 1460 3721 1509 iu
3674 1265 3737 1413 Poly-

3772 2782 3805 2939 xeuae
3756 2413 3802 2748 immolatione
3760 2115 3813 2367 versatur,
3755 1813 3803 2069 commode
3754 1556 3802 1777 exhiberi
3753 1377 3801 1523 facile
3757 1262 3800 1341 est

3837 2669 3884 2938 intellectu.
3834 2478 3881 2599 Nam
3835 2336 3895 2440 quis
3834 2044 3882 2299 IIecubam
3834 1855 3882 2009 ferret
3835 1684 3881 1819 hosti
3835 1480 3881 1648 oculos
3848 1264 3879 1441 eruen-

3921 2809 3975 2937 tem,
3916 2667 3963 2760 nisi
3918 2481 3962 2624 antea
3914 2307 3960 2446 malis
3912 1955 3974 2271 afflictatam,
3914 1654 3962 1904 doloribus
3915 1264 3970 1617 exacerbatam,

3994 2718 4041 2935 hostium
3996 2318 4054 2682 amicorumque
3993 2098 4040 2283 iniuriis
3994 1780 4041 2062 lacessitam
4009 1646 4041 1743 non
3993 1462 4039 1611 fando
3991 1263 4037 1427 audis-

4077 2840 4132 2934 set,
4074 2716 4121 2803 sed
4090 2520 4121 2682 coram
4074 2329 4120 2482 oculis
4075 1982 4135 2291 spectasset?
4074 1787 4137 1947 Negat
4073 1444 4119 1753 Ilermannus
4068 1260 4131 1407 quid-

4167 2790 4213 2934 quam
4167 2498 4201 2756 commune
4152 2280 4199 2466 hahere
4151 2114 4199 2245 filiae
4152 1699 4200 2081 immolationem
4166 1575 4215 1662 per
4151 1370 4197 1542 hostes
4147 1262 4193 1333 fa-

4234 2807 4278 2932 ctam
4236 2691 4279 2740 et
4233 2546 4279 2635 filii
4232 2278 4280 2482 caedem
4246 2121 4293 2212 per
4231 1821 4294 2069 hospitem
4235 1514 4295 1768 patratam.
4225 1262 4291 1427 „Quid

4307 1589 4356 1693 34*
