5010 3336
2640 3279 2668 3325 'Lm

4018 3163 4151 3170 Ψ-ρψγ
4160 3163 4231 3167 flant
4250 3164 4283 3166 rt?

1151 2137 1204 2255 433

1294 2923 1338 3020 stra
1296 2647 1354 2899 caperent3
1291 2371 1339 2621 frondibus
1293 2218 1340 2352 humi
1292 2071 1341 2193 fusis
1294 1869 1343 2049 lectum
1298 1658 1358 1849 stravit3
1304 1378 1364 1627 craterem,

1369 2941 1431 3022 qui
1369 2759 1416 2906 denas
1375 2527 1431 2722 caperet
1371 2219 1432 2492 amphoras,
1370 2058 1419 2184 lacte
1373 1808 1435 2035 implevit,
1393 1684 1425 1772 nec
1395 1557 1427 1649 non
1382 1377 1430 1523 etiam

1448 2796 1509 3022 cyathum
1449 2543 1509 2745 promsit
1449 2124 1511 2497 amplissimum3
1451 1853 1500 2065 lebetem
1455 1755 1502 1803 in
1458 1599 1519 1708 igne
1461 1378 1521 1554 posuit,

1541 2863 1584 3023 verua,
1540 2716 1572 2827 vasa
1526 2383 1589 2680 sanguinaria
1533 2300 1574 2349 et
1542 2047 1575 2268 securem
1532 1753 1592 2011 expedivit.
1535 1592 1582 1685 His
1539 1378 1599 1554 paratis

1602 2902 1650 3024 duos
1602 2720 1663 2865 viros,
1605 2602 1665 2684 qui
1605 2273 1667 2570 pinguissimi
1612 2054 1663 2237 essent,
1610 1771 1671 2018 corripuit,
1627 1533 1673 1734 quorum
1614 1380 1662 1498 alte-

1696 2918 1728 3027 rum
1681 2737 1729 2884 lebeti
1683 2482 1743 2703 immisit,
1684 2232 1730 2436 alterum
1685 2060 1732 2186 antri
1688 1807 1735 2025 cautibus
1690 1614 1749 1773 illisit,
1707 1514 1739 1569 ac
1692 1381 1740 1479 dis-

1774 2883 1821 3029 perso
1761 2636 1807 2836 cerebro
1777 2423 1808 2588 carnes
1763 2205 1823 2379 partim
1764 2109 1810 2158 in
1766 1845 1814 2053 verubus
1769 1617 1815 1797 assavit
1771 1380 1831 1559 partim

1837 2895 1884 3027 coxit
1838 2598 1889 2851 inlebete.
1840 2400 1886 2528 Inter
1840 2228 1888 2352 haec
1842 2042 1889 2185 sociis
1844 1815 1907 2007 Ulyssis
1847 1722 1893 1769 in
1851 1506 1909 1674 petrae
1863 1382 1895 1461 re-

1916 2809 1964 3027 cessibus
1916 2365 1977 2773 delitescentibus,
1919 2227 1981 2333 ipse
1919 1989 1982 2191 Cyclopi
1924 1643 1982 1954 ministravit3
1931 1494 1988 1604 post
1927 1384 1972 1471 im-

2009 2864 2041 3030 manes
1995 2651 2057 2816 epulas
1996 2435 2043 2593 vinum
1996 2344 2043 2389 ei
1999 2073 2060 2298 praebuit
2001 1776 2064 2018 aliumque
2018 1576 2066 1721 super
2004 1384 2051 1529 alium

2073 2792 2135 3028 scyphum
2073 2497 2135 2741 implendo
2075 2268 2122 2453 viscera
2078 2030 2124 2233 monstri
2079 1673 2129 1997 inflammavit.
2081 1506 2129 1604 lam
2083 1384 2145 1472 igi-

2155 2952 2198 3030 tur
2152 2635 2199 2921 recumbens
2153 2481 2201 2608 canit
2154 2194 2211 2455 incondita,
2156 1861 2218 2157 plorantibus
2159 1675 2217 1835 sociiS,
2164 1384 2210 1641 resonante

2233 2872 2277 3030 antro.
2228 2612 2277 2805 Interim
2232 2369 2293 2576 Ulysses
2242 2274 2279 2322 et
2250 2121 2281 2227 cum
2234 1888 2295 2083 Sileno,
2238 1629 2297 1843 quamvis
2245 1385 2300 1581 appoto,

2307 2835 2355 3031 consilia
2311 2438 2357 2801 communicavit
2316 2343 2357 2390 et
2312 2142 2359 2290 tacite
2329 1882 2373 2107 egressus
2319 1658 2376 1847 satyros
2316 1386 2376 1624 hortatur,

2386 2898 2434 3033 utin
2386 2571 2435 2855 ulciscendo
2388 2343 2436 2527 scelere
2390 2137 2451 2295 ipsum
2392 1815 2439 2089 adiuvantes
2393 1497 2441 1772 libertatem
2410 1387 2442 1446 ex

2464 2800 2512 3033 servitute
2464 2436 2529 2775 adipiscantur.
2469 2242 2515 2366 Esse
2477 2057 2516 2217 autem
2469 1774 2533 2031 Cyclopem
2471 1543 2534 1750 primum
2488 1388 2520 1523 aver-

2542 2819 2602 3034 tendum,
2558 2725 2590 2785 ne
2544 2631 2590 2689 ad
2544 2418 2593 2596 fratres
2562 2339 2592 2391 se
2548 2006 2594 2317 comissatum
2549 1731 2607 1977 conferat3
2550 1505 2609 1695 deinde,
2552 1388 2598 1469 ubi

2621 2927 2669 3035 vino
2621 2739 2668 2893 victus
2637 2440 2684 2702 somnoque
2625 2285 2671 2412 intus
2641 2000 2687 2261 oppressus
2626 1808 2686 1975 suerit,
2628 1591 2676 1774 lumine
2629 1390 2676 1563 orban-

2699 2920 2747 3034 dum
2700 2687 2762 2899 stipitem
2702 2352 2749 2670 acuminatum
2709 2192 2765 2337 atque
2706 1867 2753 2176 ardentemin
2706 1653 2754 1843 oculum
2707 1391 2771 1629 adigendo

2794 2978 2825 3034 ac
2778 2737 2826 2961 terebrae
2780 2561 2826 2715 instar
2782 2295 2828 2545 versando.
2782 2122 2830 2260 Ilaec
2784 1948 2845 2099 satyri
2785 1792 2841 1927 laeti,
2790 1716 2832 1766 ut
2802 1603 2848 1689 par
2790 1486 2845 1575 est,
2790 1391 2832 1464 at-

2872 2942 2918 3035 que
2858 2659 2918 2919 gestientes
2859 2279 2919 2634 amplectuntur
2876 1959 2923 2253 operamque
2878 1794 2910 1930 suam
2864 1553 2911 1773 alacriter
2864 1390 2926 1531 polli-

2939 2846 2985 3036 centur.
2936 2586 2983 2793 Auditur
2937 2431 2984 2562 intus
2942 2231 2985 2398 cantus
2939 1956 3001 2208 Cyclopis;
2956 1821 2987 1932 mox
2941 1684 3004 1791 ipse
2943 1494 3004 1660 prodit
2957 1391 2989 1472 co-

3014 2753 3071 3036 missatum,
3015 2575 3061 2708 navis
3016 2378 3063 2531 instar
3018 2094 3064 2344 onerariae
3018 2000 3065 2061 ad
3035 1778 3067 1964 summa
3021 1565 3067 1745 ventris
3020 1392 3067 1531 tabu-

3093 2940 3140 3036 lata
3093 2670 3155 2905 repletus,
3094 2405 3153 2635 titubans,
3094 2120 3156 2369 stupidum
3099 1962 3143 2103 tuens
3098 1755 3145 1933 oculis:
3114 1576 3159 1719 quem
3098 1391 3161 1539 satyri

3168 2885 3233 3037 pedes
3187 2517 3234 2841 numerosque
3173 2245 3219 2470 carminis
3175 1923 3234 2200 praeeundo
3176 1820 3221 1879 ad
3176 1495 3223 1783 cantandum
3176 1392 3223 1461 al-

3249 2813 3296 3036 ternatim
3257 2519 3313 2778 provocant
3257 2435 3298 2485 et
3251 2225 3297 2400 festiva
3251 1938 3299 2192 verborum
3253 1602 3317 1914 ambiguitate
3256 1393 3312 1569 rident,

3343 2926 3374 3037 cum
3343 2783 3375 2891 eum
3329 2497 3376 2749 amabilem
3331 2404 3376 2461 ab
3330 2216 3376 2368 amica
3332 2092 3377 2180 sub
3332 1865 3379 2056 roscido
3338 1710 3379 1845 antro
3331 1490 3380 1674 facibus
3338 1394 3378 1466 at-

3421 2943 3467 3037 que
3407 2722 3454 2907 coronis
3408 2512 3469 2685 capitis
3409 2219 3456 2476 admodum
3410 1974 3457 2184 iucunde
3415 1688 3473 1941 exceptum
3411 1586 3457 1646 iri
3426 1393 3473 1541 prae-

3483 2861 3534 3038 dicant.
3484 2658 3532 2794 Haec
3487 2444 3549 2623 excipit
3503 2265 3533 2408 scena
3488 1911 3550 2231 lepidissima,
3490 1694 3551 1875 largam
3490 1599 3535 1659 ad
3488 1396 3536 1557 riden-

3564 2923 3610 3038 dum
3563 2639 3611 2889 materiam
3566 2343 3627 2605 praebente
3572 2206 3613 2306 tum
3566 1943 3629 2168 Cyclopis
3569 1654 3615 1906 temulenti
3566 1395 3614 1619 vecordia

3646 2988 3688 3038 et
3640 2815 3688 2963 Sileni
3643 2557 3705 2780 cupidine
3644 2426 3691 2522 vini
3650 2250 3705 2392 atque
3635 1942 3701 2216 l'uracitate,
3650 1805 3693 1907 tum
3646 1628 3693 1771 huius
3645 1395 3692 1593 affecta-

3720 2911 3767 3040 tione
3721 2662 3780 2878 decoris,
3738 2518 3783 2610 qua
3722 2197 3784 2483 elegantium
3725 1849 3771 2148 convivarum
3740 1655 3772 1815 mores
3725 1394 3783 1622 imitatur,

3802 2990 3845 3039 et
3796 2711 3861 2955 Cyclopis,
3799 2565 3846 2676 dum
3802 2234 3863 2529 pocillatoris
3803 2124 3850 2197 sui
3804 1830 3866 2101 praeceptis
3805 1744 3851 1805 ad
3804 1395 3851 1716 urbanitatem

3876 2740 3937 3040 informatur,
3878 2328 3941 2705 importunitate.
3882 2131 3929 2260 luter
3882 1962 3928 2082 haec
3898 1784 3943 1927 quum
3883 1510 3931 1749 adductus
3896 1396 3929 1474 es-

3960 2962 4002 3039 set
3954 2690 4019 2927 Cyclops,
3963 2592 4005 2643 ut
3958 2413 4006 2559 missa
3960 2038 4007 2377 comissatione
3962 1859 4008 1993 humi
3964 1539 4010 1826 recumbens
3964 1395 4007 1504 ante

4033 2763 4096 3039 speluncam
4041 2512 4098 2729 potaret,
4055 2320 4100 2463 quum
4038 2057 4086 2276 ultimum
4042 1811 4088 2021 omnium
4041 1545 4102 1777 Ulyssem
4056 1483 4085 1509 a
4054 1394 4084 1448 se

4112 2757 4161 3040 devoratum
4114 2665 4160 2722 iri
4117 2312 4177 2631 promisisset,
4133 2130 4179 2274 quum
4133 1901 4166 2098 securus
4120 1641 4181 1867 poculum
4119 1399 4164 1605 alterum

4193 2927 4252 3041 post
4190 2691 4239 2894 alterum
4194 2425 4242 2655 siccasset
4196 2209 4244 2401 dicens:
4197 2048 4255 2174 „etsi
4198 1922 4245 2013 sim
4199 1708 4257 1888 ebrius,
4202 1509 4243 1673 tamen
4209 1397 4240 1477 me

4266 2911 4316 3041 haud
4269 2617 4333 2866 quisquam
4274 2307 4336 2571 attigerit,=⁷
4290 2114 4337 2259 quum
4281 1752 4326 2063 contemnens
4275 1537 4324 1717 Bacchi
4272 1398 4319 1491 vim

4360 1721 4405 1784 28

3424 845 3529 857 “xrs“
3543 845 3588 851 *02
3628 844 3643 851 ν’
3664 844 3765 855 ’ῑξνῖ-’
3795 844 3821 855 ζ»
3837 847 3844 850 «
3885 846 3889 849 ·
3907 841 3952 853 κγ’
3980 840 4005 853 *7
4036 840 4040 847 ³
