5010 3336
1885 772 1999 782 tzar-³2:2-

1653 774 1668 787 -2
1675 769 1713 790 ts„
1719 768 1816 790 wehe-
1834 769 1882 789 :42-

3930 2143 3985 2259 '138

3792 1364 3841 1536 Laium
3792 1571 3837 1730 autem
3778 1765 3840 2005 hortatur,
3792 2043 3834 2094 ut
3774 2125 3839 2259 aegri
3791 2290 3840 2436 animi
3789 2463 3837 2733 remedium
3788 2759 3819 2819 ex
3784 2848 3832 3033 ratione

3699 1365 3757 1501 petat
3712 1535 3745 1657 neve
3712 1698 3761 1854 furori
3712 1889 3759 2067 amoris
3711 2103 3754 2291 temere
3711 2327 3743 2437 sese
3710 2472 3758 2634 tradat
3692 2668 3756 3032 abripiendum:

3646 1492 3654 1557 *-
3632 1589 3681 1699 ἄλλ’
3632 1735 3689 1810 ἐπ’
3615 1843 3680 1972 ἄλλῃ
3615 2007 3681 2289 φάρμακον
3629 2323 3676 2484 κεῖται
3610 2518 3678 2686 νόσῳ·

3533 1489 3601 1805 λυπουμένῳ
3535 1838 3602 1933 μὲν
3536 1967 3595 2143 μῦθος
3533 2176 3600 2392 εὐμενὴς
3533 2428 3598 2615 φίλων,

3455 1487 3520 1626 ἄγαν
3470 1660 3522 1716 δὲ
3455 1751 3520 2072 μωραίνοντι
3452 2105 3517 2475 νουθετήματα
3456 2496 3517 2563 *).

3375 1360 3439 1643 Respondet
3377 1675 3436 1839 Laius,
3389 1877 3421 1970 non
3374 2006 3436 2178 sugere
3388 2214 3418 2267 se
3372 2303 3418 2425 quae
3387 2462 3435 2542 ille
3377 2576 3431 2785 moneat,
3386 2831 3433 2916 sed
3386 2956 3433 3007 as

3310 1357 3359 1538 sectum
3311 1575 3358 1721 animi
3310 1758 3358 1930 rationi
3310 1965 3341 2057 non
3292 2096 3354 2463 obtemperare:

3215 1483 3281 1700 λέληθεν
3229 1736 3279 1893 οὐδὲν
3228 1926 3278 2090 τῶνδέ
3212 2126 3275 2176 μ’
3227 2214 3288 2290 ὧν
3227 2323 3283 2387 σὺ
3216 2422 3274 2718 νουθετεῖς·

3134 1483 3199 1698 γνώμην
3148 1733 3199 1779 δ’
3132 1815 3201 1997 ἔχοντα
3131 2030 3196 2080 μ’
3130 2116 3197 2150 ἦ
3132 2185 3197 2344 φύσις
3132 2377 3196 2616 βιάζεται.

3066 1350 3117 1477 Tum
3053 1515 3116 1727 Pelops:

2987 1482 3037 1537 αἲ
2987 1573 3038 1652 αἲ·
2988 1688 3039 1797 τόδ’
2972 1832 3037 1934 ἤδη
2986 1967 3033 2118 θεῖον
2970 2152 3036 2458 ἀνθρώποις
2972 2491 3032 2672 κακόν,

2906 1478 2958 1607 ὅταν
2897 1638 2941 1715 τις
2891 1748 2958 1861 εἰδῇ
2891 1895 2956 2149 τάγαθόν,
2886 2185 2950 2367 χρῆται
2903 2402 2953 2457 δὲ
2884 2491 2955 2669 μή**>.

2810 1345 2873 1504 Rogat
2825 1539 2873 1714 deinde
2811 1749 2871 1921 Laius,
2824 1972 2868 2024 ut
2808 2074 2867 2267 tempus
2823 2316 2870 2408 sibi
2806 2452 2871 2632 Pelops
2820 2682 2868 2917 concedat
2821 2962 2867 3021 ad

2744 1346 2792 1567 morbum
2744 1603 2791 1859 commode
2732 1893 2790 2187 sanandum,
2731 2235 2774 2313 ne,
2743 2351 2791 2510 subito
2741 2544 2790 2782 violenter
2724 2815 2788 3019 abrupta

2652 1344 2712 1714 consuetudine,
2664 1753 2710 1845 sibi
2649 1879 2711 2184 pereundum
2665 2219 2711 2310 sit:

2568 1471 2634 1672 μέλλων
2584 1706 2631 1747 τ’
2568 1787 2634 1978 ἰατρός,
2568 2014 2628 2078 τῇ
2567 2113 2634 2253 νόσῳ
2573 2288 2639 2471 διδοὺς
2567 2503 2630 2715 χρόνον,

2502 1472 2553 1638 ἰάσατ’
2487 1673 2552 1776 ἤδη
2488 1811 2549 2007 μᾶλλον
2487 2040 2553 2072 ἢ
2488 2107 2553 2274 τεμὼν
2486 2307 2551 2584 χρόα***).

2407 1338 2470 1487 idque
2406 1523 2470 1754 Pelopem
2421 1789 2468 2062 concedere
2421 2095 2469 2291 minime
2419 2326 2467 2596 mirandum
2420 2634 2463 2735 est:
2420 2791 2453 2899 nam
2404 2935 2466 3015 qui

2327 1336 2390 1443 ipse
2326 1476 2389 1586 plus
2327 1622 2373 1777 aequo
2325 1812 2372 2019 puerum
2340 2056 2388 2391 dulcissimum
2324 2428 2387 2615 diligit,
2340 2650 2387 2779 hunc
2338 2813 2386 3015 alterius

2263 1336 2308 1489 amori
2245 1522 2309 1778 ignoscere
2261 1814 2293 2020 necesse
2260 2056 2303 2146 est.
2260 2214 2308 2464 Permittit
2244 2498 2307 2643 igitur
2246 2678 2307 2826 Laio,
2258 2880 2296 2931 ut
2256 2964 2303 3010 in

2182 1335 2231 1481 domo
2181 1518 2214 1604 sua
2180 1638 2213 1809 rursus
2180 1844 2224 2035 maneat
2180 2078 2223 2126 et
2163 2177 2228 2485 Chrysippo,
2179 2536 2221 2591 ut
2166 2634 2222 2800 antea,
2176 2847 2219 3011 utatur

2100 1330 2150 1654 familiariter.

2021 1464 2070 1595 Huic
2006 1631 2070 1872 colloquio
2018 1906 2067 2217 subiunctnm
2019 2254 2068 2345 suit
2018 2376 2050 2568 carmen
2008 2598 2065 2733 illud,
2002 2770 2048 2866 quo
2015 2891 2061 3005 elio-

1942 1329 1975 1412 rus
1940 1461 1988 1664 miratus
1931 1702 1982 1806 est„
1926 1852 1986 1978 qnod
1939 2016 1986 2161 Laius
1939 2198 1986 2350 amori
1924 2386 1985 2576 pueruli
1938 2613 1983 2768 omnia
1918 2806 1977 3003 postpo-

1849 1329 1902 1485 neret,
1844 1519 1906 1732 privatus
1860 1769 1906 1958 ratione
1852 1994 1890 2121 Sana,
1860 2160 1905 2336 oblitus
1843 2372 1906 2586 patriae:

1762 1460 1828 1598 λήθῃ
1779 1635 1830 1690 δὲ
1764 1724 1827 1914 λόγων,
1762 1949 1827 2086 λήθῃ
1778 2124 1829 2179 δὲ
1764 2213 1828 2413 πάτρας
1762 2431 1827 2587 ****).

1700 1328 1747 1401 De
1699 1438 1746 1617 amoris
1683 1653 1746 1847 ingenio
1699 1884 1745 2063 ibidem
1699 2103 1746 2283 dictum
1698 2309 1745 2466 fuisse
1696 2492 1744 2684 videtur
1683 2703 1744 2836 illud,
1678 2874 1738 3000 quod

1618 1328 1666 1501 eodem
1619 1540 1667 1648 loco
1620 1684 1668 1978 Plutarchus
1619 2010 1666 2173 laudat
1603 2210 1666 2388 (Amat.
1602 2426 1647 2471 p.
1616 2510 1661 2618 750.
1599 2650 1664 2756 B.):

1524 1456 1589 1684 λαιψηρὰ
1528 1718 1589 1991 κυκλώσας
1524 2023 1587 2187 πτερὰ
1526 2223 1587 2523 διαπόντιος
1534 2557 1586 2784 πέταται.

1458 1323 1506 1492 Prodit
1458 1527 1505 1705 deinde
1442 1739 1506 2065 Hippodamia
1458 2099 1488 2207 cum
1456 2245 1504 2433 duobus
1444 2473 1502 2610 filiis,
1455 2661 1501 2808 Atreo
1439 2851 1498 2999 atque

1363 1322 1426 1559 Thyeste.
1368 1631 1426 1888 Ostendit.
1361 1940 1425 2166 quidnam
1361 2203 1423 2407 periculi
1375 2444 1406 2503 ex
1359 2537 1423 2789 iniquitate
1359 2824 1421 2994 patris,

1282 1320 1345 1603 praeposito
1285 1640 1345 1807 spurio
1286 1842 1345 1961 filio,
1281 1999 1345 2119 ipsis
1283 2157 1344 2437 immineat3
1285 2478 1342 2638 docet,
1282 2676 1342 2897 fratrem,
1292 2934 1326 2995 ne

1204 1319 1251 1468 regno
1204 1519 1266 1711 genuini
1202 1745 1265 2024 priventur,
1217 2073 1265 2134 de
1216 2180 1267 2339 medio
1215 2384 1263 2653 tollendum
1213 2706 1246 2830 esse.
1213 2918 1261 2982 ln-

1087 1386 1141 1429 *)
1086 1458 1142 1638 Fragm.
1100 1670 1141 1756 inc.
1099 1785 1141 1882 118.

1017 1361 1070 1426 **)
1028 1454 1069 1618 Errare
1028 1667 1071 1841 videtur
1027 1894 1068 2099 Alcinous
1012 2144 1066 2357 (Isagoge
1026 2395 1068 2440 in
1024 2478 1067 2593 I‘lat.
1023 2638 1062 2773 doctr.
1022 2806 1049 2845 c.
1011 2883 1066 2989 24).

946 1454 986 1585 quem
958 1614 999 1767 laudat
957 1795 999 1945 Valck.
955 1977 996 2105 diatr.
942 2138 981 2180 p.
948 2209 997 2291 22..
954 2322 996 2431 Laio
953 2461 995 2547 hoc
951 2577 994 2739 dictum
950 2779 994 2987 tribuens.

876 1456 929 1573 quod
875 1601 929 1757 Pelopi
886 1786 928 1944 melius
884 1974 927 2190 convenit.

804 1331 857 1413 ***)
803 1443 858 1627 Fragm.
818 1660 859 1742 inc.
816 1773 858 1842 67.

736 1317 788 1423 ΗΜ’)
733 1452 788 1596 Vulgo
732 1626 791 1748 λήθῃ
734 1778 790 1859 μὲν
733 1885 788 2029 λόγων
743 2060 782 2149 κτλ-
