5010 3336
3840 2085 3900 2208 358

3687 1429 3755 1584 μείζω
3689 1620 3756 1813 τίθησι,
3684 1850 3754 2188 δυςτνχοῦσα
3699 2223 3751 2269 δ’
3680 2305 3751 2508 ἀσθενῆ

3528 1430 3595 1593 αἱρεῖς
3541 1624 3593 1757 νόον
3525 1770 3591 1820 *)
3552 2021 3559 2087 -
3553 2219 3559 2283 -—
3536 2417 3558 2498 —.

3465 1296 3514 1406 Non
3463 1467 3510 1529 ad
3462 1584 3509 1680 hoc
3461 1751 3509 1909 factas
3459 1966 3491 2077 esse
3458 2148 3505 2268 dicit
3457 2330 3505 2562 Herculis
3438 2623 3502 2856 sagittas,
3449 2935 3493 2989 ut

3383 1294 3432 1505 aviculas
3367 1558 3429 1735 figant,
3381 1802 3428 1890 sed
3380 1937 3426 1996 ad
3363 2045 3425 2257 patriam
3361 2315 3424 2705 defendendam,
3365 2756 3419 2987 virtutem

3289 1295 3350 1680 ostendendam,
3285 1728 3347 1932 gloriam
3283 1985 3347 2353 adipiscendam
3294 2391 3343 2624 Herculis
3277 2670 3340 2854 gloriae
3288 2903 3321 2986 ae-

3222 1295 3271 1504 mulam:

3156 1423 3163 1489 ——-
3122 1622 3187 2049 „pinnigerm
3137 2087 3169 2214 non
3116 2252 3180 2622 armigero,
3111 2663 3162 2955 corpore

3061 1426 3111 1611 Haec
3058 1651 3099 2053 exercentur
3042 2089 3102 2260 tela,
3052 2301 3100 2578 abiecta
3035 2612 3096 2888 gloria.'’

2967 1292 3033 1454 Negat
2980 1499 3028 1800 Philoctetes
2980 1844 3010 1897 se
2963 1938 3023 2208 periculum
2957 2262 3015 2407 atque
2954 2454 3019 2804 infortunium,
2950 2852 3012 2984 quod

2903 1294 2942 1434 antea
2885 1472 2942 1706 expertus
2887 1744 2946 1837 sit,
2898 1871 2945 2046 iterum
2893 2086 2943 2391 subiturum:

2801 1803 2849 2051 „neque
2817 2086 2847 2177 me
2798 2206 2859 2440 patiar

2740 1422 2791 1681 Iterum
2739 1718 2787 1797 ad
2736 1820 2770 2011 unum
2718 2036 2781 2369 scopulum
2722 2402 2763 2680 caecum,
2723 2708 2773 2985 classem

2640 2087 2702 2424 Achivom,
2628 2489 2696 2981 offendere'’**).

2579 1287 2631 1548 Postremo
2577 1598 2609 1651 se
2577 1687 2608 1747 ea
2574 1781 2623 2063 conditione
2573 2099 2621 2369 rediturum
2558 2408 2619 2551 dicit,
2569 2590 2610 2644 ut
2550 2679 2614 2888 Ulysses
2562 2924 2609 2983 ab

2498 1288 2546 1510 exercitu
2494 1547 2536 1872 removeatur.
2493 1954 2542 2083 Tum
2476 2133 2533 2340 repente
2479 2375 2538 2474 hic,
2489 2535 2535 2612 cui
2484 2649 2533 2844 interim
2483 2882 2531 2984 for-

2420 1286 2453 1417 mam
2417 1463 2451 1601 suam
2414 1640 2464 1864 Minerva
2403 1911 2459 2160 restituit,
2412 2206 2458 2265 ad
2410 2305 2441 2526 caussam
2404 2579 2454 2834 dicendam
2402 2873 2433 2983 cum

2339 1287 2372 1476 summa
2324 1512 2383 1755 omnium,
2319 1794 2381 1878 qui
2321 1916 2380 2123 adsunt,
2330 2161 2377 2485 admiratione
2312 2523 2374 2630 ipse
2309 2667 2371 2857 prodit:

2246 1418 2308 1543 λε’ξω
2255 1579 2306 1626 δ’
2239 1665 2306 1797 ἐγώ,
2252 1835 2300 1937 κᾶν
2238 1972 2282 2078 μου
2234 2119 2300 2442 διαφθείρας
2229 2478 2294 2613 δοκῇ

2160 1414 2226 1639 λόγους,
2161 1676 2224 1912 ὑποστὰς
2157 1948 2219 2137 αὐτὸς,
2152 2174 2218 2504 ἠδικηκέναι·

2094 1415 2150 1521 ἀλλ’
2082 1558 2146 1608 ἐξ
2077 1644 2144 1775 ἐμοῦ
2075 1808 2140 1910 γὰρ
2075 1947 2139 2086 τάμὰ
2071 2122 2135 2341 μαθήσῃ
2072 2356 2135 2460 ***)
2085 2499 2134 2705 κλύων·

2015 1416 2067 1496 ὅδ’
2002 1534 2062 1693 αὐτὸς
2010 1729 2061 1895 αὑτὸν
1993 1931 2062 2201 ἐμφανίζει
2006 2238 2043 2322 σοι
1991 2357 2057 2543 λέγων.

1938 1282 1988 1356 De
1919 1390 1982 1571 reliqui
1916 1609 1979 1842 colloquii
1914 1876 1976 2084 ratione,
1915 2121 1974 2295 nullis,
1910 2346 1957 2469 quae
1908 2505 1955 2700 sequar,
1904 2736 1953 2977 apparen-

1856 1281 1906 1413 tibus
1836 1451 1899 1697 vestigiis‚
1847 1737 1896 2045 coniecturas
1831 2083 1877 2361 proponere
1843 2398 1892 2525 nolo.

1771 1413 1822 1672 Postremo
1769 1718 1816 1877 victus
1768 1926 1809 1975 et
1768 2010 1815 2068 ad
1766 2105 1812 2393 mutandum
1763 2442 1811 2698 consilium
1758 2735 1808 2978 adductus

1691 1281 1745 1581 Philoctetes
1688 1630 1730 1806 nautae
1688 1856 1719 1910 se
1687 1945 1734 2012 ait
1685 2048 1733 2261 similem
1673 2298 1716 2438 esse,
1668 2490 1730 2598 qui,
1666 2648 1712 2796 quum
1678 2835 1720 2978 antea

1612 1278 1661 1411 inter
1593 1461 1654 1814 tempestatem
1605 1874 1654 2046 iurarit
1605 2097 1637 2151 se
1589 2213 1635 2463 nunquam
1600 2515 1634 2686 rursus
1599 2751 1646 2874 mari
1597 2923 1628 2977 se

1515 1282 1577 1688 commissurum,
1512 1726 1573 1891 paullo
1510 1928 1565 2071 post,
1524 2119 1571 2367 mercibus
1523 2417 1569 2465 in
1520 2501 1563 2680 terram
1502 2719 1564 2974 expositiS‚

1450 1278 1499 1402 lucri
1434 1437 1496 1669 cupidine
1446 1712 1495 1891 ductus
1445 1927 1493 2058 idem
1429 2094 1491 2369 periculum
1441 2408 1490 2567 denno
1438 2604 1486 2809 subeat:

1352 1410 1419 1543 ἀωρὶ
1364 1578 1416 1780 πόντου
1350 1817 1414 2005 κύματ’
1348 2044 1413 2224 εὐρέος
1346 2259 1404 2407 περᾷ,

1272 1408 1337 1759 τριδάκτυλον
1270 1796 1333 1945 σώζει
1266 1979 1321 2079 σφε
1279 2113 1330 2366 πεύκινον
1268 2402 1331 2561 ξύλον

1211 1411 1227 2472 ——-—==-—·———-

1000 1342 1053 1390 ἦ)
996 1420 1052 1604 Fragm.
1008 1638 1049 1749 XIV.
992 1782 1047 1983 Hesych.
988 2027 1045 2176 αἴρειν
990 2220 1041 2361 νοεῖς,
992 2403 1046 2613 δοξάζειν
986 2658 1044 2773 ἡγῇ
980 2827 1041 2973 Εὔρι-

927 1415 979 1553 πίδης
922 1588 979 1856 Φιλοκτήτῃ.
933 1915 975 2073 Scribe
917 2106 974 2247 αἱρεῖς
921 2277 976 2410 νόον,
920 2442 975 2668 δοξάζεις,
913 2702 973 2806 ἡγῇ.

858 1314 912 1391 9695)
855 1421 910 1605 Fragnn
868 1638 909 1724 inc.
866 1755 908 1825 29.

787 1286 842 1391 ‘'⁶³4²ss)
798 1423 839 1568 Metro
797 1600 834 1647 ut
781 1675 835 1980 mederentur,
790 2012 831 2285 Matthiaeus
777 2316 836 2421 τᾶμ’
778 2450 833 2711 ἀκούσεται,
785 2744 824 2817 vel
772 2846 831 2970 τάμὰ

714 1415 769 1658 γνώσεται,
723 1702 766 1882 Grotius
708 1911 764 2034 τοῖμὰ
719 2075 764 2128 σύ
704 2161 763 2352 μαθήσῃ
705 2383 759 2537 reponi
713 2567 758 2795 iubebant.
713 2854 755 2966 For-

656 1415 695 1555 tasse:
642 1590 703 1714 τοῖμὰ
651 1743 694 1828 νῦν
635 1857 694 2008 γνώσῃ
647 2038 692 2199 κλύων,
