5010 3336
2934 3301 2951 3317 =.
2917 3256 2950 3281 a]

1012 2144 1065 2222 87

1160 2639 1228 3006 ταμορφωθεὶς
1160 2523 1217 2594 εἰς
1156 2284 1222 2479 χρυσὸν
1152 2153 1203 2241 καὶ
1151 2024 1201 2109 διὰ
1154 1873 1216 1964 τῆς
1149 1632 1214 1832 ὀροφῆς
1146 1521 1207 1591 εἰς
1140 1352 1204 1473 τοὺς

1243 2786 1307 3002 Δανάης
1237 2512 1302 2724 εἰςρυεὶς
1236 2216 1293 2466 κόλπους,
1232 1885 1297 2161 συνῆλθεν.
1228 1570 1277 1801 Horatius
1230 1351 1274 1512 autem

1325 2914 1372 3004 Od.
1324 2799 1381 2877 ΙΙΙ,
1322 2634 1377 2761 16,1
1334 2438 1381 2600 seqq.:

1402 2619 1449 2873 Inclusam
1398 2362 1445 2583 Danaen
1401 2262 1441 2327 tu
1393 2115 1439 2245 rris
1389 2007 1437 2079 ah
1404 1917 1435 1988 en
1404 1829 1434 1899 ea

1480 2401 1539 2876 Robustacque
1476 2183 1537 2379 sores
1475 2084 1517 2145 et
1468 1767 1530 2049 vigilum
1481 1510 1513 1731 canum

1560 2610 1607 2869 Tristes
1570 2502 1601 2574 ea:
1571 2461 1601 2485 c
1570 2413 1599 2446 u
1554 2371 1600 2397 b
1554 2289 1599 2351 ia
1569 2247 1598 2273 e
1549 1921 1597 2213 munierant
1547 1763 1593 1888 satis

1634 2469 1683 2751 Nocturnis
1633 2371 1679 2431 ab
1630 2070 1685 2334 adulteris,

1719 2811 1766 2871 Si
1731 2679 1763 2776 non
1713 2370 1770 2642 Acrisium,
1708 2120 1773 2333 virginis
1706 1877 1753 2085 abditae

1794 2604 1843 2869 Custodem
1790 2314 1857 2575 pavidam,
1789 2077 1853 2276 Iupiter
1792 1994 1833 2042 et
1784 1783 1831 1922 ‘⁷enus

1876 2592 1923 2874 Risissent:
1874 2447 1934 2569 fore
1870 2278 1917 2411 enim
1874 2076 1915 2243 tutum
1866 1944 1913 2042 iter
1870 1858 1911 1907 et
1867 1643 1927 1828 patens

1953 2418 2001 2739 Converso
1950 2315 1995 2383 in
1946 1988 2013 2284 pretium
1944 1808 1991 1954 Deo.

2038 2867 2086 3003 Haec
2033 2704 2081 2831 enim
2032 2610 2078 2671 de
2030 2334 2093 2570 Euripide
2027 2155 2091 2308 petita
2040 2017 2072 2127 esse
2038 1924 2071 1982 ex
2018 1559 2083 1896 Aristophanis
2018 1339 2066 1539 Thesm.

2130 2958 2166 3002 v.
2115 2810 2163 2922 414.
2110 2548 2173 2772 cognosci
2112 2318 2172 2511 potest:

2187 2760 2242 2869 εἶτα
2187 2639 2239 2724 διὰ
2190 2414 2237 2604 τοῦτον
2186 2235 2243 2381 ταῖς
2178 1624 2247 2204 γυναικωνίτισιν

2268 2483 2336 2869 σφραγῖδας
2264 1996 2329 2447 ἐμβάλλουσιν
2260 1843 2325 1961 ἤδη
2257 1701 2309 1807 καὶ
2246 1385 2322 1674 μοχλοὺς

2354 2584 2414 2867 τηροῦντες
2346 2398 2411 2548 ἡμᾶς,
2344 2274 2393 2360 καὶ
2340 2035 2405 2239 προςέτι
2343 1896 2389 1999 Mo
2343 1854 2388 1882 λ
2357 1811 2388 1838 ο
2356 1770 2387 1797 τ
2355 1728 2387 1754 τ
2355 1658 2386 1712 ικ
2355 1620 2385 1645 ο
2329 1570 2384 1603 ὺ
2352 1532 2393 1555 ς

2428 2536 2494 2869 τρέφουσι
2425 2046 2489 2511 μορμολυκεῖα
2422 1878 2479 2022 τοῖς
2419 1586 2483 1852 μοιχοῖς
2414 1339 2470 1557 κύνας.

2514 2841 2561 2995 Recte
2512 2664 2558 2806 etiam
2506 2284 2569 2629 interpolator:

2586 2798 2638 2864 ἐν
2585 2376 2648 2764 παρθενῶσι
2582 2295 2631 2340 δ’
2581 2080 2640 2257 εὐθύςἹ
2572 1965 2637 2042 οἷς
2574 1678 2640 1929 ἐδείματο,

2667 2586 2719 2865 δίδωσιν
2660 2134 2726 2547 Ἀργείαισιν
2661 1714 2722 2099 εὔφρουρον
2652 1426 2714 1679 κόραις,

2747 2771 2807 2862 εἰς
2743 2482 2808 2735 ἀνδρὸς
2744 2290 2802 2447 ὄψιν
2738 1743 2803 2254 εὐλαβούμενος
2734 1470 2798 1707 μολεῖν.

2832 2679 2894 2991 Gynaecemn
2840 2439 2873 2642 aeneum
2823 2064 2870 2403 aedificaverat
2825 1966 2867 2015 et
2818 1693 2866 1919 custodes
2817 1444 2877 1638 praeter
2824 1330 2857 1409 ca—

2927 2903 2958 2989 nes
2910 2721 2957 2866 etiam
2906 2474 2969 2685 virgines
2904 2124 2966 2439 imposuerat,
2915 1971 2961 2086 quas
2898 1739 2961 1933 quidem
2893 1567 2942 1702 chori
2903 1326 2937 1525 munere

2992 2938 3037 2985 in
2990 2810 3035 2902 hac
2986 2598 3034 2758 fabula
2984 2357 3031 2549 functas
2998 2194 3028 2304 esse
2983 1758 3026 2130 consentaneum
2979 1625 3021 1712 est.
2970 1482 3018 1556 Ad
2970 1325 3015 1446 haec

3070 2794 3118 2985 theatro
3063 2465 3128 2747 exponenda
3078 2264 3123 2420 neque
3059 1966 3108 2216 Mercurio
3072 1763 3116 1918 neque
3052 1563 3115 1718 (quod
3049 1421 3111 1526 quis
3061 1324 3093 1383 ex

3148 2786 3197 2986 Horatio
3142 2535 3207 2747 colligat)
3142 2305 3190 2500 Venere
3155 2112 3201 2269 neque
3137 1982 3184 2079 ullo
3134 1753 3182 1946 omnino
3133 1625 3178 1717 deo
3145 1469 3192 1589 opus
3127 1328 3174 1440 suit:

3225 2591 3275 2980 commodissime
3223 2421 3268 2543 enim
3221 2210 3267 2364 omnia
3234 2140 3263 2164 a
3216 1905 3262 2093 nutrice
3218 1810 3259 1858 et
3211 1650 3257 1763 sciri
3214 1565 3255 1612 et
3209 1323 3254 1530 demon-

3305 2839 3354 2982 strari
3306 2510 3366 2786 potuerunt.
3298 2041 3344 2413 Formositatem
3292 1791 3353 1985 virginis
3289 1546 3336 1744 laudans
3286 1324 3342 1500 nutrix,

3391 2803 3433 2982 tantam
3384 2722 3429 2767 ei
3383 2528 3427 2688 inesse
3379 2428 3424 2493 ait
3380 2067 3431 2393 venustatem7
3376 1977 3418 2029 ut
3372 1841 3432 1946 ipsa
3366 1435 3429 1806 contemplando
3364 1322 3409 1399 vix

3464 2826 3529 2982 possit
3461 2601 3509 2790 satiari:

3540 2551 3602 2843 Contemplo
3534 2312 3603 2520 placide
3535 2067 3597 2291 sormam
3534 1981 3576 2031 et
3528 1762 3591 1961 faciem
3523 1517 3586 1729 virginis

3621 2611 3670 2847 Duellae.

3702 2806 3751 2975 Naevii
3702 2680 3747 2773 hoc
3702 2571 3745 2645 est
3697 2187 3760 2538 fragmentum,
3689 2003 3737 2138 cuius
3684 1720 3741 1957 fabulam,
3683 1607 3728 1668 de
3678 1316 3741 1562 Euripidis

3784 2754 3830 2972 dramate
3776 2466 3826 2719 manifesto
3786 2118 3836 2429 expressam,
3782 1988 3814 2081 non
3765 1788 3812 1951 debuit
3760 1469 3809 1755 Welckerus
3773 1316 3819 1432 neg-

3860 2801 3924 2971 ligere.
3857 2466 3904 2722 Praeterea
3859 2237 3917 2421 partem
3846 1957 3911 2190 prooemii
3846 1800 3891 1924 hanc
3842 1614 3889 1766 fuisse
3838 1348 3887 1582 arbitror:

3936 2739 3988 2837 οὐκ
3934 2569 3985 2704 ἔστιν
3936 2416 3983 2533 οὔτε
3934 2218 3995 2382 τεῖχος
3929 2066 3977 2183 οὔτε
3924 1799 3990 2033 χρήματα

4019 2729 4068 2836 οὔτ’
4018 2570 4065 2692 ἄλλο
4013 2170 4077 2534 δυςφύλακτον
4005 1979 4057 2134 οὐδὲν
4004 1877 4063 1944 ὠς
4000 1690 4067 1843 γυνή.

4099 2629 4162 2838 Prologo
4102 2470 4155 2593 acto,
4094 2151 4159 2433 prodierunt
4088 1909 4135 2115 famulae
4083 1554 4142 1875 custodesque
4073 1310 4138 1526 virginis,

4178 2790 4241 2963 quibus
4178 2616 4226 2753 chori
4165 2418 4241 2581 partes
4173 2183 4222 2372 delatae
4172 1977 4229 2141 erant,
4180 1802 4229 1925 quae
4162 1691 4210 1752 de.
4157 1519 4208 1647 tristi
4153 1307 4202 1470 officio
