5010 3336
3843 2113 3899 2235 416

3704 1331 3752 1502 docet:
3705 1538 3739 1645 sum
3689 1679 3754 1788 pius
3689 1827 3739 1944 ergo
3693 1980 3755 2117 de0S,
3703 2153 3752 2282 fidus
3702 2318 3751 2485 amicis
3685 2521 3735 2680 neque
3684 2715 3746 3003 postulanti-

3622 1329 3669 1421 bus
3611 1458 3673 1621 iniqua
3611 1656 3657 1815 neque
3608 1849 3671 2243 praestantibus,
3623 2288 3671 2421 idem
3622 2469 3654 2575 sum
3618 2613 3666 2895 absentibus
3616 2931 3659 3006 at-

3528 1330 3576 1427 que
3529 1461 3592 1802 praesentibus
3532 1836 3592 2173 familiaribus,
3543 2208 3575 2311 rem
3542 2340 3585 2500 autem
3539 2532 3572 2790 veneream
3537 2817 3585 3007 nonnisi

3465 1329 3497 1390 ex
3465 1435 3512 1791 narrationibus
3450 1839 3512 2226 imaginibusque
3452 2272 3511 2409 novi,
3447 2466 3493 2624 neque
3459 2670 3502 2836 tamen
3459 2890 3505 3005 talia

3371 1328 3433 1652 cognoscendi
3368 1689 3430 1894 cupidus
3385 1932 3415 2053 sum.
3384 2124 3431 2175 Si
3382 2214 3430 2540 continentiae
3380 2575 3411 2715 meae
3381 2749 3411 2843 non
3379 2891 3412 3005 con-

3297 1327 3353 1458 fidis,
3295 1498 3352 1720 ostende,
3290 1759 3351 2046 quibusnam
3303 2076 3351 2324 illecebris
3302 2348 3350 2551 deleniri
3285 2578 3347 2837 potuerim.
3300 2879 3348 3004 Num

3226 1328 3274 1484 forma
3225 1520 3258 1642 uxor
3224 1678 3271 1951 excellebat
3223 1986 3269 2102 tua‘!
3223 2171 3269 2244 An
3223 2283 3269 2425 domo
3222 2452 3263 2503 et
3206 2538 3253 2687 regno
3204 2714 3266 2860 potiri
3203 2897 3261 3005 pot-

3146 1326 3177 1460 eram
3146 1511 3193 1602 hac
3130 1650 3191 1926 potiundo?
3143 2007 3191 2277 Stultorum
3142 2338 3174 2450 esse
3141 2510 3188 2636 duco
3123 2682 3172 2830 regna
3139 2879 3187 3006 affe-

3066 1325 3107 1478 ctare.
3048 1546 3113 1873 Principatum
3064 1910 3110 2030 mihi
3048 2066 3108 2347 contingere
3063 2383 3108 2428 in
3048 2467 3107 2839 certaminibuS,
3043 2878 3090 3004 quae

2985 1325 3033 1502 Graeci
2975 1539 3032 1802 celebrant,
2967 1843 3030 2008 cupio,
2968 2046 3030 2342 reipublicae
2982 2380 3023 2540 autem
2978 2584 3027 3004 administratione

2905 1322 2952 1431 aliis
2906 1493 2937 1729 concessa
2904 1788 2935 1895 cum
2903 1945 2950 2113 amicis
2904 2169 2934 2249 mc
2901 2302 2949 2551 delectare
2899 2603 2931 2804 securus
2884 2854 2941 3001 atque

2825 1322 2871 1505 otiosus
2824 1543 2872 1683 malo.
2824 1757 2871 1807 Si
2824 1839 2870 2022 viveret
2809 2058 2855 2182 quae
2823 2217 2854 2297 mc
2810 2333 2868 2602 accusavit,
2821 2652 2851 2707 re
2820 2754 2861 2804 et
2818 2851 2866 3000 sactis

2744 1321 2776 1427 eam
2744 1463 2792 1755 convincere
2728 1790 2775 2005 possem.
2743 2078 2791 2216 Nunc
2743 2254 2789 2410 solum
2725 2449 2789 2737 relinquitur
2725 2782 2771 2877 quo
2738 2922 2785 3001 in-

2664 1317 2711 1596 nocentiam
2663 1632 2712 1893 defendam
2660 1928 2709 2270 iuramentum.
2662 2340 2710 2455 lude
2662 2494 2710 2613 diris
2658 2649 2706 2998 exsecrationi-

2585 1321 2633 1411 bus
2585 1450 2615 1503 se
2569 1554 2631 1662 ipse
2568 1711 2630 1987 obstringit.
2567 2056 2630 2278 Denique
2570 2315 2613 2565 caussam,
2566 2614 2613 2706 qua
2578 2754 2622 2998 commota

2503 1317 2553 1541 Phaedra
2502 1576 2545 1787 mortem
2502 1824 2549 1916 sibi
2488 1945 2548 2251 consciverit,
2501 2288 2542 2420 tecte
2486 2450 2548 2622 innuit,
2499 2660 2547 2745 sed
2497 2782 2547 2999 indicare

2423 1315 2472 1390 fas
2423 1430 2470 1518 sibi
2422 1556 2454 1667 esse
2406 1704 2464 1864 negat.

2341 1446 2391 1748 Mirabiliter
2325 1796 2382 1935 pater
2338 1983 2386 2198 afficitur
2338 2246 2387 2580 moderatione
2337 2627 2381 2677 et
2337 2728 2385 2997 constantia

2250 1315 2309 1676 adolescentis;
2261 1714 2307 1799 sed
2258 1837 2303 2027 tantum
2247 2061 2302 2228 abest,
2258 2266 2299 2318 ut
2257 2354 2288 2461 eam
2258 2497 2288 2522 a
2256 2560 2304 2858 conscientia
2256 2892 2304 2997 veri

2166 1314 2227 1537 rectique
2165 1573 2227 1823 proficisci
2163 1860 2224 2057 credat,
2176 2095 2218 2149 ut
2177 2185 2224 2322 illum
2177 2369 2218 2475 arte
2159 2510 2223 2697 magica
2176 2734 2222 2795 ad
2176 2831 2207 2885 se
2176 2919 2223 2995 in-

2100 1314 2148 1606 cantandum
2100 1643 2146 1711 uti
2098 1746 2145 2030 arbitretur.
2097 2100 2144 2314 Poenam
2097 2362 2144 2541 deinde
2096 2576 2144 2832 constituit
2086 2866 2127 2992 eam,

2006 1311 2053 1454 quam
2021 1489 2062 1649 morte
2021 1686 2067 1731 ei
2018 1768 2065 2073 miseriorem
2018 2102 2066 2207 fore
2003 2236 2059 2418 sperat,
2017 2454 2059 2507 ut
2017 2541 2063 2687 vitam
2007 2716 2063 2871 exsul,
2016 2909 2048 2991 va-

1927 1308 1973 1419 gus,
1927 1457 1973 1637 egenus
1925 1675 1988 1833 degat.
1939 1903 1987 2031 Tum
1938 2067 1969 2184 vero
1921 2221 1985 2545 Hippolytus,
1936 2584 1983 2809 omnibus
1935 2844 1983 2991 rebus

1861 1308 1911 1494 frustra
1848 1530 1907 1749 tentatis,
1860 1786 1890 1843 an
1858 1880 1906 2081 deorum
1846 2117 1905 2284 fidem,
1842 2329 1887 2421 qua
1841 2458 1904 2602 perit,
1857 2637 1904 2812 fallere
1840 2848 1887 2991 prae-

1769 1308 1823 1437 stet,
1766 1488 1828 1760 paullulum
1762 1811 1825 2026 ambigit.
1777 2100 1825 2198 Sed
1760 2246 1819 2507 postquam
1777 2565 1808 2626 ne
1777 2673 1824 2744 sic
1761 2791 1823 2990 quidem

1684 1308 1732 1599 persuasum
1700 1634 1747 1693 iri
1684 1731 1745 1859 patri
1684 1896 1744 2149 intellexit,
1698 2186 1744 2245 ad
1696 2268 1743 2582 constantiam
1696 2615 1745 2743 redit
1695 2779 1737 2828 et
1693 2856 1743 2991 serre

1604 1306 1669 1473 potins
1618 1505 1667 1751 miseriam
1606 1780 1663 2048 constituit,
1602 2086 1648 2228 quam
1617 2258 1664 2442 violare
1612 2466 1663 2815 iusiurandum.
1600 2854 1662 2988 Quo-

1539 1306 1571 1416 nam
1540 1454 1581 1618 autern
1539 1656 1570 1709 se
1527 1744 1581 1930 vertat,
1522 1967 1568 2226 quemnam
1521 2260 1583 2505 hospitem
1523 2542 1583 2701 adeat,
1534 2740 1580 2800 ob
1534 2836 1580 2986 talem

1445 1308 1508 1497 culpam
1457 1537 1507 1832 damnatus?
1455 1903 1504 2136 Profecto
1455 2172 1503 2291 nihil
1440 2327 1501 2467 peius
1456 2504 1499 2580 est
1455 2614 1503 2815 iufamia
1453 2848 1500 2987 inno-

1380 1306 1427 1448 centi.
1379 1497 1427 1654 Tecta
1362 1697 1425 1804 ipsa
1362 1839 1420 1987 putes
1374 2025 1406 2195 vocem
1375 2230 1421 2425 mittere
1376 2460 1407 2515 ac
1375 2551 1422 2723 testari
1373 2752 1421 2985 innocen-

1299 1303 1347 1420 tiam
1299 1442 1348 1624 debere
1283 1653 1346 1999 adolescentis,
1294 2037 1342 2177 cuius
1294 2213 1342 2411 miseria
1295 2445 1339 2579 tanta
1282 2614 1337 2707 est,
1294 2743 1336 2795 ut
1293 2829 1341 2985 nemi-

1220 1303 1251 1415 nem
1219 1450 1267 1620 credas
1217 1658 1259 1755 tam
1216 1795 1264 1967 durum
1203 2007 1247 2134 esse,
1200 2171 1261 2254 qui
1199 2282 1262 2586 conspiciens
1214 2624 1246 2729 eam
1213 2766 1261 2982 lacrimis

1125 1302 1181 1563 temperet.
1136 1633 1185 1732 Sed
1121 1775 1179 1916 pater
1120 1960 1182 2175 querelis
1134 2211 1166 2305 non
1120 2351 1182 2501 magis
1120 2547 1167 2691 quam
1119 2725 1166 2982 argumen-

1060 1301 1107 1367 tis
1046 1402 1100 1649 movetur,
1057 1688 1089 1744 ac
1042 1779 1099 2029 postremo
1054 2066 1086 2234 servos
1053 2282 1087 2392 eum
1040 2440 1086 2531 per
1055 2563 1101 2658 vim
1054 2694 1102 2982 abstrahere

979 1303 1028 1456 iubet.
978 1527 1027 1654 Tum
960 1690 1025 1995 Hippolytus
974 2031 1021 2194 valere
974 2229 1021 2362 iubet
962 2398 1023 2568 deam,
960 2617 1007 2759 quam
974 2796 1021 2978 sociam

899 1305 944 1357 et
899 1400 947 1663 fautricem
882 1710 943 1902 habuit,
893 1953 941 2112 valere
878 2147 940 2331 patriae
882 2374 943 2563 solum,
895 2616 942 2666 in
880 2714 926 2809 quo
892 2861 940 2977 edu-

818 1303 862 1437 catus
800 1473 866 1783 nutritusque
801 1818 855 1921 est,
812 1970 855 2020 et
812 2072 861 2411 comitantibus
798 2462 862 2748 aequalibus
812 2801 845 2828 e
811 2861 845 2976 con-

722 1302 780 1476 spectu
738 1512 786 1627 abit.

640 1431 706 1658 Carmen,
639 1694 703 1824 quod
637 1854 701 2091 sequitur,
652 2126 701 2187 ad
639 2213 701 2436 feminaS,
636 2473 686 2598 quae
651 2624 701 2827 chorum
652 2860 701 2974 effi-
