5010 3336
1019 2164 1075 2242 77

1166 2783 1231 3019 exemplo,
1182 2656 1229 2746 qua
1165 2440 1212 2625 ratione
1167 2242 1210 2406 noster
1162 1932 1210 2199 fabularum
1163 1648 1211 1895 materiam
1178 1554 1211 1612 ex
1179 1381 1226 1521 prae-

1246 2897 1293 3019 senti
1246 2620 1293 2863 hominum
1246 2495 1291 2586 vita
1244 2197 1303 2460 decerpere
1245 2119 1287 2169 et
1243 1804 1288 2073 recentibus
1243 1630 1290 1768 sactis
1243 1381 1304 1597 antiquas

1326 2837 1372 3023 fabulas
1324 2439 1371 2801 accommodare
1322 2342 1367 2404 sit
1321 2129 1366 2314 solitus.
1319 1990 1366 2061 De
1322 1726 1367 1957 caecitate
1323 1575 1369 1698 enim
1322 1381 1368 1541 Phoe—

1404 2901 1450 3023 nicis
1408 2755 1450 2864 ante
1401 2444 1465 2722 Euripidem
1415 2269 1445 2409 nemo
1398 1995 1461 2234 cogitasse
1398 1744 1457 1962 videtur,
1415 1556 1461 1709 neque
1400 1379 1447 1520 facile

1482 2882 1527 3023 huius
1482 2578 1527 2846 mutationis
1494 2373 1525 2541 caussa
1477 2015 1533 2338 inveniretur,
1478 1890 1524 1979 nisi
1493 1752 1524 1855 eam
1478 1528 1525 1717 aliunde
1479 1378 1524 1495 inla-

1564 2924 1606 3021 tam
1576 2778 1606 2887 esse
1560 2687 1606 2743 ab
1558 2357 1618 2651 Hieronymo
1556 2020 1604 2321 doceremur.
1555 1726 1602 1950 Ceterum
1557 1596 1602 1689 hoc
1557 1376 1603 1567 demum

1643 2641 1700 3021 temperamento
1637 2416 1683 2607 invento
1633 2159 1692 2382 fabulam,
1650 1984 1695 2121 quam
1634 1795 1680 1947 refert
1634 1510 1694 1767 Homerus,
1641 1376 1681 1475 tra-

1718 2822 1777 3022 goediae
1720 2632 1777 2788 aptam
1714 2448 1760 2597 fuisse
1712 2094 1759 2401 manifestum
1718 1950 1761 2042 est.
1713 1673 1775 1882 Egregie
1714 1527 1759 1623 hoc
1730 1374 1775 1491 quo-

1811 2927 1855 3019 que
1794 2690 1854 2891 novavit,
1792 2527 1854 2654 quod
1792 2256 1838 2494 insontem
1790 2031 1838 2220 effinxit
1791 1624 1849 1999 adolescentem,
1792 1538 1837 1586 id
1791 1372 1854 1499 quod

1873 2836 1919 3019 duabus
1872 2739 1919 2798 de
1872 2523 1918 2705 caussis
1871 2430 1917 2487 ab
1887 2337 1917 2393 eo
1870 2122 1916 2302 factum
1886 1978 1917 2086 esse
1871 1726 1930 1942 videtur,
1887 1480 1932 1677 quarum
1876 1370 1917 1443 est

1952 2841 2009 3020 altera,
1951 2663 2011 2790 quod
1950 2410 1996 2617 studium
1964 2052 2009 2358 amoremque
1955 1693 2011 2017 spectatorum
1950 1516 1996 1659 huius
1964 1371 2011 1481 per-

2046 2872 2076 3018 sonae
2045 2600 2075 2836 summum
2028 2325 2075 2566 conciliari
2026 2086 2082 2291 volebat,
2027 1876 2086 2049 altera,
2027 1712 2090 1838 quod
2028 1493 2076 1679 virtutis
2029 1370 2074 1459 ho-

2108 2721 2169 3017 nestatisque
2107 2443 2166 2686 exemplar
2105 2099 2169 2410 proponendo
2105 1829 2153 2055 virtutem
2122 1675 2153 1783 sese
2123 1520 2153 1628 esse
2123 1370 2153 1485 con-

2190 2819 2245 3017 tentam,
2186 2379 2248 2781 quemadmodum
2186 2283 2231 2343 ad
2186 2111 2240 2250 bene,
2184 2005 2231 2075 sic
2186 1825 2232 1970 etiam
2186 1743 2232 1801 ad
2185 1561 2232 1700 beate
2187 1370 2233 1527 viven-

2266 2885 2324 3016 dum,
2265 2591 2312 2847 ostendere
2264 2308 2322 2557 studebat,
2262 2125 2309 2258 cuius
2265 1894 2324 2080 generis
2265 1644 2311 1859 homines
2264 1368 2311 1598 mendi*

2359 2908 2389 3013 cos
2344 2494 2403 2862 mutilosque
2341 2205 2404 2448 appellare
2341 1939 2388 2156 collibuit
2342 1582 2405 1903 Aristophani.
2343 1367 2390 1515 Prae—

2426 2881 2468 3015 terea
2421 2677 2484 2845 dignus
2420 2548 2467 2641 suit
2420 2282 2477 2514 Achillis,
2419 2073 2465 2247 summi
2420 1924 2479 2041 viri,
2421 1630 2481 1888 educator,
2421 1501 2483 1581 qui
2426 1365 2468 1467 tur-

2500 2797 2563 3013 pitudine
2504 2555 2547 2773 vacaret:
2515 2367 2559 2521 neque
2498 2212 2543 2337 enim
2499 1945 2559 2191 Euripidis
2504 1760 2546 1919 aetate
2501 1516 2547 1734 homiues
2502 1364 2561 1491 talia,

2579 2854 2641 3011 qualia
2582 2666 2624 2821 matre
2578 2401 2623 2631 suadente
2576 2153 2622 2366 Phoenix
2576 1828 2623 2130 commisisse
2578 1612 2636 1803 dicitur,
2582 1478 2624 1575 tam
2580 1363 2626 1447 be-

2659 2846 2719 3012 nigne,
2672 2655 2717 2794 quam
2655 2538 2716 2620 qui
2655 2225 2702 2491 Homerum
2653 1868 2714 2177 audiverunt,
2656 1549 2703 1821 excusaturi
2657 1360 2706 1515 fuisse

2736 2774 2783 3011 videntur.

2815 2755 2862 2882 Fere
2814 2282 2878 2722 praestantissimae
2813 2000 2876 2246 Euripidis
2811 1764 2861 1955 fabulae
2818 1611 2861 1720 sunt
2830 1453 2876 1567 eae,
2816 1359 2865 1410 in

2897 2841 2959 3010 quibus
2894 2502 2941 2802 inveniendis
2894 2230 2940 2467 neminem
2892 2025 2951 2205 habuit,
2908 1848 2953 1989 quem
2893 1541 2953 1825 imitaretur,
2899 1455 2942 1504 et
2895 1359 2942 1432 in-

2980 2858 3023 3012 tactas
2991 2796 3020 2822 a
2974 2567 3035 2763 reliquis
2973 2312 3020 2532 materias
2972 2088 3035 2266 ingenii
2971 1824 3018 2039 sollertia
2972 1595 3035 1779 primus
2977 1358 3035 1547 tragoe-

3055 2902 3102 3009 diae
3053 2477 3100 2873 accommodavit.
3052 2346 3098 2411 Et
3066 2084 3114 2303 magnam
3049 1896 3097 2049 fuisse
3050 1602 3098 1862 Phoenicis
3052 1358 3100 1551 laudem

3134 2868 3180 3010 testis
3138 2759 3179 2832 est
3132 2525 3188 2726 Ennius,
3132 2407 3193 2485 qui
3130 2229 3177 2373 latine
3129 1967 3187 2195 reddidit,
3130 1794 3176 1931 testis
3130 1543 3191 1757 Ovidius,
3132 1357 3193 1507 pluri-

3212 2918 3259 3008 bus
3212 2762 3257 2883 locis
3211 2669 3256 2728 ad
3211 2501 3257 2635 illum
3210 2174 3272 2465 respiciens,
3209 1930 3270 2141 itemque
3208 1616 3271 1896 Propertius
3248 1582 3270 1595 ,
3209 1356 3269 1546 Cicero,

3291 2719 3345 3005 Aeschines,
3288 2313 3344 2683 Demosthenes,
3287 2096 3334 2277 Plinius
3286 1894 3349 2057 (epist.
3285 1776 3347 1859 IV,
3285 1622 3350 1741 26.),
3290 1355 3337 1586 Arrianus

3368 2866 3432 3003 (diss.
3368 2665 3430 2828 Epict.
3367 2593 3416 2627 l.
3384 2516 3414 2554 c.
3369 2391 3413 2468 28.
3383 2300 3427 2345 p.
3366 2083 3426 2246 149.>,
3365 1810 3411 2045 Diodorus
3364 1680 3411 1772 Sic.
3361 1511 3427 1641 (ΧΠ,
3370 1354 3432 1472 14.),

3448 2779 3496 3004 Clemens
3446 2587 3494 2724 Alex.
3447 2364 3507 2542 aliique
3443 2164 3491 2315 multi.
3443 1916 3490 2081 Testis
3443 1659 3505 1868 denique
3449 1540 3490 1615 est
3447 1351 3493 1494 etiam

3526 2629 3589 3005 Aristophanes,
3526 2489 3587 2568 qui
3524 2248 3587 2440 quidem
3524 2155 3569 2201 in
3522 1834 3581 2107 comoedia,
3537 1642 3582 1782 quam
3522 1350 3586 1596 inscripsit

3600 2702 3669 3013 Ἀνάγυρος,
3620 2559 3652 2651 non
3604 2370 3651 2521 solum
3603 1998 3665 2334 Hippolytum,
3602 1861 3647 1948 sed
3602 1682 3647 1826 etiam
3600 1349 3651 1645 Phoenicem

3687 2954 3733 3004 in
3686 2771 3731 2921 risum
3685 2470 3731 2735 detorsisse
3683 2224 3739 2438 videtum
3681 2126 3727 2188 cf.
3679 1915 3743 2087 Bergk.
3678 1708 3741 1875 fragm.
3681 1426 3744 1677 Aristoph.
3700 1351 3745 1395 p.

3766 2941 3813 3003 71
3779 2772 3825 2905 seqq.
3763 2652 3810 2704 In
3763 2400 3810 2603 theatris
3765 2175 3823 2348 quanta
3760 1983 3821 2133 gloria
3760 1845 3806 1938 hoc
3761 1635 3806 1799 drama
3761 1348 3820 1584 floruerit,

3860 2942 3891 3000 ex
3842 2556 3889 2900 Demosthenis
3840 2290 3887 2505 oratione
3840 2177 3886 2237 de
3839 2014 3885 2132 falsa
3839 1887 3900 1976 leg.
3856 1803 3901 1849 p.
3841 1658 3884 1766 415.
3838 1346 3903 1621 intelligere

3923 2871 3981 3000 licet,
3937 2742 3985 2833 quo
3922 2583 3978 2706 loco,
3937 2403 3983 2547 quum
3935 2203 3967 2367 versus
3919 2068 3964 2175 illos
3919 1688 3965 2027 celeberrimos
3917 1599 3964 1658 de
3919 1347 3965 1563 moribus

4017 2938 4048 2999 ex
4002 2642 4048 2881 consortio
4001 2342 4047 2587 hominum
3997 1988 4045 2292 aestimandis
3997 1789 4043 1940 dictos
3997 1684 4043 1731 in
3997 1345 4045 1636 Aeschinem

4084 2669 4142 2998 retorqueret,
4078 2226 4126 2612 commemoravit
4076 1938 4123 2189 Phoenicis
4091 1650 4139 1903 personam
4092 1580 4122 1605 a
4076 1345 4122 1545 Molone

4158 2799 4219 2997 aliisque
4159 2498 4207 2766 artificibus
4157 2230 4218 2463 sceniciS,
4155 2100 4218 2181 qui
4156 1888 4218 2065 primas
4160 1694 4218 1854 partes
4156 1348 4215 1657 sustinerent,
