5010 3336
1301 3254 1323 3276 1»)

2408 3259 2434 3325 ’.ᾍᾏΜ

2646 3302 2673 3321 a}
2649 3250 2677 3282 η.

2730 3320 2756 3327 ζ
2729 3250 2759 3296 W&

2957 3264 2998 3308 “fn

1131 2183 1185 2302 443

1289 2966 1333 3068 arte
1285 2615 1345 2931 quaerentes,
1286 2352 1326 2565 veterem
1275 2137 1336 2318 magiS‚
1288 1950 1335 2088 quam
1269 1566 1327 1916 recentiorem,
1266 1426 1315 1532 ido-

1380 2932 1412 3068 neam
1360 2617 1422 2896 disciplinae
1356 2429 1404 2580 fuisse
1355 2048 1409 2395 iudicaverunt,
1366 1896 1397 2014 neve
1349 1565 1396 1859 comicorum
1363 1426 1410 1540 poe-

1450 2915 1490 3068 tarum
1438 2516 1488 2878 criminationes
1436 2315 1498 2481 pluriS,
1447 2140 1493 2279 quam
1430 2015 1492 2106 ipsi
1430 1715 1488 1981 voluerunt,
1427 1423 1474 1677 faciamus:

1527 3017 1569 3066 et
1534 2801 1568 2971 revera
1525 2603 1565 2754 artem
1532 2544 1562 2569 a
1513 2248 1560 2507 Timotheo
1514 1920 1566 2213 correctam,
1507 1612 1569 1877 perfectam
1506 1422 1552 1563 abso-

1601 2822 1660 3066 lutamque
1611 2668 1643 2776 esse
1594 2277 1654 2627 intelligamus3
1587 1858 1648 2203 amplectamur
1601 1702 1631 1809 cum
1584 1420 1646 1657 Euripide

1693 2916 1741 3066 genus
1676 2628 1724 2881 modorum
1671 2342 1728 2602 venustius,
1667 2178 1730 2305 quod
1665 1861 1712 2153 morosiores
1663 1638 1723 1835 quidem
1678 1421 1723 1613 enerve,

1756 2860 1803 3068 fractum
1753 2474 1816 2812 garrulumque
1746 2042 1810 2429 appellaverunt,
1742 1905 1788 1991 sed
1742 1782 1803 1860 qui
1741 1584 1788 1738 libero
1741 1418 1789 1549 iudi-

1836 2989 1882 3064 cio
1834 2623 1890 2953 aestimarunt,
1831 2498 1876 2591 vim
1829 2373 1875 2474 eius
1825 2138 1888 2345 experti,
1820 1836 1869 2101 contrariae
1824 1607 1867 1804 naturae
1820 1417 1868 1573 fuisse

1918 2807 1960 3063 testantur.
1910 2662 1958 2738 Cf.
1908 2432 1955 2625 Suidam
1921 2347 1952 2382 s.
1920 2256 1951 2298 v.
1902 1905 1949 2221 Timotheus:
1897 1581 1957 1837 „Tradunt
1899 1418 1946 1534 Ale-

1992 2826 2039 3064 xandrum
1988 2584 2036 2781 musicis
1984 2288 2033 2537 audiendis
1982 1940 2029 2230 delectatum
1993 1750 2025 1891 esse:
1977 1418 2026 1683 Timotheo

2070 2935 2118 3062 enim
2069 2671 2118 2873 tibicine
2063 2356 2127 2613 aliqnando
2062 2044 2108 2290 Minervae
2055 1885 2105 1976 τὸν
2058 1638 2119 1826 ὄρθιον
2055 1416 2120 1585 νόμον

2153 2840 2196 3062 cantante
2147 2670 2194 2790 adeo
2145 2500 2191 2635 illum
2146 2192 2205 2466 permotum
2154 2010 2196 2146 esse,
2142 1903 2184 1959 ut
2138 1744 2183 1870 inter
2137 1418 2185 1710 audiendum

2229 3002 2275 3062 ad
2243 2810 2274 2941 arma
2225 2427 2273 2752 concitaretur
2221 2098 2281 2381 diceretque
2217 1849 2279 2038 regium
2230 1689 2262 1797 esse
2220 1415 2278 1645 oportere

2305 2916 2353 3063 talem
2306 2645 2353 2871 tibiarum
2308 2389 2349 2595 cantum.
2299 2217 2346 2311 Hic
2297 2026 2360 2174 igitur
2295 1677 2353 1993 Timotheus,
2294 1413 2342 1631 studiose

2386 2853 2440 3062 accitus,
2385 2770 2431 2818 in
2383 2520 2429 2735 Persiam
2380 2426 2427 2483 ad
2379 2257 2424 2389 illum
2374 1971 2439 2221 profectus
2372 1814 2421 1932 est.''

2464 2834 2510 2931 Iam
2461 2469 2524 2798 quaerendum
2464 2332 2515 2433 est,
2456 2228 2502 2286 ad
2455 1950 2518 2190 quodnam
2453 1709 2500 1915 maxime
2452 1412 2499 1675 carminum

2558 2879 2608 3060 genus,
2541 2646 2603 2819 quibus
2540 2382 2586 2611 utebatur
2534 2055 2598 2333 tragoedia,
2534 1884 2581 1996 illae
2531 1561 2580 1840 novationes
2547 1412 2593 1525 per-

2622 2816 2670 3060 tinuerint.
2619 2640 2666 2748 Non
2618 2546 2664 2607 ad
2618 2306 2673 2511 choros„
2613 2170 2660 2255 sed
2613 2062 2659 2121 ad
2612 1842 2660 2025 cantica
2611 1695 2658 1795 sive
2609 1410 2657 1660 monodias

2716 2974 2748 3057 eas
2698 2619 2763 2913 pertinuisse
2711 2512 2742 2571 ex
2694 2071 2758 2457 problematum,
2707 1887 2753 2011 quae
2690 1568 2738 1843 Aristotelis
2704 1408 2737 1519 esse

2779 2807 2838 3054 seruntur,
2782 2654 2824 2770 sect.
2773 2487 2823 2618 XIX.
2772 2404 2835 2450 §-
2774 2291 2818 2365 15.
2772 1938 2832 2251 intelligitur:
2770 1744 2830 1878 „Cur
2784 1556 2829 1709 genus
2785 1409 2816 1521 can-

2859 2863 2916 3057 tilenae,
2855 2709 2919 2837 quod
2852 2524 2916 2686 νόμος
2856 2287 2906 2505 vocatur,
2865 2168 2897 2262 non
2851 1908 2897 2133 utebatur
2848 1703 2896 1872 antis
2848 1408 2911 1684 Mophis,

2954 2948 2985 3057 cum
2941 2754 2984 2913 tamen
2934 2535 2995 2719 reliqua
2931 2257 2989 2493 carmina,
2945 2088 2990 2210 quae
2927 1848 2974 2042 chorica
2931 1666 2985 1805 sunt,
2927 1559 2974 1618 iis
2931 1406 2974 1514 ute-

3016 2850 3064 3058 rentur‘}
3015 2697 3062 2772 An
3011 2511 3075 2639 quod
3008 2298 3072 2454 νόμοι
3011 1944 3055 2237 certatorum
3005 1787 3052 1889 sive
3005 1405 3067 1734 agonistarum

3099 2904 3153 3055 erant,
3093 2785 3155 2866 qui
3108 2606 3153 2750 quum
3092 2479 3136 2571 iam
3087 2190 3134 2444 imitari
3090 2099 3132 2156 et
3084 1661 3132 2064 contendere
3089 1406 3147 1626 possent,

3188 2861 3219 3055 carmen
3171 2679 3217 2827 fiebat
3167 2406 3230 2647 prolixum
3170 2321 3211 2369 et
3165 2072 3222 2287 varium,
3163 1796 3223 2013 itemque
3168 1699 3209 1751 ut
3163 1504 3209 1650 verba
3164 1404 3209 1470 ita

3252 2904 3298 3055 etiam
3247 2688 3295 2870 moduli
3244 2402 3291 2655 imitationi
3242 1962 3299 2367 obsecundabant,
3240 1853 3285 1934 alii
3245 1686 3301 1830 atque
3240 1586 3286 1664 alii
3240 1404 3287 1555 facti?

3329 2932 3377 3068 ⁴Nam
3327 2743 3391 2896 magis
3325 2567 3371 2709 etiam
3322 2325 3369 2533 modulis
3336 2089 3368 2290 necesse
3324 1951 3378 2054 est,
3334 1773 3380 1914 quam
3318 1547 3378 1739 verbis,
3319 1404 3365 1512 imi-

3409 2948 3455 3055 tari.
3404 2526 3466 2853 Quamobrem
3402 2331 3447 2473 etiam
3398 1958 3461 2283 dithyrambi,
3412 1840 3444 1901 ex
3412 1686 3458 1781 quo
3402 1402 3458 1624 tempore

3485 2798 3534 3053 imitationi
3482 2552 3530 2750 studere
3482 2211 3542 2508 coeperunt,
3493 2062 3525 2155 non
3480 1813 3524 2013 utuntur
3474 1560 3536 1765 amplius
3475 1401 3522 1525 anti-

3566 2805 3628 3051 strophis‚
3577 2650 3609 2759 cum
3560 2540 3606 2615 usi
3559 2408 3605 2504 sint
3564 2222 3605 2374 antea.
3556 1970 3603 2154 Caussa
3560 1834 3613 1937 est,
3554 1657 3617 1785 quod
3554 1511 3601 1621 olim
3554 1402 3601 1477 in-

3643 2907 3708 3051 genui
3641 2652 3687 2873 homines
3638 2523 3700 2617 ipsi
3638 2314 3683 2487 choros
3636 2049 3697 2266 agebant.
3634 1829 3695 1979 Atqui
3637 1538 3680 1779 catervam
3631 1401 3678 1492 ho-

3722 2871 3770 3050 minum
3716 2574 3766 2836 certatorie
3731 2365 3762 2539 canere
3714 2120 3761 2320 difficile
3717 1955 3761 2085 erat:
3711 1775 3759 1904 unde
3711 1544 3757 1726 factum
3714 1398 3768 1493 est,

3806 2996 3847 3050 ut
3797 2743 3847 2965 modulos
3795 2405 3842 2709 enarmonios
3798 2109 3841 2368 cantarent.
3791 1687 3838 2042 Mutationibus
3791 1527 3836 1653 enim
3804 1398 3836 1502 cre—

3882 2961 3928 3049 bro
3877 2843 3925 2916 uti
3873 2441 3938 2797 (μεταβάλλειν
3869 2216 3928 2407 πολλὰς
3867 1877 3933 2183 μεταβολὰς)
3868 1628 3932 1828 singulis
3868 1399 3914 1589 facilius

3962 2945 4015 3045 est,
3970 2756 4016 2899 quam
3954 2514 4013 2709 multis,
3954 2249 4013 2465 itemque
3951 1959 4011 2204 agonistae
3948 1696 4006 1915 facilius,
3962 1507 4007 1648 quam
3945 1399 4004 1461 ei,

4036 2964 4097 3043 qui
4050 2770 4081 2929 mores
4036 2466 4081 2732 conservat.
4031 2073 4091 2395 Quamobrem
4029 1717 4092 2037 simpliciores
4025 1586 4071 1680 illis
4023 1398 4071 1547 confi-

4114 2792 4161 3040 ciebantur
4112 2596 4171 2757 modi,
4111 2216 4172 2547 antistrophus
4114 2006 4156 2167 autem
4107 1764 4169 1971 simplex
4109 1628 4162 1729 est,
4103 1396 4164 1574 quippe

4190 2958 4253 3040 qui
4206 2686 4238 2913 numerus
4191 2575 4237 2639 sit
4194 2382 4252 2529 atque
4189 2154 4237 2337 unitate
4191 1802 4236 2121 mensuretur.
4184 1599 4231 1735 Haec
4180 1397 4229 1565 eadem

4284 2865 4318 3037 caussa
4274 2728 4328 2831 est,
4284 2596 4317 2682 cur
4269 2287 4317 2549 scenica
4268 1995 4316 2242 cantica
4281 1830 4314 1945 non
4264 1528 4312 1795 utuntur
4274 1394 4307 1494 an-

1887 866 1892 871 ·
1911 854 2140 875 :ubi-Qpess-m-zoe

2143 852 2169 868 ’.Ἰ
2179 850 2351 871 ,ῖ-Ϋζέμ-«θ-Ϊτ-Ᾰ.
2362 868 2374 869 7
2389 857 2417 869 27
2443 856 2453 864 e
2462 855 2510 867 -22>
2535 846 2587 867 ξςς,
2603 860 2610 862 ,

2363 734 2408 746 ...t-

2520 731 2570 769 A!
