5010 3336
1045 2180 1100 2257 65

1190 2896 1237 3038 terim
1205 2690 1254 2863 corpus
1189 2503 1238 2653 senile
1188 2316 1252 2468 quieti
1189 2064 1246 2282 dederat,
1190 1970 1238 2029 ad
1192 1630 1256 1933 exsequenda
1192 1392 1244 1600 Medeae

1269 2815 1316 3037 mandata
1270 2733 1316 2781 in
1285 2507 1316 2698 scenam
1268 2297 1316 2472 redire.
1268 2015 1325 2228 Eorum,
1284 1856 1331 1978 quae
1288 1714 1318 1820 cum
1273 1606 1320 1679 his
1273 1393 1323 1570 Medea

1346 2800 1394 3038 collocuta
1351 2675 1406 2765 est,
1352 2456 1411 2639 partem
1346 2208 1410 2421 priorem
1363 2114 1394 2171 ex
1347 1936 1395 2080 Mose
1352 1549 1413 1899 cognoscimus,
1354 1392 1402 1514 haec

1425 2772 1472 3041 referente:
1426 2520 1486 2736 „Idcirco
1426 2359 1488 2484 apud
1425 2106 1473 2323 eiusdem
1426 1926 1486 2067 filias,
1431 1502 1479 1891 commemoratis
1433 1393 1481 1478 diu

1505 2891 1566 3042 patris
1505 2673 1551 2852 devexa
1507 2379 1551 2625 senectute
1504 2007 1566 2343 masculaeque
1506 1811 1569 1960 prolis
1507 1552 1568 1775 defectu,
1525 1393 1571 1515 quae

1581 2994 1629 3044 in
1587 2712 1643 2959 paternum
1597 2480 1644 2675 regnum
1583 2129 1639 2444 succederet,
1584 1952 1630 2074 ultro
1601 1763 1648 1904 opem
1602 1582 1633 1715 suam
1588 1395 1636 1533 obtu-

1659 2910 1718 3043 lisse,
1676 2781 1722 2873 qua
1661 2621 1706 2748 illum
1694 2585 1714 2598 ‚
1661 2300 1722 2534 siquidem
1663 2130 1725 2265 ipsae
1662 1886 1719 2096 vellent,
1663 1799 1710 1849 in
1665 1513 1714 1766 iuvenilem
1684 1393 1715 1477 ae-

1742 2897 1785 3044 tatem
1738 2706 1785 2860 denuo
1739 2347 1787 2670 restitueret.'’
1740 2059 1805 2280 Regnum
1742 1632 1805 2022 opulentiamque
1745 1394 1808 1591 plurimi

1816 2827 1864 3046 facienda
1833 2685 1863 2793 esse
1816 2443 1864 2651 ostendit
1820 2274 1866 2412 hicce
1835 2045 1867 2239 versus:

1894 2755 1958 2914 ὁρῶσι
1893 2674 1943 2720 δ’
1893 2585 1943 2637 οἱ
1893 2322 1955 2552 διδόντες
1894 2219 1954 2288 εἰς
1895 2124 1946 2186 τὰ
1896 1842 1962 2091 χρήματα.

1972 2774 2034 3045 Quaerente
1974 2564 2022 2739 deinde
1976 2264 2036 2529 Alcestide‚
1994 2088 2039 2225 quae,
1993 1942 2024 2051 cum
1982 1782 2025 1915 esset
1978 1554 2029 1757 maxima
1988 1396 2043 1527 natu,

2052 2944 2099 3051 vice
2053 2622 2115 2912 reliquarum
2055 2443 2102 2587 verba
2055 2198 2102 2410 faciebat
2051 2102 2118 2180 *),
2057 1952 2118 2063 quid
2057 1809 2104 1918 fieri
2056 1597 2107 1778 Medea
2061 1505 2110 1565 ad
2063 1395 2111 1470 ef-

2130 2845 2178 3050 ficienda
2147 2730 2190 2810 ea,
2149 2562 2194 2683 quae
2133 2201 2196 2527 polliceretur,
2134 1975 2182 2166 iuberet
2161 1878 2170 1941 —-

2207 2874 2257 2922 τί
2211 2673 2273 2841 χρῆμα
2209 2407 2272 2637 δρώσας,·
2210 2211 2273 2372 φράζε
2229 2089 2275 2178 μοι
2210 1736 2277 2054 σαφέστερον
2213 1636 2271 1715 **)
2243 1536 2252 1603 --

2291 3003 2335 3051 et
2287 2774 2336 2952 Medea
2294 2560 2353 2728 aperte
2290 2209 2339 2495 ostendente
2292 1806 2340 2143 dissecandum
2294 1395 2361 1761 laniandumque

2368 2901 2430 3050 patris
2382 2691 2429 2864 corpus
2384 2546 2415 2655 esse
2367 2234 2431 2506 (άρταμεῖν
2370 2031 2434 2203 fragm.
2370 1873 2435 1997 Xll.)
2375 1787 2418 1836 et
2372 1706 2420 1754 in
2373 1510 2423 1673 lebete
2393 1397 2426 1481 co-

2446 2791 2506 3050 quendum,
2446 2549 2508 2757 virgines
2448 2273 2494 2513 diritatem
2449 2012 2495 2237 facinoris
2449 1714 2498 1978 horrebant
2457 1528 2514 1672 atque
2457 1397 2504 1482 ab-

2524 2722 2570 3051 ominabantur
2521 2580 2586 2699 ***).
2526 2383 2586 2511 Quas
2528 2191 2589 2347 primo
2527 1823 2590 2154 obiurgatione
2528 1729 2575 1789 ad
2531 1400 2583 1694 voluntatem

2617 2920 2649 3052 suam
2602 2629 2649 2886 traducere
2603 2379 2652 2594 studuit:

2678 2768 2728 2924 αἰνῶ·
2678 2529 2741 2730 διδάξαι
2680 2431 2743 2494 δ’,
2674 2354 2731 2393 ὦ
2679 2118 2740 2321 τέκνον,
2680 2027 2731 2081 σὲ
2681 1719 2747 1993 βούλομαι,

2756 2799 2809 2926 ὅταν
2756 2670 2823 2765 μὲν
2755 2574 2823 2638 ᾗς
2764 2406 2821 2542 παῖς,
2761 2299 2828 2369 μὴ
2761 2104 2811 2264 πλέον
2761 1886 2821 2072 παιδὸς
2765 1618 2825 1853 φρονεῖν,

2834 2871 2888 2927 ἐν
2836 2553 2902 2838 παρθένοις
2839 2464 2890 2519 δὲ
2842 2161 2907 2431 παρθένου
2841 1896 2906 2126 τρόπους
2842 1711 2908 1863 ἔχειν,

2917 2800 2969 2927 ὅταν
2918 2722 2968 2767 δ’
2919 2601 2969 2688 ὑπ’
2920 2374 2986 2564 άνδρὸς
2925 2124 2988 2341 χλαῖναν
2921 1844 2987 2090 εὐγενοῦς
2920 1638 2989 1813 πέσῃς,

3078 2576 3098 2587 5

3075 2865 3127 2929 τὰ
3076 2786 3127 2831 δ’
3079 2643 3129 2751 ἄλλ’
3084 2398 3145 2607 αφεῖναι
3080 2041 3148 2364 μηχανήματ’
3079 1733 3145 2004 ἀνδράσιν.

3235 2800 3301 2930 πρὸς
3236 2582 3304 2767 κέντρα
3238 2479 3305 2548 μὴ
3240 2250 3301 2444 λάκτιζε
3242 2110 3298 2219 τοῖς
3238 1822 3303 2078 κρατοῦσί
3248 1675 3290 1790 σου.

3315 2733 3364 3055 Confirmatur
3318 2622 3366 2699 his
3321 2429 3367 2588 verbis
3321 2264 3382 2392 quod
3320 2082 3368 2229 tradit
3320 1777 3377 2048 Diodorus,
3316 1601 3365 1731 senis
3319 1401 3380 1565 specie

3401 2902 3443 3057 sumta
3394 2640 3444 2868 Medeam
3398 2429 3447 2594 Peliae
3415 2338 3446 2392 ac
3398 2028 3446 2304 Peliadibus
3413 1938 3444 1991 se
3398 1659 3445 1903 obtulisse.
3396 1401 3445 1571 Obsti-

3478 2948 3521 3059 nate
3480 2752 3522 2913 autem
3478 2385 3526 2720 recusantibus
3477 2062 3542 2351 virginibus,
3476 1833 3524 2015 maiore
3475 1568 3522 1799 miraculo
3474 1401 3522 1532 edito

3553 2777 3616 3058 scrupulum
3555 2562 3605 2728 eximit
3557 2102 3621 2514 pertinaciamque
3558 1789 3619 2041 expugnat.
3552 1575 3601 1705 Dicit
3553 1403 3602 1528 enim

3753 2989 3771 3005 *
3750 2879 3789 2922 H
3748 2717 3788 2842 trinus
3750 2660 3789 2688 l.
3750 2599 3789 2629 l.

3749 2963 3871 3019 *ἐ
3762 2777 3873 2918 ΥΞΙΞΓο
3816 2561 3873 2744 δράσας,
3830 2380 3858 2528 errore
3832 2296 3859 2348 ex
3816 2080 3857 2266 Medeae
3816 1869 3870 2049 fabula,
3817 1795 3857 1840 in
3828 1679 3869 1765 qua
3814 1494 3863 1648 eadem
3815 1402 3856 1466 le-

3892 2765 3942 2923 guntur
3889 2669 3941 2732 (v.
3887 2503 3940 2637 688),
3892 2359 3928 2472 nato.

3957 2960 4011 3046 ***)
3957 2790 4010 2919 Apud
3958 2517 3999 2761 Diodorum
3952 2307 4011 2489 ἀπηνῶς
3969 2198 4009 2277 pro
3955 1940 4011 2169 προςηνῶς
3954 1617 4008 1915 reponendum
3966 1498 3994 1591 esse
3966 1401 3994 1473 res

4026 2833 4080 2930 ipsa
4028 2655 4069 2802 docet:
4027 2436 4081 2620 ἀπηνῶς
4025 2358 4070 2406 δὲ
4027 2238 4069 2329 τῶν
4024 1968 4081 2209 παρθένων
4022 1687 4079 1939 δεξαμένων
4022 1576 4066 1657 τὸν
4020 1402 4076 1549 λόγον,

4094 2771 4151 2927 ἑτέραν
4093 2586 4150 2730 αὐτὴν
4095 2310 4153 2547 ἐπινοῆσαι
4097 2124 4139 2273 πίστιν
4096 1994 4138 2084 τῶν
4092 1876 4137 1956 ὑπ’
4090 1691 4149 1836 αὐτῆς
4090 1403 4148 1663 λεγομένων.

4166 2856 4208 2923 cf.
4167 2599 4222 2826 Hyginum
4168 2542 4206 2572 l.
4168 2482 4207 2510 l.
