5010 3336
1030 2144 1063 2203 lx

1178 2768 1245 3003 excepto
1170 2449 1231 2732 Homer0,
1179 2243 1216 2405 nemo
1158 2027 1233 2206 gratia
1163 1934 1210 1988 et
1155 1572 1208 1894 auctoritate
1171 1333 1225 1540 aequa-

1286 2900 1352 3005 vit,
1284 2677 1337 2841 etiam
1279 2469 1332 2640 invito
1275 2281 1342 2429 fato,
1269 1927 1323 2208 interitum
1267 1668 1340 1883 effugit.
1266 1330 1338 1570 Propter

1417 2937 1452 3001 ea
1402 2701 1460 2911 autem,
1409 2521 1462 2661 quae
1387 2422 1441 2493 ad
1383 2110 1439 2394 sarcienda
1380 1750 1434 2079 detrimenta
1378 1498 1431 1722 molitus
1394 1331 1445 1469 sum,

1526 2935 1560 3003 ne
1506 2756 1577 2876 quis
1520 2619 1555 2708 me
1497 2199 1553 2570 confidentiae
1494 1921 1547 2147 crimine
1496 1644 1563 1864 premat
1488 1331 1558 1590 iniquiuS,

1624 2816 1671 3003 teneto
1633 2689 1667 2777 me
1631 2540 1666 2652 non
1610 2369 1682 2502 quid
1625 2225 1680 2329 pro
1610 1898 1676 2185 comperto
1601 1465 1675 1867 exploratoque
1598 1330 1651 1439 ha-

1728 2764 1794 3002 buerim,
1725 2622 1778 2719 sed
1723 2460 1795 2593 quid
1722 2178 1793 2432 opinatus
1717 2026 1784 2144 sim,
1716 1812 1768 1979 etiam
1713 1691 1766 1786 ubi
1712 1500 1765 1670 verba
1710 1329 1763 1475 eius-
1703 877 1792 896 l

1840 2821 1905 3001 modi,
1837 2576 1909 2761 qualia
1840 2401 1888 2524 sunt
1836 2228 1906 2375 puto
1838 2131 1882 2185 et
1827 1860 1901 2090 opinor,
1844 1681 1878 1793 non
1822 1327 1888 1642 adiecerim,
1861 887 1884 893 ,

1895 888 1935 891 l

2003 887 2031 889 Ι

1951 2737 2025 3003 posuisse.

2062 2635 2115 2837 Latino
2076 2471 2111 2598 usus
2074 2310 2109 2429 sum
2069 2018 2107 2267 sermone
2050 1872 2103 1983 hoc
2047 1565 2113 1829 consiliO,
2053 1459 2099 1521 ut
2062 1327 2098 1427 ve-

2187 3272 2218 3300 11·
2180 2826 2227 3002 terum
2172 2598 2245 2784 potius
2187 2397 2240 2562 quam
2165 2048 2219 2352 recentium
2161 1605 2215 2019 aestimatorum
2156 1437 2211 1576 mihi
2156 1325 2209 1413 iu-

2299 3282 2330 3323 :Ml
2285 2854 2337 2998 dicia
2282 2537 2354 2819 sequenda
2287 2445 2333 2499 et
2297 2240 2331 2398 sensa
2274 1873 2339 2204 eorundem,
2291 1796 2324 1826 a
2271 1572 2341 1767 quibus
2268 1322 2322 1547 nomina

2395 2632 2468 2997 cogitatorum
2398 2316 2464 2592 peterem,
2384 1909 2439 2269 adsciscenda
2389 1674 2436 1880 essent:
2380 1476 2433 1626 cuius
2378 1324 2448 1449 qui-
2385 863 2444 901 rm

2522 3274 2550 3322 sv-
2505 2864 2558 2995 dem
2504 2583 2555 2819 instituti
2502 2325 2555 2547 minime
2517 2188 2550 2277 me
2496 1869 2568 2136 poenitet.
2493 1571 2563 1759 Atque
2491 1322 2543 1533 utinam
2467 899 2474 900 ἵ

2615 2904 2681 2999 iis,
2613 2754 2684 2847 qui
2612 2659 2665 2716 in
2610 2294 2665 2624 illustrando
2608 2037 2661 2254 scenico
2622 1760 2677 1996 poeseos
2620 1524 2676 1730 genere
2600 1322 2654 1498 hodie

2724 2681 2790 2994 elaborant,
2723 2374 2795 2627 placeat,
2727 2269 2772 2329 ut
2718 2161 2771 2233 ad
2724 1878 2771 2125 veterum
2721 1551 2788 1843 poetarum
2712 1323 2765 1509 imita-

2837 2789 2889 2997 tionem
2835 2509 2901 2750 enixiuS,
2851 2288 2904 2453 quam
2837 2067 2897 2257 antea,
2847 1954 2881 2009 se
2827 1611 2899 1914 applicent.
2823 1322 2877 1523 Tenue

2949 2848 3002 2994 enim
2947 2511 3018 2795 quoddam
2943 2182 2998 2458 scribendi
2959 1963 3015 2139 genus
2940 1771 2991 1911 inter
2936 1429 2989 1716 historiam
2940 1318 2987 1374 et

3085 3274 3115 3312 :u
3060 2796 3133 2997 poesin
3058 2486 3124 2759 medium,
3063 2190 3128 2439 spretum
3054 2082 3106 2151 ab
3051 1785 3121 2050 antiquiS,
3049 1660 3102 1736 sic
3047 1451 3101 1624 hodie
3065 1320 3099 1413 re-

3199 3284 3226 3323 -i-
3178 2826 3245 2995 gnat,
3177 2710 3223 2770 ut
3170 2501 3222 2665 etiam
3166 2024 3241 2465 tragoediarum,
3180 1826 3234 1967 quae
3167 1664 3214 1788 sunt
3179 1606 3212 1637 a
3157 1318 3212 1583 nostrati-

3282 2893 3335 2993 bus
3281 2579 3352 2844 scriptae,
3298 2398 3351 2525 pars
3279 2194 3350 2360 longe
3276 1917 3329 2154 maxima
3271 1436 3326 1883 Romanensibus
3269 1318 3322 1407 fa-

3393 2820 3460 2994 bulis,
3410 2596 3462 2762 quam
3391 2407 3443 2548 veris
3387 2022 3461 2353 tragoediis,
3384 1734 3438 1964 similior
3383 1613 3435 1695 sit.
3382 1317 3452 1516 Itaque

3531 3277 3562 3325 ϊη
3504 2919 3558 2990 ad
3502 2604 3557 2880 sentiendi
3501 2206 3555 2565 subtilitatem
3499 1989 3571 2166 magis
3514 1784 3567 1949 quam
3494 1684 3546 1754 ad
3493 1440 3546 1657 fortiter
3492 1316 3544 1405 fa-
3507 869 3526 875 ⁹

3628 3277 3677 3324 ·J.‚1.
3614 2734 3669 2988 ciendum
3613 2357 3683 2682 fortiterque
3610 1972 3684 2303 patiendum
3608 1681 3661 1935 homines
3602 1316 3657 1640 imitationi-
3575 868 3580 870 Ι

3727 2890 3781 2989 bus
3726 2724 3779 2833 illis
3742 2461 3778 2678 morum
3722 1908 3791 2410 sententiarumque
3717 1532 3783 1863 enucleatis,
3732 1316 3785 1452 quas

3838 2739 3892 2986 dramata
3837 2324 3910 2706 appellamuS,
3834 1909 3888 2280 instituuntur.

3979 3277 4010 3310 »μη
3949 2489 4003 2823 Ductoribus
3946 1992 4001 2425 adolescentium
3942 1786 3995 1937 hunc
3938 1528 3991 1730 librum
3935 1317 3989 1479 dedi—

4060 2867 4114 2985 cavi
4067 2774 4113 2829 et
4067 2448 4134 2740 poetarum
4059 2318 4127 2413 iis,
4057 2167 4129 2259 qui
4053 1791 4127 2127 exemplaria
4067 1550 4126 1751 graeca
4047 1314 4100 1513 etiam-

4202 3275 4242 3330 η.
4187 2843 4226 2986 nunc
4172 2541 4227 2792 manibus
4172 2387 4226 2495 suis
4168 2068 4225 2334 versanda
4185 1892 4222 2009 esse
4160 1427 4227 1842 existimabunt,
4163 1311 4211 1367 et

4259 1659 4298 1729 *ποι
