5010 3336
3832 2077 3888 2200 368

3678 1430 3743 1639 Κύπρις
3676 1672 3743 1775 γὰρ
3691 1812 3742 1931 οὔτε
3675 1965 3743 2367 νουιθετουμὲνη
3672 2400 3739 2532 χαλᾷ
3672 2545 3740 2613 *)‚

3595 1426 3659 1494 ἥν
3611 1527 3658 1570 τ’
3611 1609 3667 1676 αὗ
3595 1718 3662 1885 βιάζῃ,
3596 1924 3657 2123 μᾶλλον
3608 2158 3660 2402 ἐντείνειν
3593 2436 3657 2592 φιλεῖ,

3529 1425 3577 1641 κᾶπειτα
3529 1675 3580 1832 τίκτει
3513 1865 3579 2121 πόλεμον,
3518 2150 3577 2221 εἰς
3527 2255 3578 2300 δ’
3527 2338 3579 2626 ἀνάστασιν

3434 1427 3499 1609 δόμων
3435 1643 3501 1875 περαίνει
3436 1908 3497 2159 πολλάκις
3446 2192 3497 2255 τὰ
3446 2289 3496 2462 τοιοίδε
3431 2482 3496 2582 **).

3370 1424 3417 1564 Hanc
3352 1602 3416 1882 cupidinem
3367 1926 3413 2121 stultam
3366 2160 3397 2272 esse
3366 2307 3413 2370 ait
3356 2406 3414 2601 Danae,
3351 2648 3417 2891 longeque
3366 2927 3413 2974 ei

3271 1294 3337 1672 praeferendum
3288 1704 3319 1918 amorem
3286 1946 3333 2144 virtutis
3272 2170 3334 2554 honestatisque.
3272 2600 3336 2758 Negat
3273 2782 3333 2971 eadem,

3207 1292 3250 1487 mortuo
3209 1524 3255 1626 filio
3208 1660 3239 1714 se
3207 1744 3255 1986 facturam
3191 2025 3253 2155 quod
3207 2191 3253 2299 vivo
3207 2336 3254 2503 facere
3194 2538 3255 2776 noluerit,
3190 2813 3238 2974 neque

3118 1291 3173 1505 luctum,
3113 1553 3174 1636 qui
3128 1673 3175 1718 ei
3114 1754 3175 2018 debeatur,
3126 2062 3158 2171 cum
3108 2207 3174 2485 nuptiarum
3126 2532 3174 2719 laetitia
3123 2751 3157 2970 commu-

3046 1290 3090 1529 taturam:

2950 1422 3016 1576 φίλος
2950 1610 3016 1711 γὰρ
2950 1747 3021 1815 ἧν
2951 1848 2999 1965 μοι·
2964 2001 3016 2089 καί
2950 2122 3013 2173 μ’
2950 2212 3015 2343 ἔρως
2962 2378 3015 2484 ἕλοι
2962 2519 3015 2644 ποτὲ

2885 1420 2935 1518 οὐκ
2875 1553 2935 1623 εἰς
2885 1656 2936 1713 τὸ
2871 1751 2934 1935 μωρὸν
2883 1971 2934 2093 οὐδὲ
2868 2129 2931 2180 μ’
2872 2218 2934 2289 εἰς
2868 2326 2932 2541 Κύπριν
2866 2574 2934 2801 τρέπων·

2804 1420 2854 1530 ἀλλ’
2805 1569 2855 1673 ἔστι
2788 1711 2855 1775 δή
2793 1810 2836 1886 τις
2793 1923 2851 2078 ἄλλος
2802 2114 2854 2171 ἐν
2788 2207 2851 2419 βροτοῖς
2787 2454 2851 2602 ἔρως,

2707 1417 2770 1591 ψυχῆς
2713 1628 2773 1835 δικαίας
2706 1871 2771 2152 σώφρονός
2722 2186 2754 2238 τε
2705 2273 2772 2532 κάγαθῆς,

2639 1416 2692 1502 καὶ
2624 1538 2688 1669 χρῆν
2640 1706 2691 1761 δὲ
2632 1796 2689 1905 τοῖς
2626 1940 2690 2178 βροτοῖσι
2639 2212 2691 2355 τόνδ’
2639 2394 2695 2526 εἶναι
2625 2560 2691 2749 νόμον,

2559 1417 2608 1523 τῶν
2545 1560 2609 1926 εὐσεβούντων
2549 1962 2610 2150 οἵτινές
2545 2183 2593 2240 γε
2543 2276 2608 2549 σώφρονες
2593 3168 2608 3173 ⁴

2463 1417 2530 1575 ἐρᾶν,
2463 1614 2528 1830 Κύπριν
2478 1867 2529 1921 δὲ
2461 1955 2529 2052 τὴν
2467 2090 2529 2222 Διὸς
2462 2256 2527 2455 χαίρειν
2477 2491 2530 2600 ἐᾶν.

2396 1287 2444 1548 Postremo
2381 1576 2429 1666 per
2398 1691 2444 1785 vim
2396 1811 2444 2097 abstrahere
2396 2124 2444 2382 mulierem
2381 2414 2444 2715 Polydectes
2399 2752 2445 2968 conatur.

2300 1286 2364 1586 Supervenit
2301 1622 2365 1824 Dictys,
2302 1873 2363 1982 qui,
2301 2021 2362 2237 quamvis
2316 2274 2362 2338 sit
2316 2375 2358 2425 et
2316 2462 2349 2613 senex
2318 2648 2360 2696 et
2302 2730 2366 2968 privatus,

2234 1283 2283 1404 sorti
2237 1440 2283 1601 animo
2237 1640 2284 1836 Danaen
2236 1870 2277 2060 tutatur
2221 2095 2278 2411 mentemque
2235 2446 2282 2550 eius
2236 2588 2285 2869 confirmat:

2141 1416 2205 1637 θάρσει·
2155 1675 2204 1734 τό
2155 1771 2187 1851 τοι
2154 1889 2205 2097 δίκαιον
2140 2133 2205 2295 ἰσχύει
2140 2330 2205 2477 μέγα,

2074 1285 2123 1488 fratrem
2075 1527 2116 1689 autem
2076 1726 2121 1852 iusta
2060 1888 2121 2276 reprehensione
2060 2313 2122 2518 corripit
2066 2552 2124 2704 aden,
2077 2755 2121 2810 ut
2077 2846 2126 2966 cho-

1993 1283 2025 1366 rus
1982 1401 2042 1780 indignationem
1995 1819 2042 1922 eius
1996 1960 2039 2157 censeat
1980 2191 2043 2553 reprimendam
1996 2591 2029 2730 esse:

1899 1414 1967 1484 μὴ
1903 1520 1961 1720 νεῖκος,
1915 1759 1972 1798 ὦ
1900 1834 1966 2038 γεραιέ,
1900 2073 1964 2345 κοιρανοις
1906 2378 1965 2555 τίθου,

1819 1416 1885 1587 σέβειν
1834 1622 1885 1677 δὲ
1822 1713 1890 1836 τοὺς
1819 1870 1879 2197 κρατοῦντας
1819 2231 1884 2449 ἀρχαῖος
1821 2484 1885 2661 νόμος.
1853 3181 1921 3185 l

1752 1284 1801 1435 Cuius
1738 1484 1800 1943 exprobrationibus
1738 1991 1799 2142 magis
1754 2193 1801 2338 etiam
1756 2386 1802 2615 incitatus
1741 2672 1804 2963 Polydectes
1784 3179 1811 3183 ‘

1671 1282 1714 1334 et
1656 1384 1719 1622 supplicia
1674 1667 1721 1809 fratri
1673 1846 1720 2055 minatur
1673 2104 1714 2155 et
1673 2189 1721 2499 nihilominus
1674 2546 1706 2600 se
1659 2636 1714 2810 coepta
1658 2844 1707 2965 per-
1697 3178 1756 3184 Ι

1592 1280 1639 1525 fecturum
1593 1564 1624 1676 esse
1589 1713 1639 1944 ostendit.
1579 2024 1640 2210 Quibus
1594 2250 1641 2391 dictis
1594 2428 1640 2476 in
1594 2522 1642 2669 aedes
1595 2706 1641 2765 ad
1595 2803 1642 2964 convi-

1512 1279 1543 1363 vas
1512 1413 1560 1692 salutandos
1500 1742 1559 1871 abit,
1511 1920 1543 2031 mox
1513 2069 1543 2178 cum
1514 2214 1561 2390 iisdem
1513 2428 1559 2488 ad
1512 2525 1543 2726 uxorem
1514 2764 1562 2963 domum

1430 1280 1479 1551 ducendam
1431 1589 1478 1836 rediturus
1416 1851 1481 1977 ***).
1416 2045 1479 2218 Dictys
1432 2243 1475 2405 autem
1416 2441 1480 2683 intrepido
1433 2718 1480 2878 animo
1433 2913 1481 2963 in

1350 1280 1397 1485 consilio
1334 1521 1393 1833 perseverat:

1183 1343 1237 1392 >ss)
1182 1422 1236 1563 Vulgo
1193 1610 1241 1719 ου’δὲ
1181 1754 1239 2111 νουθετονμένη.
1194 2181 1235 2452 Referuntur
1196 2489 1238 2547 ad
1198 2587 1226 2635 se
1196 2684 1243 2789 οὔτε
1209 2820 1216 2875 —
1185 2903 1244 2963 ἤν

1126 1418 1169 1455 τ’
1126 1489 1173 1561 αὖ.

1043 1315 1097 1390 ssss)
1042 1421 1096 1604 Frngm.
1054 1638 1093 1692 X.
1054 1724 1094 1818 VH.
1053 1851 1091 1893 et
1054 1922 1094 1988 VI.
1054 2024 1095 2064 in
1054 2094 1080 2230 unum
1054 2261 1097 2576 coniunximus.

971 1290 1025 1393 ²³²³3²²³²)
985 1424 1026 1573 Persei
984 1607 1025 1724 iussu
983 1755 1023 1921 amicos
968 1959 1022 2077 regis
982 2109 1017 2151 et
969 2182 1022 2418 populares
986 2458 1025 2724 convocatos
987 2756 1015 2850 csse
987 2880 1016 2960 au-

914 1419 950 1512 ctor
914 1544 950 1608 est
899 1636 953 1859 Apollonii
911 1890 951 2151 scholiasta:
898 2197 954 2369 ἔρχεται
900 2399 957 2524 παρὰ
904 2559 959 2851 Πολυδέκτην
915 2882 958 2958 καὶ

842 1414 885 1587 κελεύει
826 1622 879 1928 συναθροῖσαι
840 1966 885 2047 τὸν
831 2087 884 2213 λαόν,
836 2256 887 2378 ὅπως
830 2408 884 2531 δείξῃ
838 2575 889 2733 αὐτοῖς
834 2763 886 2848 τὴν
832 2878 885 2960 τῆς

759 1415 816 1647 Γοργόνος
758 1680 813 1900 κεφαλήν.
770 1974 810 2135 Verum
771 2174 813 2385 dramatis
773 2426 809 2583 natura
774 2614 814 2724 haec
774 2756 816 2846 iam
774 2878 801 2958 an—

701 1417 738 1489 tea
685 1518 735 1786 praeparata
688 1814 741 1973 fuisse,
697 1996 726 2050 ne
697 2080 725 2230 rerum
698 2266 742 2379 actio
688 2402 743 2774 interpellaretur,
690 2807 741 2959 postu-

629 1417 671 1554 labat.
