5010 3336
3858 2074 3916 2197 388

3724 1300 3772 1433 annis
3725 1467 3756 1495 e
3724 1529 3771 1623 vita
3723 1660 3773 1956 decesserit:
3706 1991 3755 2087 quo
3703 2123 3766 2357 temporis
3701 2394 3765 2552 spatio
3699 2589 3747 2739 quum
3710 2774 3759 2964 Arche-

3633 1296 3693 1444 laum,
3632 1480 3693 1725 Bacchas,
3628 1773 3691 2073 Iphigeniam
3638 2123 3686 2173 in
3638 2209 3686 2387 Aulide
3637 2439 3679 2489 et
3632 2535 3682 2884 Alcmaeonem
3629 2916 3678 2967 in

3566 1297 3615 1533 Corintho
3548 1569 3611 1777 scriptas
3562 1815 3595 1926 esse
3547 1961 3604 2177 constet,
3559 2226 3605 2286 ad
3542 2320 3615 2488 plnres
3554 2538 3604 2727 fabulas
3537 2765 3585 2966 compo-

3485 1294 3533 1480 nendas
3468 1527 3528 1724 tempus
3484 1773 3531 1850 vix
3480 1899 3530 2155 suffecisse
3475 2213 3525 2422 videtur.
3475 2501 3523 2577 Ex
3457 2621 3522 2966 Aristophane,

3392 1294 3439 1445 quum
3391 1491 3446 1690 praeter
3404 1726 3453 1887 Ranas
3388 1935 3450 2002 (v.
3400 2039 3446 2191 1082.
3399 2230 3444 2370 1187.
3380 2407 3444 2573 1391.)
3378 2618 3426 2860 nusquam
3391 2905 3439 2965 ad

3310 1292 3374 1588 Antigonam
3309 1610 3371 1898 respexerit,
3322 1930 3369 1991 de
3305 2012 3364 2237 tempore
3320 2258 3366 2325 nil
3302 2344 3365 2574 colligere
3312 2592 3363 2726 licet.
3312 2780 3368 2967 Caussa

3247 1291 3291 1457 autem
3247 1491 3294 1612 mihi
3245 1647 3286 1724 est
3244 1757 3292 1883 hanc
3227 1918 3287 2219 tragoediam
3238 2253 3269 2363 cnm
3227 2399 3284 2488 iis,
3220 2527 3267 2647 quas
3224 2684 3282 2811 dixi,
3231 2849 3264 2965 con-

3152 1290 3216 1549 iungendi,
3151 1613 3213 1743 quod
3150 1785 3211 2049 genuinum
3159 2096 3208 2251 filium
3157 2305 3206 2466 Creon
3155 2511 3197 2566 nt
3139 2616 3202 2965 degeneratum

3072 1289 3135 1497 respuit,
3086 1534 3134 1729 dicens:

2990 1423 3057 1642 ὀνόματι
2991 1674 3056 1908 μεμπτὸν
3003 1942 3053 2001 τὸ
2989 2036 3051 2222 νόθον,
2983 2257 3049 2292 ἦ
2984 2326 3048 2486 φύσις
2996 2522 3051 2569 δ’
2979 2593 3045 2698 ἴση,

2912 1289 2974 1516 quodque
2911 1550 2970 1718 patres
2926 1755 2957 1865 cnm
2924 1901 2972 2015 filiis
2905 2050 2969 2298 litigantes
2916 2334 2965 2483 etiam
2914 2534 2962 2583 in
2897 2616 2961 2874 Hippolyti
2910 2908 2945 2997 am

2832 1289 2897 1683 Bellerophontis
2844 1717 2895 1898 fabulis
2842 1935 2891 2245 exhibentur.

2753 1412 2818 1633 Denique
2767 1668 2814 1746 his
2749 1776 2813 2008 Cyclopis
2762 2044 2811 2263 fabulam
2744 2300 2806 2562 satyricam
2754 2596 2803 2779 addere
2740 2813 2800 2963 lubet,

2675 1287 2722 1427 quam
2674 1465 2730 1725 antequam
2686 1760 2732 1808 in
2684 1828 2731 2042 Siciliam
2682 2080 2730 2252 classis
2676 2276 2727 2646 Atheniensium
2660 2674 2722 2962 proficisce-

2610 1286 2652 1424 retur
2610 1458 2650 1614 actam
2606 1652 2637 1764 esse
2602 1806 2651 2025 coniicio.

2269 1643 2321 1711 A.
2243 1790 2322 2597 Bellerophontes,

2132 1415 2181 1487 De
2131 1521 2179 1666 huius
2115 1704 2175 1984 tragoediae
2111 2029 2166 2317 argumento
2123 2366 2154 2510 nemo
2121 2559 2154 2646 nos
2117 2682 2166 2959 accuratius

2053 1283 2100 1431 docet
2052 1478 2092 1679 auctore
2034 1726 2096 2161 epigrammatum,
2030 2224 2075 2348 quae
2028 2405 2089 2646 quondam
2025 2697 2087 2865 Cyzici
2037 2911 2085 2958 in

1960 1281 2021 1486 templo,
1959 1523 2019 1653 quod
1972 1673 2019 1823 Attali
1951 1858 2018 2191 Eumenisque
1964 2225 2012 2431 fratrum
1948 2468 2009 2626 pietas
1960 2661 2006 2806 matri
1958 2842 1990 2957 con-

1882 1281 1937 1579 secraverat,
1876 1616 1941 1906 imaginibus
1870 1936 1936 2182 adscripta
1872 2208 1933 2428 suerunt,
1867 2456 1914 2676 quaeque
1881 2700 1911 2758 ex
1878 2786 1927 2958 codice

1814 1280 1876 1518 Vaticano
1814 1554 1861 1707 edidit
1812 1740 1860 1919 iterum
1807 1954 1858 2203 Iacobsins
1806 2241 1853 2287 in
1802 2315 1851 2515 Anthol.
1800 2554 1850 2665 Vol.
1801 2704 1849 2780 lll.
1783 2814 1841 2957 parte

1736 1279 1785 1356 111.
1721 1393 1767 1440 p.
1737 1476 1781 1574 620
1718 1607 1766 1742 seqq.
1731 1811 1780 2002 Horum
1713 2049 1775 2194 igitur
1724 2230 1773 2475 decimum
1707 2511 1769 2734 quintum
1705 2770 1769 2841 (n.
1717 2877 1764 2955 22.

1642 1280 1689 1328 p.
1642 1363 1702 1499 634.)
1656 1538 1702 1610 sic
1655 1646 1687 1700 se
1653 1734 1701 1910 habet:

1576 1404 1633 1495 Ἐν
1575 1532 1626 1588 δὲ
1555 1633 1624 1706 τῷ
1548 1749 1620 2189 πεντεκαιδεκάτῳ
1545 2237 1613 2660 Βελλεροφόντης
1558 2704 1610 2808 ὑπὸ
1556 2855 1604 2954 τοῦ

1486 1276 1547 1466 παιδὸς
1494 1500 1545 1748 Γλαύκου
1476 1784 1539 2092 σωζόμενος,
1469 2126 1536 2310 ἡνίκα,
1465 2357 1531 2682 κατενεχθεὶς
1477 2714 1529 2819 ὑπὸ
1475 2854 1522 2954 τοῦ

1400 1279 1464 1540 Πηγάσου
1405 1564 1464 1636 εἰς
1413 1655 1466 1714 τὸ
1395 1731 1466 1941 Ἀλήϊον
1393 1961 1456 2161 πεδίον,
1390 2199 1456 2404 ἔμελλεν
1399 2428 1451 2531 ὑπὸ
1383 2557 1448 2951 Μεγαπένθους

1335 1276 1381 1375 τοῦ
1320 1412 1384 1651 Προίτου
1319 1683 1380 2023 φονεύεσθαι.
1323 2094 1373 2279 Deinde
1306 2309 1362 2582 sequuntur
1319 2614 1366 2708 tria
1314 2736 1365 2949 disticha

1255 1277 1302 1513 mendose
1254 1547 1302 1597 in
1251 1631 1299 1805 codice
1231 1838 1295 2024 scripta
1246 2058 1293 2160 sic:

1174 1407 1226 1579 οὐκέτι
1157 1614 1221 1853 Προίτου
1156 1888 1217 2077 παιδὸς
1150 2111 1214 2285 φόνον
1148 2318 1215 2497 ἔσχεθε
1139 2524 1209 2947 Βελλεροφόντης

1094 1475 1148 1624 τοῦδ’
1090 1654 1143 1711 ἐκ
1089 1742 1135 1843 τοῦ
1075 1876 1136 2063 παιδὸς
1068 2096 1134 2399 τειρομένου
1079 2434 1133 2673 θάνατον

1013 1409 1065 1658 Γλαύκου
991 1693 1044 2207 κρανταγενους
988 2237 1057 2474 Ἰοβάτου
1002 2511 1057 2559 δ’
984 2590 1050 2862 ύπαλύξει·

923 1472 986 1641 οὕτως
916 1674 983 1775 γὰρ
911 1812 977 2040 ΑΜοιρῶν
922 2074 934 2083 .
923 2123 936 2135 .
922 2171 976 2421 ἐπέκλωσε
921 2451 972 2583 λίνα.

854 1409 906 1517 Καὶ
852 1570 909 1637 σὺ
834 1683 898 1878 πατρὸς
830 1937 894 2112 φόνον
833 2159 892 2317 αὐτὸς
826 2367 893 2669 οἷπήλουσας
821 2718 890 2943 ἐγγύθεν

748 2254 813 2443 ἐλθών,

694 1470 746 1559 καὶ
677 1591 742 1785 μύθων
683 1819 741 2026 ἐσθλῶν
667 2058 733 2259 μα’ρτυς
665 2291 733 2631 ἐπεφρασατο.
