5010 3336
1157 2057 1212 2176 323

1304 2799 1360 2942 tiam.¹
1316 2641 1364 2763 quae
1301 2562 1347 2609 in
1300 2333 1347 2527 theatro
1300 1969 1361 2298 consedisset,
1302 1786 1351 1933 verba
1303 1588 1352 1754 facere
1319 1295 1369 1545 personas,

1382 2727 1444 2941 quamvis
1380 2394 1441 2693 imaginarias
1395 2279 1426 2359 res
1386 2047 1442 2247 agerent
1386 1637 1445 2028 paterenturque,
1385 1404 1434 1599 minime
1388 1293 1435 1385 mi-

1518 3178 1526 3182 ,
1477 2801 1516 2943 rum,
1459 2657 1506 2745 sed
1464 2234 1505 2606 consentancum
1460 1759 1522 2185 necessariumque
1478 1601 1510 1711 esse
1466 1294 1518 1551 videretur.

1530 3179 1607 3184 l
1539 2814 1586 2941 Huic
1537 2443 1584 2776 consuetudini
1551 2268 1583 2409 nemo
1538 1944 1598 2232 tragicorum
1538 1670 1587 1913 lubentius
1542 1410 1607 1642 Euripide
1546 1295 1592 1381 ob-

1627 3174 1690 3181 j
1622 2746 1663 2943 secutus
1622 2611 1662 2708 est:
1622 2456 1662 2557 erat
1615 2297 1662 2421 enim
1615 2167 1661 2260 hoc
1632 1942 1678 2130 quoque
1614 1508 1680 1906 δημοκρατικόν.
1622 1292 1671 1437 Velut

1693 3178 1717 3182 ¹
1697 2898 1742 2945 in
1694 2672 1741 2862 Orestis
1694 2478 1741 2637 fabula
1694 2238 1740 2431 Electra
1694 2130 1739 2187 ad
1701 1776 1757 2078 spectatores
1699 1567 1761 1726 ipsos,
1706 1296 1763 1519 tanquam

1780 2763 1831 2946 testes,
1773 2416 1819 2710 convertitur
1778 2214 1819 2381 notans
1773 1959 1820 2177 Helenae
1775 1664 1823 1926 lenocinia:
1776 1462 1827 1616 εἴδετε
1781 1296 1842 1419 παρ’

1854 2785 1914 2946 ἄκρας
1849 2682 1909 2751 ὡς
1849 2366 1911 2648 ἀπέθρισεν
1850 2131 1914 2334 τρίχας,
1851 1839 1911 2079 σώζουσα
1854 1595 1914 1807 κάλλοςς
1856 1444 1907 1546 ἔστι
1857 1362 1906 1410 δ’
1858 1294 1923 1330 ἦ

1955 3172 1983 3181 ¹,
1931 2787 1981 2947 πάλαι
1930 2618 1994 2767 γυνή.
1930 2477 1978 2549 Ad
1947 2308 1993 2449 quem
1931 2117 1977 2273 locum
1932 1971 1978 2091 haec
1934 1693 1982 1945 verissime
1938 1466 2001 1664 scripsit
1938 1296 1995 1440 scho-

2014 2758 2060 2946 liastes:
2007 2583 2058 2712 ἒνιοι
2006 2484 2057 2539 δέ
2019 2319 2071 2449 φασι
2011 2163 2067 2272 τοῖς
2009 1963 2073 2129 δμωσὶ
2016 1767 2062 1931 ταῦτα
2012 1533 2077 1723 λέγειν,
2014 1412 2065 1477 οἱ
2014 1295 2067 1364 δὲ

2104 3172 2146 3174 ξ
2089 2778 2152 2948 πρὸς
2089 2672 2138 2744 τὸ
2087 2317 2153 2637 θέατρον,
2088 2239 2137 2265 ὃ
2087 2121 2137 2205 καὶ
2092 1844 2152 2086 ἄμεινον·
2090 1430 2156 1792 ἐφελκυστικὸς
2095 1298 2160 1399 γάρ

2177 3172 2237 3184 2:
2168 2810 2220 2948 ἐστιν
2167 2700 2218 2778 ἀεὶ
2170 2469 2233 2667 μᾶλλον
2170 2330 2218 2435 τῶν
2170 2094 2218 2297 θεατῶν
2169 2020 2219 2049 ὁ
2172 1749 2237 1986 ποιητής,
2173 1624 2223 1700 οὐ
2175 1296 2238 1575 φροντί-

2252 3176 2258 3179 “
2251 2827 2311 2947 ζων
2250 2649 2299 2781 τῶν
2249 1940 2313 2603 οέκριβολογούντων.
2254 1720 2301 1859 Adde
2255 1533 2301 1685 schol.
2255 1299 2306 1482 Phoen.

2334 2797 2378 2949 1485:
2328 2660 2379 2762 τίνι
2328 2528 2394 2628 γὰρ
2329 2137 2393 2492 ἀπολογεῖται,
2328 2046 2379 2088 εἰ
2330 1944 2395 2013 μὴ
2335 1841 2394 1910 τῷ
2332 1572 2397 1807 θεάτρῳς
2334 1394 2381 1526 Idem
2336 1299 2382 1358 ad

2411 2725 2473 2950 prologos
2412 2424 2473 2698 pertinere,
2411 2103 2457 2389 scholiastes
2412 2018 2457 2075 ad
2412 1805 2459 1991 initium
2412 1529 2460 1772 Troadum
2414 1297 2478 1501 monuit,

2490 2814 2536 2948 cuius
2491 2573 2536 2769 verbum
2506 2390 2553 2535 supra
2506 2311 2552 2355 p.
2493 2200 2537 2271 13.
2491 1747 2554 2151 transcripsimus,
2492 1453 2554 1669 Denique
2509 1300 2541 1405 eam

2569 2547 2616 2947 consuetudinem
2570 2291 2616 2494 scenicis
2570 2099 2631 2253 poetis
2571 1843 2617 2062 omnibus
2586 1506 2619 1806 communem
2570 1300 2620 1453 fuisse

2647 2804 2695 2950 docet
2648 2562 2695 2769 Tzetzes
2649 2479 2695 2525 in
2647 2291 2695 2450 Cram.
2649 2073 2697 2254 Auecd.
2648 1956 2705 2036 lv,
2652 1796 2696 1919 343:

2723 2672 2791 2820 ῥῆσις
2726 2480 2791 2635 λόγος
2726 2372 2784 2447 τίς
2724 2202 2774 2338 ἐστιν
2722 1822 2790 2167 ἐξηγημάτων,

2803 2440 2869 2824 ὑποκριτοῦ
2804 2083 2868 2404 λέγοντος
2806 1966 2863 2044 ὡς
2805 1775 2868 1934 πρὸς
2800 1589 2866 1742 τοὺς
2808 1304 2872 1555 ὄχλους.
2817 833 2850 839 l

2884 2660 2949 2950 Exemplum
2887 2516 2933 2623 talis
2886 2250 2933 2480 orationis
2887 2079 2948 2214 ponit
2885 1803 2948 2045 Polynicis
2889 1608 2945 1769 verba,
2904 1447 2949 1570 quae
2890 1301 2939 1421 facit
2862 831 2948 837 l

2964 2772 3012 2950 intrans
2965 2690 3012 2737 in
2966 2455 3013 2654 urbem:
2962 2357 3013 2419 τὰ
2962 2230 3027 2325 μὲν
2965 1934 3028 2197 πυλωρῶν
2964 1696 3028 1903 κλῇθρά
2966 1620 3028 1673 μ’
2964 1305 3027 1592 εἰςεδέξατο.
2963 832 2994 835 ¹

3044 2596 3107 2826 Aeschyli
3045 2335 3109 2561 prologos
3051 2167 3092 2299 recte
3045 1939 3092 2132 damnat
3045 1637 3109 1894 Euripides
3047 1304 3113 1592 Aristopha-

3138 2804 3171 2953 neus:
3152 807 3167 812 ι

3197 2617 3264 2825 ἀσαφὴς
3199 2485 3264 2585 γὰρ
3194 2382 3264 2447 ἧν
3200 2291 3251 2347 ἐν
3206 2195 3266 2258 τῇ
3202 1974 3266 2159 φράσει
3202 1836 3252 1943 τῶν
3203 1474 3267 1806 πραγμάτων.
3177 807 3261 835 ll

3278 2826 3328 2953 Tum
3280 2517 3328 2791 rectissime
3282 2390 3326 2482 ho«,-
3282 2223 3328 2354 illum
3284 2031 3330 2185 solum
3284 1844 3344 2000 egisse
3286 1587 3343 1813 ostendit,
3290 1496 3331 1551 ut
3288 1306 3348 1469 stupo-
3270 783 3361 837 4³}

3375 2852 3406 2954 rem
3359 2598 3405 2817 iniiceret
3365 2419 3420 2564 atque
3363 2032 3422 2390 exspectatione
3378 1728 3424 1989 suspensos
3368 1514 3410 1701 teneret
3364 1306 3412 1490 animos
3353 831 3408 851 l

3443 2610 3500 2958 «spectatorum,
3454 2415 3499 2554 quam
3440 2120 3499 2375 pessimam
3456 1970 3485 2079 esse
3441 1822 3486 1936 artis
3441 1578 3501 1786 tragicae
3442 1306 3490 1543 rationem
3479 830 3519 836 ς

3515 2677 3579 2955 Lessingius
3523 2476 3563 2642 noster
3516 2264 3574 2443 docuit,
3533 2134 3577 2225 quo
3517 1746 3580 2098 dramaturgiae
3518 1592 3564 1698 loco
3515 1511 3579 1557 ²²²)
3525 1423 3566 1473 et
3521 1308 3568 1390 Di·
3520 830 3607 851 ἰ

3594 2799 3642 2955 deroti
3595 2704 3642 2753 in
3596 2468 3642 2669 eandem
3597 2145 3642 2429 sententiam
3595 1819 3657 2109 disputantis
3596 1638 3642 1783 verba
3596 1557 3643 1603 in
3599 1307 3646 1521 medium
3611 829 3768 835 Ξ

3780 829 3805 834 l

3672 2752 3736 2958 protulit
3678 2656 3720 2705 et
3674 2499 3737 2605 ipse
3675 2300 3721 2465 laudes
3675 1960 3737 2264 prologorum
3674 1552 3736 1922 Euripideorum
3682 1420 3723 1514 tam
3693 1308 3725 1385 ar-

3757 2844 3816 2958 guta
3752 2472 3800 2809 dissertatione
3755 2188 3815 2437 exposuit,
3758 2088 3799 2139 ut
3754 1867 3800 2042 ceteris
3754 1768 3800 1831 nil
3754 1476 3814 1734 reliquisse
3756 1309 3804 1442 vide-

3836 2834 3890 2958 atur,
3832 2673 3893 2799 quod
3832 2576 3878 2635 ad
3832 2414 3879 2542 hunc
3834 2224 3879 2379 locum
3833 1762 3879 2185 consummandum
3832 1546 3880 1727 addere
3835 1308 3895 1512 possint.
3886 829 3894 833 ,
3889 780 3897 785 „

3908 2774 3958 2958 Verum
3926 2561 3972 2737 operae
3912 2318 3975 2527 pretium
3918 2204 3957 2279 est
3926 1849 3973 2169 cognoscere,
3926 1674 3972 1798 quae
3912 1394 3975 1639 Aeschylo
3918 1308 3961 1358 et
3969 862 3972 864 Α
3913 779 3939 808 ⁸

3989 2685 4050 2958 quicunque
3996 2402 4053 2652 poetarum
3991 2174 4037 2373 eandem
3992 1904 4037 2134 rationem
3994 1604 4051 1872 sequuntur
3990 1311 4054 1571 Euripides
3980 781 3999 807 '³

4067 2577 4130 2959 Aristophaneus
4070 2240 4131 2527 exprobrat:
4068 1813 4130 2187 „Praestigiator
4074 1668 4116 1771 erat
4075 1575 4115 1623 et
4070 1312 4131 1531 iactator,

4145 2876 4206 2958 qui
4145 2596 4195 2844 fraudaret
4152 2248 4211 2548 spectatores
4164 2156 4196 2211 ex
4147 1858 4211 2121 Phrynichi
4147 1569 4211 1824 disciplina
4148 1315 4196 1535 stolidos.

4342 3171 4367 3177 <
4308 2852 4361 2901 >r)
4308 2757 4351 2823 13.
4310 2548 4354 2725 octobr.
4311 2395 4354 2517 1767.
4324 2246 4366 2365 seqq.

4381 1681 4427 1741 21
