5010 3336
1056 2124 1112 2240 203

1208 2831 1265 2871 ὦ
1213 2652 1270 2798 πόλις
1203 2380 1273 2625 Ἄργους,
1200 2171 1251 2347 κλύεθ’
1190 2049 1246 2133 οἶα
1193 1874 1259 2019 λέγει.

1302 2032 1332 2867 -υ--υ-ημ--α

1377 2849 1426 2871 ’ί
1378 2797 1397 2808 ’
1372 2641 1423 2760 ὅποι
1365 2410 1431 2609 χρῄζεις
1373 2378 1385 2389 ·
1357 2243 1409 2341 οὐκ
1354 1916 1415 2210 ἀπολοῦμαι

1458 2782 1520 2872 τῆς
1454 2655 1515 2749 σῆς
1440 2422 1505 2631 Ἑλένης
1437 2196 1489 2387 οὕνεκα
1462 2066 1471 2131 —-
1458 1938 1466 2002 —-

1532 2619 1592 2871 Σπάρτην
1524 2391 1587 2583 ἔλαχες·
1517 2179 1581 2355 κείνην
1513 1950 1576 2146 κόσμει,

1611 2781 1671 2872 τὰς
1607 2691 1659 2746 δὲ
1603 2393 1668 2655 Μυκήνας
1599 2217 1665 2362 ἡμεῖς
1593 2066 1658 2182 ἰδία.

1695 2848 1743 3000 Chori
1692 2653 1748 2815 verba,
1701 2496 1749 2617 quae
1683 2256 1730 2462 abeunte
1675 1996 1724 2221 Menelao
1671 1829 1732 1961 dicit,
1670 1614 1717 1795 haecce
1671 1443 1713 1580 sunt:

1766 2660 1837 2871 χαλεποὶ
1764 2413 1827 2627 πόλεμοι
1758 2281 1824 2381 γὰρ
1753 2005 1817 2247 ἀδελφῶν
1750 1923 1815 1990 *).

1855 2821 1903 2998 Statim
1849 2598 1899 2775 deinde
1846 2495 1892 2554 ad
1843 2034 1904 2443 Agamemnonem
1831 1835 1896 1997 prodit
1827 1593 1877 1803 famulus
1824 1347 1889 1558 quidam,

1936 2917 1998 2996 qui
1931 2609 1995 2883 Telephum
1927 2527 1973 2575 in
1922 2304 1970 2492 aedium
1916 2089 1965 2268 sacello
1913 1799 1960 2051 sedentem
1907 1483 1970 1762 conspexit,
1904 1346 1951 1431 de-

2031 2901 2078 2995 que
2029 2811 2061 2866 ea
2027 2721 2060 2775 re
2008 2443 2056 2687 dominum
2000 2152 2048 2405 certiorem
1994 1968 2042 2117 facit:

2113 2614 2120 2675 —-
2096 2261 2147 2479 „quem
2092 2106 2140 2223 ego
2072 1963 2120 2073 ubi
2067 1646 2133 1927 adspexi
2066 1386 2125 1611 virum,

2164 2421 2218 2861 Immortalem
2161 2305 2209 2387 mi
2155 2096 2205 2271 intui
2150 1774 2207 2062 viderer,
2147 1668 2194 1737 ni
2146 1340 2194 1633 vestitus

2241 2125 2282 2147 t
2239 2050 2281 2106 et
2248 1949 2291 2031 er,

2322 2410 2381 2853 ZlIoestituclo7
2312 2030 2367 2375 vastitudo
2305 1514 2375 2002 praedicarent
2319 1338 2351 1476 esse

2393 2132 2439 2163 h
2409 2030 2438 2115 em
2407 1988 2437 2015 o
2405 1942 2435 1973 72
2404 1900 2435 1925 e
2393 1810 2433 1888 m’'
2383 1690 2446 1784 ²³²²3‘).

2488 2829 2548 2987 Quem
2482 2485 2547 2795 peregrinum
2492 2302 2541 2446 quum
2474 2089 2537 2280 planum
2473 1927 2517 2058 esset
2481 1809 2513 1902 non
2465 1630 2511 1779 inscia
2462 1527 2510 1604 vel
2463 1333 2526 1497 ignara

2566 2821 2627 2986 regina
2563 2636 2625 2788 recipi
2560 2366 2624 2601 potuisse,
2557 2211 2601 2330 haec
2552 2016 2599 2176 statim
2550 1744 2594 1983 evocatur.
2544 1540 2605 1675 Quae
2556 1332 2588 1506 nomen

2645 2789 2708 2984 quidem
2642 2458 2705 2755 patriamque
2641 2362 2683 2410 et
2647 2166 2696 2318 genus
2629 1875 2694 2120 peregrini
2643 1776 2674 1829 se
2625 1618 2673 1733 dicit
2623 1332 2685 1574 ignorare,

2725 2895 2772 2983 sed
2721 2708 2770 2863 videri
2735 2562 2767 2673 eum
2716 2382 2763 2528 nobili
2714 2242 2760 2349 loco
2716 2044 2757 2207 natum
2723 1870 2755 2008 esse:

2799 2654 2863 2853 „Nam
2797 2478 2845 2607 etsi
2810 2352 2858 2425 op
2798 2147 2839 2331 ertzcs
2787 1705 2852 2086 squalitate
2787 1581 2830 1642 et
2781 1329 2828 1516 luctu

2863 1648 2930 2131 horrificabili,

2960 2525 3023 2845 Profecto
2951 2320 3002 2491 haud
2964 1967 3016 2285 quaquam
2951 1836 2994 1931 est
2949 1600 2991 1784 ortus
2938 1326 2988 1566 medio-

3028 2028 3075 2127 cri
3043 1974 3073 1998 3
3022 1815 3074 1957 atu‘’
3020 1666 3084 1795 '‘**).

3115 2576 3170 2975 Commenticiam
3112 2317 3161 2529 fabulam
3148 2289 3170 2301 ‚
3108 2107 3171 2242 quasi
3125 2034 3154 2061 a
3105 1740 3169 2000 peregrino
3102 1611 3150 1703 sibi
3101 1323 3153 1576 narratam,

3200 2806 3256 2977 refert,
3197 2631 3254 2781 illum,
3210 2487 3242 2595 cum
3190 2240 3253 2464 Telepho
3188 2035 3236 2213 bellum
3190 1742 3249 2009 gerentem,
3196 1563 3245 1708 quum
3178 1321 3225 1528 classem

3278 2731 3341 2973 coegisset
3279 2648 3322 2698 et
3271 2426 3335 2614 proelio
3269 2238 3317 2390 navali
3267 1903 3328 2201 confligeret,
3264 1688 3311 1866 victum
3260 1319 3307 1644 vulneratum-

3374 2872 3421 2969 que
3370 2696 3403 2838 esse:

3432 2667 3495 2844 κώπης
3429 2406 3487 2631 ἀνάσσει,
3423 2132 3487 2369 κάποβὰς
3420 2048 3480 2095 ἐς
3418 1791 3469 2012 Μυσίαν

3509 2454 3576 2842 ἐτραυματίσθη
3503 2194 3571 2418 πολεμίῳ
3501 1902 3566 2158 βραχίονι.

3594 2778 3644 2968 Deletis
3592 2572 3656 2741 copiis,
3605 2389 3652 2538 regno
3593 2138 3642 2351 exutum,
3583 1903 3631 2100 mutatis
3579 1654 3627 1868 vestibus
3578 1313 3641 1616 profugisse:

3676 2773 3738 2968 ignotus
3671 2575 3719 2731 nautis
3686 2392 3732 2538 quum
3669 2309 3714 2357 in
3681 2107 3712 2274 narem
3662 1752 3717 2071 ascendisset,
3674 1599 3705 1716 nave
3658 1525 3705 1571 vi
3663 1310 3719 1498 tempe-

3755 2830 3803 2966 statis
3753 2754 3799 2813 ad
3751 2520 3799 2732 hostium
3749 2234 3796 2492 stationem
3744 2028 3799 2204 delata,
3740 1692 3805 1993 pereundum
3738 1472 3794 1664 fuisset,
3736 1353 3782 1445 nisi
3752 1307 3782 1334 a

3834 2769 3881 2964 domino
3830 2581 3884 2730 naviS‚
3829 2467 3874 2543 cui
3825 2140 3873 2433 necessitate
3826 1885 3885 2103 cogente,
3820 1745 3881 1850 quis
3823 1567 3875 1712 esset,
3815 1305 3880 1532 aperuis-

3917 2868 3971 2961 set,
3913 2522 3958 2836 conservatus
3912 2351 3954 2495 esset.
3904 2189 3950 2314 Eum
3902 2010 3960 2156 enim,
3897 1653 3947 1984 misericordia
3896 1541 3943 1629 viri
3899 1305 3958 1516 captum,

4007 2781 4038 2952 navem
3987 2577 4052 2745 procul
3989 2485 4034 2542 ab
3986 2236 4034 2450 hostium
3983 2045 4029 2199 classe
3979 1924 4028 2011 sub
3978 1640 4027 1885 montibus
3974 1307 4023 1606 occultasse:

4102 2841 4154 2885 *)
4103 2625 4156 2808 Fragm.
4100 2512 4140 2595 inc.
4113 2440 4139 2481 n.
4096 2316 4137 2411 102.

4171 2833 4222 2899 **)
4170 2698 4211 2803 Attii
4170 2502 4224 2667 fragm.
4182 2431 4208 2470 n.
4167 2360 4207 2400 3.
4163 2152 4206 2302 Bothii
4161 1774 4205 2122 emendationem
4156 1575 4199 1744 admisi.

4239 2832 4292 2916 ***)
4239 2698 4281 2803 Attii
4238 2511 4294 2673 fragm.
4251 2440 4279 2480 ιι.
4236 2342 4278 2409 10.
4238 2269 4276 2311 et
4233 2202 4275 2243 8.

3374 767 3500 778 ’,ΞΟ-τες
3539 776 3542 777 ⁷

3546 766 3719 777 -zraere--s
3769 768 3774 770 -
3798 766 3822 773 ,ι

3714 624 3740 632 ο

3486 748 3692 755 --ν-ἡ--ᾼ
3712 746 3895 754 A—m-*-

3751 730 3763 735 ι
3781 726 3841 735 -ο-
3879 724 3968 735 «ο...
3995 725 4019 731 —
4026 724 4170 734 *Qu--

3565 728 3656 735 --.„

3877 620 3942 631 -Ἷν
