5010 3336
3860 2112 3916 2235 414

3725 1335 3769 1434 tem
3715 1488 3769 1809 renovarunt,
3707 1856 3771 2248 conspiratione,
3716 2298 3766 2587 abstinentia
3713 2633 3755 2684 et
3694 2726 3758 3005 severitate,

3631 1332 3694 1478 orgiis
3629 1534 3694 1769 cultuque
3641 1824 3690 2055 bacchico
3624 2116 3687 2333 insignes
3622 2394 3680 2540 atque
3617 2597 3683 2852 Orpheum
3613 2915 3660 3005 pro

3566 1330 3614 1548 foederis
3563 1585 3607 1786 auctore
3549 1822 3610 2066 colentes3
3559 2105 3608 2167 cf.
3555 2189 3607 2380 Iloeck.
3559 2417 3604 2448 Ι.
3556 2485 3603 2515 l.
3553 2585 3601 2681 Aut
3550 2715 3600 2892 horum
3548 2924 3590 3007 aut

3471 1331 3534 1658 Orphicorum
3467 1708 3530 2066 depravationis
3477 2108 3525 2443 testimonium
3474 2491 3519 2651 exstat
3456 2698 3518 2827 apud
3468 2876 3518 3003 Plat.

3391 1331 3455 1454 Rep.
3389 1500 3435 1546 p.
3402 1584 3450 1697 364.
3404 1750 3449 1811 B:
3386 1862 3452 2083 ἀγύρται
3398 2132 3449 2187 δὲ
3397 2233 3448 2318 καὶ
3383 2355 3446 2563 μα’ντεις
3393 2608 3445 2688 ἐπὶ
3387 2735 3439 3005 πλουσίων

3312 1327 3375 1502 θύρας
3314 1536 3374 1701 ἰόντες
3308 1736 3372 2046 πείθουσιν,
3308 2088 3369 2157 ὡς
3316 2192 3368 2296 ἔστι
3302 2331 3365 2474 παρὰ
3299 2509 3362 2657 σφίσι
3295 2692 3370 2915 δύναμις
3307 2948 3360 3004 ἐκ

3244 1326 3293 1471 θεῶν
3226 1504 3292 1821 ποριζομένη
3228 1851 3289 2063 θυσίαις
3237 2098 3269 2151 τε
3236 2186 3287 2274 καὶ
3217 2303 3287 2526 ἐπῳδαῖς
3231 2562 3281 2659 εἴτε
3228 2699 3261 2748 τι
3211 2775 3279 3004 ἀδίκημά

3163 1326 3194 1422 του
3147 1470 3213 1683 γέγονεν
3158 1727 3210 1895 αὐτοῦ
3143 1930 3208 1962 ἢ
3141 2014 3204 2298 προγόνων
3150 2346 3203 2589 ἀκεῖσθαι
3147 2636 3195 2740 κτλ.
3146 2811 3194 3002 Eodem

3080 1326 3127 1429 sine
3080 1464 3128 1613 «lubio
3065 1649 3126 1898 pertinent
3062 1935 3125 2187 Euripidis
3073 2226 3120 2371 verba
3070 2408 3119 2562 haec:

3015 1457 3023 1515 —-
3013 1585 3022 1649 -ή
3014 1721 3020 1778 -
2988 1848 3051 1973 τοὺς
2996 2009 3047 2063 δὲ
2982 2098 3044 2374 τοιούτους
2976 2407 3044 2507 ἐγὼ

2904 1454 2970 1672 φεύγειν
2904 1706 2965 1975 προφωνῶ
2915 2011 2959 2162 πᾶσι·
2898 2199 2960 2495 θηρεύουσι
2894 2532 2959 2633 γὰρ

2824 1456 2885 1668 σεμνοῖς
2823 1701 2887 1963 λόγοισιν,
2819 2002 2884 2188 αἰσχρὰ
2815 2223 2879 2605 μηχανώμενοι.

2743 1321 2805 1580 Nunquam
2758 1616 2803 1808 maximi
2755 1844 2803 2068 facienda
2752 2105 2794 2218 sunt
2752 2254 2782 2310 ea
2740 2333 2761 2346 ,
2735 2397 2780 2520 quae
2730 2553 2795 2727 vulgus
2747 2763 2795 2879 colit
2746 2922 2794 2998 vel

2676 1320 2719 1487 sectae
2676 1523 2723 1827 eruditorum
2659 1863 2723 2175 familiaeque
2656 2213 2711 2513 sequuntur,
2653 2564 2700 2724 neque
2666 2773 2713 2897 ritus
2665 2950 2707 3001 et

2596 1317 2643 1539 instituta
2596 1586 2628 1783 servare
2594 1830 2625 1991 rerum
2591 2042 2639 2256 omnium
2588 2307 2636 2652 difficillimum
2587 2700 2630 2791 est.
2586 2870 2634 2998 Tum

2516 1318 2566 1516 Venere
2503 1540 2563 1802 abstinere,
2496 1830 2561 2094 praecipue
2512 2122 2557 2161 si
2495 2194 2556 2423 cupidine
2508 2452 2554 2582 nulla
2497 2613 2554 2838 vincaris,
2504 2868 2553 2998 eius-

2435 1317 2484 1452 modi
2426 1490 2478 1582 est,
2422 1619 2481 1747 quod
2418 1784 2481 1981 plurimi
2431 2017 2477 2231 assecuti
2428 2267 2476 2365 sint
2428 2401 2469 2450 et
2411 2478 2475 2620 vulgo
2412 2647 2468 2997 assequantur3

2355 1316 2398 1366 at
2356 1401 2398 1624 ruentem
2356 1658 2403 1706 in
2355 1735 2385 1788 se
2353 1817 2395 1966 totam
2350 2000 2398 2245 Venerem
2333 2283 2395 2363 qui
2334 2393 2394 2731 sustinuerint,
2344 2760 2393 2998 rarissimi

2267 1315 2321 1656 inveniuntur,
2274 1695 2322 1824 sicut
2261 1859 2304 2060 eorum,
2254 2114 2316 2193 qui
2252 2230 2315 2483 naufragio
2265 2521 2314 2652 sacto
2249 2687 2313 2854 plures
2264 2891 2312 2998 dies

2192 1314 2242 1457 undis
2194 1492 2242 1657 iactati
2182 1694 2234 1823 sunt,
2177 1860 2237 2145 pancissimi
2187 2174 2228 2448 evaserunt.
2186 2519 2233 2628 Non
2185 2666 2226 2797 esset
2170 2830 2231 2998 igitur,

2097 1314 2161 1442 quod
2097 1462 2161 1789 Hippolytum
2095 1824 2143 2119 magnopere
2093 2147 2155 2518 admiraremur,
2106 2557 2152 2597 si
2105 2624 2137 2787 merus
2089 2809 2152 2996 Pytha-

2018 1312 2065 1491 goreus
2034 1526 2075 1658 esset
2018 1691 2063 1851 neque
2030 1900 2079 2072 altiore
2014 2124 2075 2397 sapientiae
2011 2433 2074 2730 virtutisque
2025 2766 2072 2931 studio
2025 2968 2056 2996 e

1952 1312 1999 1453 turba
1953 1490 2001 1746 emineret.
1952 1816 2001 1915 Sed
1950 1950 1997 2103 multo
1935 2140 1994 2469 augustiorem
1946 2498 1994 2618 facit
1945 2653 1994 2873 accessio
1945 2908 1992 2996 bo·-

1861 1312 1904 1502 norum,
1858 1538 1905 1660 quae
1873 1696 1904 1757 ex
1873 1792 1919 1868 sui
1872 1901 1917 2047 animi
1868 2074 1918 2251 divitiis
1851 2281 1914 2536 depromta
1865 2571 1912 2802 adiiciens
1864 2825 1907 2996 noster

1777 1313 1841 1578 sapientiae
1778 1624 1839 1914 virtutisque
1774 1964 1836 2216 exemplar
1773 2263 1819 2406 quam
1785 2460 1832 2670 maxime
1770 2717 1834 2994 perfectum

1696 1313 1761 1551 effingere
1709 1586 1759 1787 studuit.

1631 1444 1681 1595 Venit
1616 1642 1678 1792 igitur
1615 1844 1678 2142 Hippolytus
1613 2192 1659 2388 eorum,
1609 2439 1656 2563 quae
1625 2611 1673 2807 interim
1609 2855 1666 2995 gesta

1539 1313 1594 1438 sunt,
1536 1475 1598 1618 plane
1538 1653 1597 1853 inscius,
1535 1893 1597 2032 culpa
1534 2064 1596 2357 liberrimus,
1529 2389 1593 2759 obstupefactus
1544 2797 1591 2993 calami-

1471 1312 1513 1413 tate
1471 1449 1513 1500 et
1471 1532 1517 1591 ad
1470 1620 1516 1940 communiter
1451 1967 1515 2333 suscipiendum
1466 2363 1513 2581 dolorem
1449 2610 1506 2824 paratuS.
1464 2868 1511 2992 Eam

1391 1311 1422 1428 vero
1375 1465 1437 1815 impudentiam
1388 1845 1436 1994 etiam
1378 2024 1434 2230 scelere,
1371 2269 1431 2399 quod
1371 2418 1432 2739 commiserit,
1368 2768 1431 2991 superio-

1310 1310 1342 1415 rem
1310 1454 1342 1565 esse
1294 1601 1352 1740 putat
1294 1774 1349 1930 pater.
1293 2000 1355 2169 Itaque
1305 2203 1353 2343 initio
1289 2377 1353 2711 indignatione
1304 2733 1336 2903 vocem
1303 2941 1347 2992 et

1215 1311 1273 1510 stupore
1214 1544 1277 1911 praecludente,
1226 1949 1275 2197 insidianti
1214 2237 1273 2423 similis,
1224 2460 1272 2645 vultum
1224 2672 1271 2720 in
1223 2746 1271 2991 scelerato

1134 1310 1198 1432 figit.
1150 1503 1198 1691 Deinde
1149 1728 1197 1860 solus
1147 1882 1180 2051 secum
1145 2072 1188 2341 monstrum
1144 2365 1192 2574 hominis
1144 2609 1191 2839 miratur:
1144 2878 1177 2989 esse

1054 1311 1117 1391 qui
1055 1429 1101 1577 quum
1069 1612 1116 1759 miras
1053 1796 1109 1941 atque
1064 1965 1113 2283 incredibiles
1065 2310 1106 2440 artes
1065 2468 1111 2514 in
1065 2552 1095 2743 cassum
1051 2780 1112 2988 discant,

973 1310 1036 1627 sapientiam,
989 1673 1020 1775 rem
986 1827 1033 2041 omnium
984 2090 1031 2301 maxime
974 2335 1032 2690 necessariam,
969 2728 1031 2986 negligant,

896 1310 957 1418 quis
893 1464 954 1729 putasset?
907 1800 949 1894 tam
904 1942 953 2169 fallacem
889 2219 952 2475 probitatis
904 2529 953 2889 simulationem
905 2936 951 2986 in

829 1308 872 1443 tanta
828 1478 861 1667 morum
826 1695 875 1936 foeditate
823 1970 871 2173 inveniri
809 2208 871 2460 indignum
825 2499 872 2637 esse!
823 2708 872 2984 Obsecran-

749 1308 791 1410 tem
734 1444 796 1614 filium,
748 1652 791 1703 ut
746 1736 794 1886 missa
743 1921 792 2249 meditationis
735 2287 792 2571 subtilitate,
729 2608 776 2749 quam
728 2788 793 2983 quidem

654 1307 717 1429 ipse,
652 1446 716 1573 quod
650 1590 713 1929 praesentibus
662 1946 712 2093 rebus
647 2114 695 2285 parum
662 2303 711 2561 convenire
650 2580 711 2789 videtur,
662 2808 712 2985 merito
