5010 3336
3822 2095 3878 2219 224

3693 1315 3728 1480 sorum
3692 1516 3743 1640 fines
3689 1676 3736 1726 et
3688 1758 3737 1819 ab
3686 1854 3737 2010 altera
3668 2044 3727 2186 parte
3680 2220 3730 2282 ad
3662 2318 3728 2566 Aegaeum
3667 2590 3706 2744 mare.
3661 2807 3714 2995 Eadem

3612 1312 3663 1607 liberalitate
3610 1641 3643 1769 nunc
3605 1821 3658 2026 Herculi
3600 2075 3649 2272 domum
3580 2321 3644 2570 patuisse,
3588 2619 3636 2788 uxoris
3580 2834 3624 2994 morte

3519 1309 3583 1584 funestam,
3530 1636 3574 1688 et
3514 1735 3562 1991 repressas
3521 2027 3555 2138 esse
3517 2173 3568 2399 lacrimas
3508 2435 3558 2730 verecundia
3490 2766 3556 2991 hospitis.

3453 1307 3505 1515 Tantam
3434 1564 3496 1951 generositatem
3442 1998 3476 2094 non
3435 2149 3488 2440 destitutum
3433 2479 3481 2537 iri
3414 2572 3478 2717 (ligno
3410 2750 3469 2990 praemio,

3374 1307 3417 1360 et
3357 1394 3421 1675 perfectum
3369 1720 3416 1780 iri
3366 1827 3414 1972 huius
3345 2022 3411 2232 hospitis
3341 2268 3398 2410 grato
3351 2444 3400 2606 animo
3331 2643 3381 2765 opus
3327 2801 3392 2988 Apolli-

3294 1302 3343 1379 nis
3290 1416 3341 1753 benevolentia
3269 1789 3335 2090 inchoatum,
3260 2126 3323 2377 praesagit
3269 2412 3320 2618 animus.

3199 1433 3260 1649 Quartus
3208 1685 3251 1822 actus
3201 1859 3251 2118 conficitur
3199 2154 3247 2214 iis
3181 2251 3241 2431 rebus,
3177 2486 3222 2611 quae
3185 2658 3236 2789 inter
3182 2836 3232 2984 sunus

3131 1297 3182 1564 Alcestidis
3114 1599 3171 1822 aguntur.
3124 1892 3174 1958 Et
3107 2003 3169 2216 primum
3102 2254 3162 2447 quidem
3109 2486 3159 2607 ultio
3091 2644 3152 2882 quaedam
3102 2921 3150 2981 ab

3050 1294 3103 1698 interfectoribus
3046 1734 3094 1860 illius
3044 1896 3092 1943 in
3027 1970 3091 2077 ipso
3026 2106 3088 2296 funere,
3019 2333 3070 2595 praesente
3024 2620 3068 2844 mortuae
3022 2871 3054 2980 cor-

2957 1293 3006 1430 pore,
2957 1466 3019 1675 exigitur
2967 1711 3010 1760 et
2964 1790 3011 1961 merita
2946 1996 2993 2154 poena
2952 2189 3005 2475 afficiuntur
2937 2510 2997 2560 ii,
2933 2598 2979 2803 quorum
2926 2841 2990 2979 igna-

2893 1289 2942 1367 via
2876 1418 2934 1563 atque
2873 1609 2934 1825 nequitia
2882 1870 2932 2057 factum
2868 2109 2919 2216 est,
2874 2282 2916 2336 ut
2865 2381 2918 2762 matrisfamilias
2860 2817 2903 2979 morte

2813 1289 2857 1391 tota
2808 1438 2859 1611 domus
2800 1662 2854 2061 confunderetur.
2795 2129 2847 2329 Etenim
2786 2381 2837 2657 conditione
2767 2701 2828 2973 proposita,

2732 1286 2775 1343 ut
2715 1375 2763 1466 pro
2725 1502 2777 1758 universae
2721 1793 2773 2005 familiae
2717 2041 2767 2196 salute
2714 2233 2761 2378 morti
2711 2417 2745 2471 se
2705 2507 2755 2711 offerret
2690 2737 2753 2796 is,
2700 2835 2748 2971 cuius

2653 1283 2700 1334 in
2650 1382 2698 1478 vita
2645 1528 2695 1779 minimum
2642 1819 2685 1953 esset
2639 1989 2686 2050 ad
2633 2089 2687 2375 felicitatem
2616 2411 2679 2714 reliquorum
2621 2750 2656 2970 momen—

2559 1282 2617 1414 tum,
2553 1466 2614 1677 proximi
2561 1712 2612 1915 fuerunt
2559 1948 2608 2061 huic
2553 2096 2602 2383 necessitati
2546 2421 2597 2706 subeundae
2529 2740 2584 2971 parentes

2473 1278 2538 1561 grandaevi,
2486 1597 2534 1646 in
2470 1682 2517 1885 quorum
2465 1923 2511 2132 persona
2472 2166 2523 2364 minima
2454 2400 2501 2515 pars
2465 2547 2514 2717 salutis
2462 2743 2496 2967 commu-

2410 1277 2458 1353 nis
2394 1388 2457 1655 niteretur,
2395 1711 2450 2131 administratione
2394 2170 2436 2219 et
2391 2252 2438 2324 rei
2386 2357 2438 2612 familiaris
2385 2650 2427 2699 et
2367 2733 2429 2871 regni
2381 2907 2428 2967 li-

2329 1275 2377 1407 beris
2312 1441 2374 1649 tradita,
2322 1697 2365 1799 tum
2304 1839 2366 2013 quibus
2299 2049 2360 2238 proprii
2308 2276 2356 2441 auxilii
2288 2476 2352 2810 praesidiique
2284 2847 2333 2961 spes

2249 1272 2297 1405 nulla
2228 1439 2294 1827 relinqueretur,
2238 1864 2284 2009 unico
2234 2046 2283 2150 filio
2229 2187 2280 2362 iuvene
2211 2398 2274 2627 privatis,
2222 2666 2266 2716 et
2206 2753 2267 2834 qui
2218 2869 2265 2961 mi-

2168 1272 2216 1403 nimo
2165 1439 2210 1612 aetatis
2159 1652 2211 1813 fructu
2139 1850 2205 2214 fraudarentur,
2148 2251 2197 2300 in
2146 2329 2196 2496 limine
2142 2523 2191 2654 vitae
2134 2684 2186 2958 constituti.

2076 1271 2137 1463 Quibus
2081 1511 2132 1730 officium
2061 1778 2126 2152 deserentibus,
2067 2217 2117 2432 Alcestis
2064 2480 2097 2577 non
2046 2622 2093 2712 pro
2043 2761 2105 2958 marito,

2009 1269 2055 1359 sed
1992 1395 2038 1485 pro
1989 1520 2048 1810 parentibus
1996 1847 2042 2009 mariti
1978 2043 2038 2356 nequissimis
1983 2393 2026 2603 mortem
1964 2642 2027 2833 obisse,
1975 2881 2023 2958 vel

1913 1265 1976 1433 potius
1923 1486 1973 1677 nefario
1919 1713 1967 1904 scelere
1918 1940 1964 1999 ab
1914 2034 1962 2110 his
1908 2146 1959 2407 interfecta
1904 2443 1937 2554 esse
1899 2588 1949 2797 videtur.
1895 2868 1942 2953 At-

1834 1264 1896 1347 qui
1832 1402 1895 1638 pietatem
1839 1685 1890 1886 Admeti
1836 1930 1868 2026 non
1833 2072 1880 2233 minus
1813 2281 1868 2540 parentes,
1807 2587 1854 2732 quam
1802 2777 1865 2953 reliqui

1768 1264 1817 1373 eius
1765 1408 1814 1553 amici
1742 1588 1806 1987 necessariique,
1737 2038 1798 2231 experti
1733 2267 1790 2434 erant,
1729 2480 1776 2571 per
1726 2606 1789 2801 longum
1722 2838 1769 2950 spa-

1687 1260 1736 1385 tium
1682 1423 1729 1692 senectutis
1665 1727 1727 1809 pie
1663 1847 1724 1996 culti,
1669 2035 1716 2295 sustentati
1667 2331 1708 2380 et
1666 2415 1713 2474 ab
1661 2510 1710 2699 iniuriis
1655 2737 1707 2947 defensi.

1595 1260 1656 1447 Quibus
1600 1484 1651 1739 beneficiis
1581 1774 1644 2030 neglectis,
1578 2068 1624 2217 quum
1574 2254 1636 2381 filio,
1583 2420 1632 2556 cuius
1579 2592 1627 2748 tutela
1574 2784 1620 2948 securi

1512 1257 1568 1422 erant,
1523 1473 1555 1527 se
1506 1562 1568 1743 privari
1502 1789 1565 1886 ipsi
1498 1930 1562 2198 voluerint,
1507 2246 1556 2351 iure
1504 2386 1536 2443 ac
1487 2478 1546 2797 possessione
1493 2857 1526 2943 sua

1446 1254 1494 1385 ultro
1437 1434 1481 1707 cesserunt.
1420 1778 1486 1952 Neque
1432 1999 1478 2127 enim
1424 2174 1477 2415 Admetus
1406 2451 1468 2661 amplius
1418 2710 1466 2827 vivit
1402 2862 1462 2939 iis,

1352 1253 1399 1463 quorum
1357 1500 1409 1751 voluntate
1352 1786 1397 2013 mortuus
1338 2050 1393 2140 est,
1333 2177 1380 2338 neque
1327 2374 1390 2639 quidquam
1337 2672 1386 2825 officii
1334 2851 1382 2939 de-

1286 1249 1334 1334 bet
1271 1368 1331 1444 iis,
1267 1482 1329 1564 qui
1275 1600 1326 1764 vivere
1274 1802 1306 1913 cum
1255 1950 1318 2257 turpitudine
1249 2291 1308 2440 atque
1244 2475 1308 2753 ignominia,
1239 2792 1285 2934 quam

1192 1247 1254 1419 filium,
1199 1458 1249 1632 domus
1179 1670 1243 1965 columnam,
1187 2004 1222 2200 servare
1178 2224 1232 2520 maluerunt.
1176 2589 1226 2728 Haec
1170 2753 1222 2936 Adme-

1158 1209 1161 1211 ‘
1126 1246 1171 1326 tus
1107 1364 1167 1630 exprobrat
1101 1665 1161 1795 patri
1112 1830 1159 1891 ad
1094 1928 1143 2107 corpus
1090 2144 1149 2394 mortuae,
1100 2431 1149 2548 dum
1079 2585 1146 2823 effertur,
1091 2859 1138 2933 in-

1030 1245 1095 1372 signi
1043 1408 1075 1520 cum
1023 1555 1087 1857 impudentia
1027 1891 1077 2148 accedenti
1026 2175 1057 2232 ac
1022 2260 1071 2387 dona
1000 2412 1059 2797 ornamentaque
1010 2821 1043 2929 cum

962 1242 1014 1563 honestorum
953 1600 1002 1861 verborum
932 1897 982 2078 pompa
933 2112 994 2363 afferenti,
927 2400 988 2575 quibus
934 2611 984 2733 facti
914 2770 977 2927 turpi-

882 1241 932 1459 tudinem
864 1486 912 1699 purgare
870 1726 913 1945 conatur.
849 2005 915 2242 =Caussam
860 2268 912 2457 Pheres
855 2481 906 2704 defendit
850 2735 900 2926 duobus

788 1240 847 1559 argumentiS,
796 1596 844 1716 satis
788 1752 841 1994 infirmis:
785 2032 833 2166 nulla
767 2200 830 2310 lege
767 2345 823 2511 patres
760 2537 807 2626 pro
774 2653 822 2767 filiis
771 2790 803 2923 mor-

723 1238 769 1339 tem
720 1376 769 1511 obire
703 1547 766 1732 iuberi3
694 1779 758 1980 reliquis
693 2030 753 2240 officiis,
686 2292 733 2416 quae
695 2453 745 2662 civitatis
690 2698 740 2920 instituto

621 1236 687 1649 praescribantur,
635 1686 667 1712 a
631 1744 666 1799 se
625 1827 675 2052 omnibus
619 2079 671 2388 satisfactum
613 2413 650 2539 esse.
612 2612 663 2742 Tum
609 2772 660 2919 vitam
