<?xml version="1.0" encoding="UTF-8"?>
<!DOCTYPE html PUBLIC "-//W3C//DTD XHTML 1.0 Transitional//EN"
    "http://www.w3.org/TR/xhtml1/DTD/xhtml1-transitional.dtd">
<html xmlns="http://www.w3.org/1999/xhtml" xml:lang="en" lang="en">
 <head>
  <title>
</title>
<meta http-equiv="Content-Type" content="text/html;charset=utf-8" />
  <meta name='ocr-system' content='tesseract 3.04.00' />
  <meta name='ocr-capabilities' content='ocr_page ocr_carea ocr_par ocr_line ocrx_word'/>
</head>
<body>
  <div class='ocr_page' id='page_1' title='image "./euripidesrestitu00hartuoft_raw_0328.png"; bbox 0 0 5010 3336; ppageno 0'>
   <div class='ocr_carea' id='block_1_1' title="bbox 3775 0 5010 3332">
    <p class='ocr_par' dir='ltr' id='par_1_1' title="bbox 3775 0 5010 3332">
     <span class='ocr_line' id='line_1_1' title="bbox 3775 0 5010 3332; textangle 270"><span class='ocrx_word' id='word_1_1' title='bbox 3775 0 5010 3332; x_wconf 95' lang='lat' dir='ltr'><strong> </strong></span> 
     </span>
    </p>
   </div>
   <div class='ocr_carea' id='block_1_2' title="bbox 3807 2048 3864 2171">
    <p class='ocr_par' dir='ltr' id='par_1_2' title="bbox 3807 2048 3864 2171">
     <span class='ocr_line' id='line_1_2' title="bbox 3807 2048 3864 2171; textangle 270"><span class='ocrx_word' id='word_1_2' title='bbox 3807 2048 3864 2171; x_wconf 83' lang='lat'><strong>310</strong></span> 
     </span>
    </p>
   </div>
   <div class='ocr_carea' id='block_1_3' title="bbox 602 1259 3719 2964">
    <p class='ocr_par' dir='ltr' id='par_1_3' title="bbox 3025 1268 3719 2964">
     <span class='ocr_line' id='line_1_3' title="bbox 3647 1406 3719 2963; textangle 270"><span class='ocrx_word' id='word_1_3' title='bbox 3668 1406 3717 1508; x_wconf 88' lang='lat' dir='ltr'><strong>Iam</strong></span> <span class='ocrx_word' id='word_1_4' title='bbox 3668 1561 3718 1692; x_wconf 86' lang='lat' dir='ltr'><strong>venit</strong></span> <span class='ocrx_word' id='word_1_5' title='bbox 3654 1739 3713 1936; x_wconf 90' lang='lat' dir='ltr'><strong>tempus</strong></span> <span class='ocrx_word' id='word_1_6' title='bbox 3668 1988 3719 2351; x_wconf 86' lang='lat' dir='ltr'><strong>decretorium:</strong></span> <span class='ocrx_word' id='word_1_7' title='bbox 3667 2402 3717 2596; x_wconf 88' lang='lat' dir='ltr'><strong>collatis</strong></span> <span class='ocrx_word' id='word_1_8' title='bbox 3666 2646 3715 2775; x_wconf 89' lang='lat' dir='ltr'><strong>enim</strong></span> <span class='ocrx_word' id='word_1_9' title='bbox 3647 2810 3713 2963; x_wconf 83' lang='lat' dir='ltr'><strong>signis</strong></span> 
     </span>
     <span class='ocr_line' id='line_1_4' title="bbox 3568 1272 3638 2962; textangle 270"><span class='ocrx_word' id='word_1_10' title='bbox 3585 1272 3635 1523; x_wconf 85' lang='lat' dir='ltr'><strong>exercitus</strong></span> <span class='ocrx_word' id='word_1_11' title='bbox 3588 1573 3635 1896; x_wconf 82' lang='lat' dir='ltr'><strong>cummaxime</strong></span> <span class='ocrx_word' id='word_1_12' title='bbox 3572 1943 3638 2227; x_wconf 82' lang='lat' dir='ltr'>depugnare</span> <span class='ocrx_word' id='word_1_13' title='bbox 3570 2279 3637 2619; x_wconf 82' lang='lat' dir='ltr'><strong>intelligimus.</strong></span> <span class='ocrx_word' id='word_1_14' title='bbox 3586 2691 3635 2801; x_wconf 89' lang='lat' dir='ltr'><strong>Hoc</strong></span> <span class='ocrx_word' id='word_1_15' title='bbox 3568 2846 3617 2962; x_wconf 89' lang='lat' dir='ltr'><strong>spa-</strong></span> 
     </span>
     <span class='ocr_line' id='line_1_5' title="bbox 3490 1273 3558 2962; textangle 270"><span class='ocrx_word' id='word_1_16' title='bbox 3505 1273 3553 1395; x_wconf 83' lang='lat' dir='ltr'><strong>tium</strong></span> <span class='ocrx_word' id='word_1_17' title='bbox 3491 1447 3555 1686; x_wconf 90' lang='lat' dir='ltr'><strong>temporis</strong></span> <span class='ocrx_word' id='word_1_18' title='bbox 3509 1736 3558 1952; x_wconf 77' lang='lat' dir='ltr'><strong>carmine</strong></span> <span class='ocrx_word' id='word_1_19' title='bbox 3509 1988 3556 2127; x_wconf 88' lang='lat' dir='ltr'><strong>chori</strong></span> <span class='ocrx_word' id='word_1_20' title='bbox 3491 2163 3555 2417; x_wconf 90' lang='lat' dir='ltr'><strong>aptissimo</strong></span> <span class='ocrx_word' id='word_1_21' title='bbox 3490 2454 3554 2845; x_wconf 81' lang='lat' dir='ltr'><strong>gravissimoque</strong></span> <span class='ocrx_word' id='word_1_22' title='bbox 3504 2877 3537 2962; x_wconf 82' lang='lat' dir='ltr'><strong>ex-</strong></span> 
     </span>
     <span class='ocr_line' id='line_1_6' title="bbox 3410 1271 3478 2964; textangle 270"><span class='ocrx_word' id='word_1_23' title='bbox 3410 1271 3474 1466; x_wconf 77' lang='lat' dir='ltr'><strong>pletur,</strong></span> <span class='ocrx_word' id='word_1_24' title='bbox 3412 1504 3461 1676; x_wconf 83' lang='lat' dir='ltr'><strong>preces</strong></span> <span class='ocrx_word' id='word_1_25' title='bbox 3429 1712 3478 2009; x_wconf 82' lang='lat' dir='ltr'><strong>facientibus</strong></span> <span class='ocrx_word' id='word_1_26' title='bbox 3427 2048 3475 2249; x_wconf 87' lang='lat' dir='ltr'><strong>senibus</strong></span> <span class='ocrx_word' id='word_1_27' title='bbox 3416 2284 3459 2395; x_wconf 80' lang='lat' dir='ltr'><strong>eas,</strong></span> <span class='ocrx_word' id='word_1_28' title='bbox 3412 2445 3474 2623; x_wconf 86' lang='lat' dir='ltr'><strong>quibus</strong></span> <span class='ocrx_word' id='word_1_29' title='bbox 3425 2660 3468 2712; x_wconf 90' lang='lat' dir='ltr'><strong>et</strong></span> <span class='ocrx_word' id='word_1_30' title='bbox 3423 2746 3472 2964; x_wconf 82' lang='lat' dir='ltr'><strong>iustitiae</strong></span> 
     </span>
     <span class='ocr_line' id='line_1_7' title="bbox 3329 1271 3395 2963; textangle 270"><span class='ocrx_word' id='word_1_31' title='bbox 3345 1271 3395 1651; x_wconf 84' lang='lat' dir='ltr'><strong>Atheniensium</strong></span> <span class='ocrx_word' id='word_1_32' title='bbox 3332 1689 3380 1778; x_wconf 90' lang='lat' dir='ltr'><strong>pro</strong></span> <span class='ocrx_word' id='word_1_33' title='bbox 3333 1817 3395 2122; x_wconf 86' lang='lat' dir='ltr'><strong>supplicibus</strong></span> <span class='ocrx_word' id='word_1_34' title='bbox 3331 2159 3395 2539; x_wconf 80' lang='lat' dir='ltr'><strong>periclitantium</strong></span> <span class='ocrx_word' id='word_1_35' title='bbox 3333 2568 3392 2651; x_wconf 73' lang='lat' dir='ltr'><strong>dii,</strong></span> <span class='ocrx_word' id='word_1_36' title='bbox 3329 2688 3391 2843; x_wconf 88' lang='lat' dir='ltr'><strong>quiin</strong></span> <span class='ocrx_word' id='word_1_37' title='bbox 3344 2876 3376 2963; x_wconf 88' lang='lat' dir='ltr'><strong>au-</strong></span> 
     </span>
     <span class='ocr_line' id='line_1_8' title="bbox 3250 1270 3315 2961; textangle 270"><span class='ocrx_word' id='word_1_38' title='bbox 3266 1270 3314 1440; x_wconf 83' lang='lat' dir='ltr'><strong>xilium</strong></span> <span class='ocrx_word' id='word_1_39' title='bbox 3255 1476 3309 1742; x_wconf 79' lang='lat' dir='ltr'><strong>vocantur,</strong></span> <span class='ocrx_word' id='word_1_40' title='bbox 3268 1779 3309 1830; x_wconf 89' lang='lat' dir='ltr'><strong>et</strong></span> <span class='ocrx_word' id='word_1_41' title='bbox 3252 1863 3315 2085; x_wconf 82' lang='lat' dir='ltr'><strong>reliquae</strong></span> <span class='ocrx_word' id='word_1_42' title='bbox 3266 2123 3313 2390; x_wconf 89' lang='lat' dir='ltr'><strong>eorundem</strong></span> <span class='ocrx_word' id='word_1_43' title='bbox 3250 2427 3313 2625; x_wconf 89' lang='lat' dir='ltr'><strong>pietatis</strong></span> <span class='ocrx_word' id='word_1_44' title='bbox 3262 2662 3310 2961; x_wconf 85' lang='lat' dir='ltr'><strong>admonean-</strong></span> 
     </span>
     <span class='ocr_line' id='line_1_9' title="bbox 3170 1271 3236 2959; textangle 270"><span class='ocrx_word' id='word_1_45' title='bbox 3175 1271 3229 1375; x_wconf 77' lang='lat' dir='ltr'><strong>tur3</strong></span> <span class='ocrx_word' id='word_1_46' title='bbox 3186 1411 3235 1556; x_wconf 87' lang='lat' dir='ltr'><strong>simul</strong></span> <span class='ocrx_word' id='word_1_47' title='bbox 3187 1576 3236 1840; x_wconf 85' lang='lat' dir='ltr'><strong>multitudo</strong></span> <span class='ocrx_word' id='word_1_48' title='bbox 3171 1864 3229 2013; x_wconf 89' lang='lat' dir='ltr'><strong>atque</strong></span> <span class='ocrx_word' id='word_1_49' title='bbox 3170 2047 3233 2267; x_wconf 84' lang='lat' dir='ltr'><strong>potentia</strong></span> <span class='ocrx_word' id='word_1_50' title='bbox 3186 2301 3233 2515; x_wconf 84' lang='lat' dir='ltr'><strong>hostium</strong></span> <span class='ocrx_word' id='word_1_51' title='bbox 3183 2551 3232 2959; x_wconf 88' lang='lat' dir='ltr'><strong>bellicosissimo-</strong></span> 
     </span>
     <span class='ocr_line' id='line_1_10' title="bbox 3092 1268 3155 2962; textangle 270"><span class='ocrx_word' id='word_1_52' title='bbox 3106 1268 3138 1377; x_wconf 91' lang='lat' dir='ltr'><strong>rum</strong></span> <span class='ocrx_word' id='word_1_53' title='bbox 3105 1412 3154 1463; x_wconf 88' lang='lat' dir='ltr'><strong>in</strong></span> <span class='ocrx_word' id='word_1_54' title='bbox 3106 1496 3155 1781; x_wconf 82' lang='lat' dir='ltr'><strong>memoriam</strong></span> <span class='ocrx_word' id='word_1_55' title='bbox 3105 1818 3149 2075; x_wconf 90' lang='lat' dir='ltr'><strong>revocatur</strong></span> <span class='ocrx_word' id='word_1_56' title='bbox 3092 2110 3152 2209; x_wconf 75' lang='lat' dir='ltr'><strong>sic,</strong></span> <span class='ocrx_word' id='word_1_57' title='bbox 3105 2256 3147 2311; x_wconf 90' lang='lat' dir='ltr'><strong>ut</strong></span> <span class='ocrx_word' id='word_1_58' title='bbox 3104 2346 3151 2409; x_wconf 90' lang='lat' dir='ltr'><strong>de</strong></span> <span class='ocrx_word' id='word_1_59' title='bbox 3103 2457 3146 2631; x_wconf 84' lang='lat' dir='ltr'><strong>eventu</strong></span> <span class='ocrx_word' id='word_1_60' title='bbox 3100 2679 3151 2962; x_wconf 84' lang='lat' dir='ltr'><strong>certaminis</strong></span> 
     </span>
     <span class='ocr_line' id='line_1_11' title="bbox 3025 1269 3075 1786; textangle 270"><span class='ocrx_word' id='word_1_61' title='bbox 3025 1269 3074 1468; x_wconf 85' lang='lat' dir='ltr'><strong>solliciti</strong></span> <span class='ocrx_word' id='word_1_62' title='bbox 3026 1502 3075 1786; x_wconf 84' lang='lat' dir='ltr'><strong>habeamur.</strong></span> 
     </span>
    </p>

    <p class='ocr_par' dir='ltr' id='par_1_4' title="bbox 1020 1260 2995 2960">
     <span class='ocr_line' id='line_1_12' title="bbox 2925 1403 2995 2959; textangle 270"><span class='ocrx_word' id='word_1_63' title='bbox 2934 1403 2994 1618; x_wconf 81' lang='lat' dir='ltr'><strong>Quartus</strong></span> <span class='ocrx_word' id='word_1_64' title='bbox 2947 1670 2988 1809; x_wconf 89' lang='lat' dir='ltr'><strong>actus</strong></span> <span class='ocrx_word' id='word_1_65' title='bbox 2946 1856 2995 2006; x_wconf 87' lang='lat' dir='ltr'><strong>habet</strong></span> <span class='ocrx_word' id='word_1_66' title='bbox 2925 2039 2994 2434; x_wconf 81' lang='grc' dir='ltr'><strong><em>καταστροφήν.</em></strong></span> <span class='ocrx_word' id='word_1_67' title='bbox 2926 2505 2991 2772; x_wconf 85' lang='lat' dir='ltr'><strong>Postquam</strong></span> <span class='ocrx_word' id='word_1_68' title='bbox 2925 2807 2990 2959; x_wconf 83' lang='lat' dir='ltr'><strong>igitur</strong></span> 
     </span>
     <span class='ocr_line' id='line_1_13' title="bbox 2844 1269 2916 2959; textangle 270"><span class='ocrx_word' id='word_1_69' title='bbox 2865 1269 2916 1489; x_wconf 86' lang='lat' dir='ltr'><strong>secundo</strong></span> <span class='ocrx_word' id='word_1_70' title='bbox 2868 1536 2910 1652; x_wconf 91' lang='lat' dir='ltr'><strong>actu</strong></span> <span class='ocrx_word' id='word_1_71' title='bbox 2850 1708 2915 1946; x_wconf 89' lang='lat' dir='ltr'><strong>populum</strong></span> <span class='ocrx_word' id='word_1_72' title='bbox 2863 1998 2912 2371; x_wconf 85' lang='lat' dir='ltr'><strong>Atheniensium</strong></span> <span class='ocrx_word' id='word_1_73' title='bbox 2862 2430 2910 2581; x_wconf 86' lang='lat' dir='ltr'><strong>armis</strong></span> <span class='ocrx_word' id='word_1_74' title='bbox 2861 2636 2909 2813; x_wconf 86' lang='lat' dir='ltr'><strong>sumtis</strong></span> <span class='ocrx_word' id='word_1_75' title='bbox 2844 2867 2893 2959; x_wconf 88' lang='lat' dir='ltr'><strong>pro</strong></span> 
     </span>
     <span class='ocr_line' id='line_1_14' title="bbox 2766 1269 2835 2959; textangle 270"><span class='ocrx_word' id='word_1_76' title='bbox 2770 1269 2835 1571; x_wconf 89' lang='lat' dir='ltr'><strong>supplicibus</strong></span> <span class='ocrx_word' id='word_1_77' title='bbox 2787 1606 2834 1655; x_wconf 88' lang='lat' dir='ltr'><strong>in</strong></span> <span class='ocrx_word' id='word_1_78' title='bbox 2784 1693 2829 1947; x_wconf 89' lang='lat' dir='ltr'><strong>certamen</strong></span> <span class='ocrx_word' id='word_1_79' title='bbox 2773 1983 2833 2401; x_wconf 89' lang='lat' dir='ltr'><strong>descendentem,</strong></span> <span class='ocrx_word' id='word_1_80' title='bbox 2781 2438 2829 2593; x_wconf 89' lang='lat' dir='ltr'><strong>altero</strong></span> <span class='ocrx_word' id='word_1_81' title='bbox 2766 2627 2828 2867; x_wconf 81' lang='lat' dir='ltr'><strong>virginem</strong></span> <span class='ocrx_word' id='word_1_82' title='bbox 2780 2903 2812 2959; x_wconf 90' lang='lat' dir='ltr'><strong>se</strong></span> 
     </span>
     <span class='ocr_line' id='line_1_15' title="bbox 2686 1267 2755 2958; textangle 270"><span class='ocrx_word' id='word_1_83' title='bbox 2690 1267 2739 1359; x_wconf 90' lang='lat' dir='ltr'><strong>pro</strong></span> <span class='ocrx_word' id='word_1_84' title='bbox 2707 1394 2755 1589; x_wconf 86' lang='lat' dir='ltr'><strong>victima</strong></span> <span class='ocrx_word' id='word_1_85' title='bbox 2693 1626 2754 1945; x_wconf 69' lang='lat' dir='ltr'><strong>offerentem,</strong></span> <span class='ocrx_word' id='word_1_86' title='bbox 2704 1999 2751 2150; x_wconf 90' lang='lat' dir='ltr'><strong>tertio</strong></span> <span class='ocrx_word' id='word_1_87' title='bbox 2703 2202 2735 2370; x_wconf 89' lang='lat' dir='ltr'><strong>senem</strong></span> <span class='ocrx_word' id='word_1_88' title='bbox 2687 2419 2734 2509; x_wconf 90' lang='lat' dir='ltr'><strong>pro</strong></span> <span class='ocrx_word' id='word_1_89' title='bbox 2686 2545 2750 2842; x_wconf 88' lang='lat' dir='ltr'><strong>pupillorum</strong></span> <span class='ocrx_word' id='word_1_90' title='bbox 2700 2879 2733 2958; x_wconf 90' lang='lat' dir='ltr'><strong>sa-</strong></span> 
     </span>
     <span class='ocr_line' id='line_1_16' title="bbox 2609 1267 2675 2958; textangle 270"><span class='ocrx_word' id='word_1_91' title='bbox 2627 1267 2674 1370; x_wconf 90' lang='lat' dir='ltr'><strong>lute</strong></span> <span class='ocrx_word' id='word_1_92' title='bbox 2626 1403 2675 1533; x_wconf 87' lang='lat' dir='ltr'><strong>vitae</strong></span> <span class='ocrx_word' id='word_1_93' title='bbox 2609 1567 2673 1841; x_wconf 87' lang='lat' dir='ltr'><strong>periculum</strong></span> <span class='ocrx_word' id='word_1_94' title='bbox 2623 1879 2671 2144; x_wconf 88' lang='lat' dir='ltr'><strong>adeuntem</strong></span> <span class='ocrx_word' id='word_1_95' title='bbox 2610 2180 2669 2423; x_wconf 75' lang='lat' dir='ltr'><strong>vidimus,</strong></span> <span class='ocrx_word' id='word_1_96' title='bbox 2622 2473 2669 2568; x_wconf 91' lang='lat' dir='ltr'><strong>iam</strong></span> <span class='ocrx_word' id='word_1_97' title='bbox 2623 2618 2669 2694; x_wconf 90' lang='lat' dir='ltr'><strong>his</strong></span> <span class='ocrx_word' id='word_1_98' title='bbox 2619 2731 2668 2958; x_wconf 89' lang='lat' dir='ltr'><strong>omnibus</strong></span> 
     </span>
     <span class='ocr_line' id='line_1_17' title="bbox 2526 1266 2593 2959; textangle 270"><span class='ocrx_word' id='word_1_99' title='bbox 2546 1266 2593 1313; x_wconf 89' lang='lat' dir='ltr'><strong>in</strong></span> <span class='ocrx_word' id='word_1_100' title='bbox 2546 1350 2578 1498; x_wconf 89' lang='lat' dir='ltr'><strong>unum</strong></span> <span class='ocrx_word' id='word_1_101' title='bbox 2531 1536 2592 1676; x_wconf 89' lang='lat' dir='ltr'><strong>quasi</strong></span> <span class='ocrx_word' id='word_1_102' title='bbox 2543 1710 2592 1871; x_wconf 92' lang='lat' dir='ltr'><strong>locum</strong></span> <span class='ocrx_word' id='word_1_103' title='bbox 2534 1909 2591 2133; x_wconf 87' lang='lat' dir='ltr'><strong>collatis,</strong></span> <span class='ocrx_word' id='word_1_104' title='bbox 2526 2183 2590 2496; x_wconf 88' lang='lat' dir='ltr'><strong>adductoque</strong></span> <span class='ocrx_word' id='word_1_105' title='bbox 2541 2532 2588 2591; x_wconf 88' lang='lat' dir='ltr'><strong>ab</strong></span> <span class='ocrx_word' id='word_1_106' title='bbox 2526 2628 2590 2779; x_wconf 79' lang='lat' dir='ltr'><strong>Hyllo</strong></span> <span class='ocrx_word' id='word_1_107' title='bbox 2540 2815 2573 2959; x_wconf 85' lang='lat' dir='ltr'><strong>exer-</strong></span> 
     </span>
     <span class='ocr_line' id='line_1_18' title="bbox 2445 1266 2514 2957; textangle 270"><span class='ocrx_word' id='word_1_108' title='bbox 2453 1266 2514 1397; x_wconf 79' lang='lat' dir='ltr'><strong>citu,</strong></span> <span class='ocrx_word' id='word_1_109' title='bbox 2464 1446 2513 1708; x_wconf 87' lang='lat' dir='ltr'><strong>multarum</strong></span> <span class='ocrx_word' id='word_1_110' title='bbox 2446 1763 2509 2014; x_wconf 85' lang='lat' dir='ltr'><strong>copiarum</strong></span> <span class='ocrx_word' id='word_1_111' title='bbox 2445 2051 2493 2435; x_wconf 77' lang='lat' dir='ltr'><strong>magnorumque</strong></span> <span class='ocrx_word' id='word_1_112' title='bbox 2445 2471 2508 2761; x_wconf 90' lang='lat' dir='ltr'><strong>populorum</strong></span> <span class='ocrx_word' id='word_1_113' title='bbox 2460 2798 2502 2957; x_wconf 89' lang='lat' dir='ltr'><strong>certa-</strong></span> 
     </span>
     <span class='ocr_line' id='line_1_19' title="bbox 2363 1264 2432 2959; textangle 270"><span class='ocrx_word' id='word_1_114' title='bbox 2384 1264 2417 1379; x_wconf 86' lang='lat' dir='ltr'><strong>men</strong></span> <span class='ocrx_word' id='word_1_115' title='bbox 2383 1415 2432 1693; x_wconf 82' lang='lat' dir='ltr'><strong>exhibetur.</strong></span> <span class='ocrx_word' id='word_1_116' title='bbox 2382 1767 2431 1917; x_wconf 88' lang='lat' dir='ltr'><strong>Redit</strong></span> <span class='ocrx_word' id='word_1_117' title='bbox 2381 1954 2428 2082; x_wconf 87' lang='lat' dir='ltr'><strong>enim</strong></span> <span class='ocrx_word' id='word_1_118' title='bbox 2381 2120 2427 2315; x_wconf 89' lang='lat' dir='ltr'><strong>nuntius</strong></span> <span class='ocrx_word' id='word_1_119' title='bbox 2367 2338 2389 2351; x_wconf 72' lang='lat'><strong>,</strong></span> <span class='ocrx_word' id='word_1_120' title='bbox 2365 2388 2427 2468; x_wconf 88' lang='lat' dir='ltr'><strong>qui</strong></span> <span class='ocrx_word' id='word_1_121' title='bbox 2381 2504 2427 2565; x_wconf 92' lang='lat' dir='ltr'><strong>de</strong></span> <span class='ocrx_word' id='word_1_122' title='bbox 2381 2602 2411 2655; x_wconf 91' lang='lat' dir='ltr'><strong>re</strong></span> <span class='ocrx_word' id='word_1_123' title='bbox 2363 2691 2421 2830; x_wconf 79' lang='lat' dir='ltr'><strong>gesta</strong></span> <span class='ocrx_word' id='word_1_124' title='bbox 2379 2867 2412 2959; x_wconf 83' lang='lat' dir='ltr'><strong>ex-</strong></span> 
     </span>
     <span class='ocr_line' id='line_1_20' title="bbox 2283 1263 2349 2960; textangle 270"><span class='ocrx_word' id='word_1_125' title='bbox 2291 1263 2347 1429; x_wconf 87' lang='lat' dir='ltr'><strong>ponat.</strong></span> <span class='ocrx_word' id='word_1_126' title='bbox 2288 1499 2349 1771; x_wconf 86' lang='lat' dir='ltr'><strong>Antequam</strong></span> <span class='ocrx_word' id='word_1_127' title='bbox 2300 1810 2347 2201; x_wconf 80' lang='lat' dir='ltr'><strong>committeretur</strong></span> <span class='ocrx_word' id='word_1_128' title='bbox 2283 2235 2346 2511; x_wconf 90' lang='lat' dir='ltr'><strong>proelium,</strong></span> <span class='ocrx_word' id='word_1_129' title='bbox 2284 2564 2348 2738; x_wconf 83' lang='lat' dir='ltr'><strong>Hyllus</strong></span> <span class='ocrx_word' id='word_1_130' title='bbox 2283 2768 2346 2960; x_wconf 87' lang='lat' dir='ltr'><strong>privato</strong></span> 
     </span>
     <span class='ocr_line' id='line_1_21' title="bbox 2204 1264 2272 2957; textangle 270"><span class='ocrx_word' id='word_1_131' title='bbox 2209 1264 2272 1489; x_wconf 90' lang='lat' dir='ltr'><strong>periculo</strong></span> <span class='ocrx_word' id='word_1_132' title='bbox 2221 1518 2255 1774; x_wconf 89' lang='lat' dir='ltr'><strong>commune</strong></span> <span class='ocrx_word' id='word_1_133' title='bbox 2220 1793 2267 2153; x_wconf 85' lang='lat' dir='ltr'><strong>incommodum</strong></span> <span class='ocrx_word' id='word_1_134' title='bbox 2219 2182 2266 2428; x_wconf 86' lang='lat' dir='ltr'><strong>redimere</strong></span> <span class='ocrx_word' id='word_1_135' title='bbox 2204 2449 2266 2957; x_wconf 84' lang='lat' dir='ltr'><strong>voluitEurystheum</strong></span> 
     </span>
     <span class='ocr_line' id='line_1_22' title="bbox 2123 1264 2192 2958; textangle 270"><span class='ocrx_word' id='word_1_136' title='bbox 2145 1264 2192 1325; x_wconf 87' lang='lat' dir='ltr'><strong>ad</strong></span> <span class='ocrx_word' id='word_1_137' title='bbox 2142 1364 2185 1613; x_wconf 86' lang='lat' dir='ltr'><strong>certamen</strong></span> <span class='ocrx_word' id='word_1_138' title='bbox 2129 1650 2187 1898; x_wconf 68' lang='lat' dir='ltr'><strong>singulare</strong></span> <span class='ocrx_word' id='word_1_139' title='bbox 2123 1935 2186 2275; x_wconf 82' lang='lat' dir='ltr'><strong>provocando,</strong></span> <span class='ocrx_word' id='word_1_140' title='bbox 2124 2325 2169 2472; x_wconf 89' lang='lat' dir='ltr'><strong>quem</strong></span> <span class='ocrx_word' id='word_1_141' title='bbox 2138 2522 2169 2616; x_wconf 88' lang='lat' dir='ltr'><strong>non</strong></span> <span class='ocrx_word' id='word_1_142' title='bbox 2123 2652 2187 2827; x_wconf 88' lang='lat' dir='ltr'><strong>puduit</strong></span> <span class='ocrx_word' id='word_1_143' title='bbox 2139 2861 2187 2958; x_wconf 91' lang='lat' dir='ltr'><strong>hoc</strong></span> 
     </span>
     <span class='ocr_line' id='line_1_23' title="bbox 2042 1263 2109 2958; textangle 270"><span class='ocrx_word' id='word_1_144' title='bbox 2062 1263 2096 1512; x_wconf 89' lang='lat' dir='ltr'><strong>recusare.</strong></span> <span class='ocrx_word' id='word_1_145' title='bbox 2049 1583 2109 1728; x_wconf 80' lang='lat' dir='ltr'><strong>Quod</strong></span> <span class='ocrx_word' id='word_1_146' title='bbox 2061 1765 2107 1855; x_wconf 91' lang='lat' dir='ltr'><strong>nisi</strong></span> <span class='ocrx_word' id='word_1_147' title='bbox 2060 1889 2106 2036; x_wconf 91' lang='lat' dir='ltr'><strong>huius</strong></span> <span class='ocrx_word' id='word_1_148' title='bbox 2042 2073 2105 2263; x_wconf 78' lang='lat' dir='ltr'><strong>ignavia</strong></span> <span class='ocrx_word' id='word_1_149' title='bbox 2050 2299 2106 2609; x_wconf 85' lang='lat' dir='ltr'><strong>obstitisset,</strong></span> <span class='ocrx_word' id='word_1_150' title='bbox 2061 2657 2101 2705; x_wconf 85' lang='lat' dir='ltr'><strong>et</strong></span> <span class='ocrx_word' id='word_1_151' title='bbox 2061 2740 2109 2958; x_wconf 84' lang='lat' dir='ltr'><strong>Macaria</strong></span> 
     </span>
     <span class='ocr_line' id='line_1_24' title="bbox 1980 1263 2031 2956; textangle 270"><span class='ocrx_word' id='word_1_152' title='bbox 1985 1263 2026 1424; x_wconf 89' lang='lat' dir='ltr'><strong>morte</strong></span> <span class='ocrx_word' id='word_1_153' title='bbox 1983 1458 2031 1665; x_wconf 84' lang='lat' dir='ltr'><strong>liberata</strong></span> <span class='ocrx_word' id='word_1_154' title='bbox 1981 1700 2023 1836; x_wconf 91' lang='lat' dir='ltr'><strong>esset</strong></span> <span class='ocrx_word' id='word_1_155' title='bbox 1980 1872 2022 1922; x_wconf 91' lang='lat' dir='ltr'><strong>et</strong></span> <span class='ocrx_word' id='word_1_156' title='bbox 1980 1958 2027 2198; x_wconf 90' lang='lat' dir='ltr'><strong>immunes</strong></span> <span class='ocrx_word' id='word_1_157' title='bbox 1980 2236 2027 2456; x_wconf 86' lang='lat' dir='ltr'><strong>laborum</strong></span> <span class='ocrx_word' id='word_1_158' title='bbox 1980 2497 2027 2845; x_wconf 89' lang='lat' dir='ltr'><strong>discessissent</strong></span> <span class='ocrx_word' id='word_1_159' title='bbox 1980 2870 2013 2956; x_wconf 83' lang='lat' dir='ltr'><strong>ex-</strong></span> 
     </span>
     <span class='ocr_line' id='line_1_25' title="bbox 1883 1265 1952 2956; textangle 270"><span class='ocrx_word' id='word_1_160' title='bbox 1903 1265 1952 1468; x_wconf 87' lang='lat' dir='ltr'><strong>ercitus.</strong></span> <span class='ocrx_word' id='word_1_161' title='bbox 1901 1554 1951 1810; x_wconf 82' lang='lat' dir='ltr'><strong>immolata</strong></span> <span class='ocrx_word' id='word_1_162' title='bbox 1883 1860 1947 2046; x_wconf 80' lang='lat' dir='ltr'><strong>virgine</strong></span> <span class='ocrx_word' id='word_1_163' title='bbox 1884 2093 1947 2382; x_wconf 88' lang='lat' dir='ltr'><strong>collatisque</strong></span> <span class='ocrx_word' id='word_1_164' title='bbox 1883 2434 1947 2616; x_wconf 82' lang='lat' dir='ltr'><strong>signis,</strong></span> <span class='ocrx_word' id='word_1_165' title='bbox 1901 2667 1948 2848; x_wconf 88' lang='lat' dir='ltr'><strong>acriter</strong></span> <span class='ocrx_word' id='word_1_166' title='bbox 1899 2895 1947 2956; x_wconf 91' lang='lat' dir='ltr'><strong>ab</strong></span> 
     </span>
     <span class='ocr_line' id='line_1_26' title="bbox 1803 1264 1869 2956; textangle 270"><span class='ocrx_word' id='word_1_167' title='bbox 1809 1264 1867 1476; x_wconf 87' lang='lat' dir='ltr'><strong>utroque</strong></span> <span class='ocrx_word' id='word_1_168' title='bbox 1822 1524 1869 1742; x_wconf 86' lang='lat' dir='ltr'><strong>exercitu</strong></span> <span class='ocrx_word' id='word_1_169' title='bbox 1803 1795 1862 2062; x_wconf 81' lang='lat' dir='ltr'><strong>pugnatum</strong></span> <span class='ocrx_word' id='word_1_170' title='bbox 1820 2116 1862 2209; x_wconf 90' lang='lat' dir='ltr'><strong>est.</strong></span> <span class='ocrx_word' id='word_1_171' title='bbox 1819 2306 1867 2452; x_wconf 88' lang='lat' dir='ltr'><strong>Fusis</strong></span> <span class='ocrx_word' id='word_1_172' title='bbox 1820 2502 1867 2729; x_wconf 88' lang='lat' dir='ltr'><strong>hostibus</strong></span> <span class='ocrx_word' id='word_1_173' title='bbox 1806 2778 1868 2956; x_wconf 87' lang='lat' dir='ltr'><strong>Iolaus,</strong></span> 
     </span>
     <span class='ocr_line' id='line_1_27' title="bbox 1724 1264 1790 2957; textangle 270"><span class='ocrx_word' id='word_1_174' title='bbox 1742 1264 1777 1537; x_wconf 90' lang='lat' dir='ltr'><strong>conscenso</strong></span> <span class='ocrx_word' id='word_1_175' title='bbox 1727 1565 1790 1701; x_wconf 80' lang='lat' dir='ltr'><strong>Hylli</strong></span> <span class='ocrx_word' id='word_1_176' title='bbox 1731 1738 1773 1903; x_wconf 84' lang='lat' dir='ltr'><strong>curru,</strong></span> <span class='ocrx_word' id='word_1_177' title='bbox 1724 1941 1787 2281; x_wconf 77' lang='lat' dir='ltr'><strong>Eurystheum</strong></span> <span class='ocrx_word' id='word_1_178' title='bbox 1724 2320 1781 2612; x_wconf 88' lang='lat' dir='ltr'><strong>persecutus</strong></span> <span class='ocrx_word' id='word_1_179' title='bbox 1732 2650 1783 2742; x_wconf 86' lang='lat' dir='ltr'><strong>est,</strong></span> <span class='ocrx_word' id='word_1_180' title='bbox 1724 2782 1782 2957; x_wconf 85' lang='lat' dir='ltr'><strong>petens</strong></span> 
     </span>
     <span class='ocr_line' id='line_1_28' title="bbox 1650 1264 1712 2957; textangle 270"><span class='ocrx_word' id='word_1_181' title='bbox 1665 1264 1697 1291; x_wconf 85' lang='lat' dir='ltr'><strong>a</strong></span> <span class='ocrx_word' id='word_1_182' title='bbox 1650 1326 1712 1438; x_wconf 67' lang='lat' dir='ltr'><strong>diis7</strong></span> <span class='ocrx_word' id='word_1_183' title='bbox 1662 1476 1704 1531; x_wconf 91' lang='lat' dir='ltr'><strong>ut</strong></span> <span class='ocrx_word' id='word_1_184' title='bbox 1662 1567 1693 1715; x_wconf 90' lang='lat' dir='ltr'><strong>unum</strong></span> <span class='ocrx_word' id='word_1_185' title='bbox 1660 1753 1708 1884; x_wconf 90' lang='lat' dir='ltr'><strong>diem</strong></span> <span class='ocrx_word' id='word_1_186' title='bbox 1661 1923 1707 2016; x_wconf 89' lang='lat' dir='ltr'><strong>sibi</strong></span> <span class='ocrx_word' id='word_1_187' title='bbox 1659 2052 1706 2275; x_wconf 85' lang='lat' dir='ltr'><strong>iuvenem</strong></span> <span class='ocrx_word' id='word_1_188' title='bbox 1659 2314 1706 2423; x_wconf 89' lang='lat' dir='ltr'><strong>fieri</strong></span> <span class='ocrx_word' id='word_1_189' title='bbox 1659 2460 1706 2650; x_wconf 90' lang='lat' dir='ltr'><strong>liceret.</strong></span> <span class='ocrx_word' id='word_1_190' title='bbox 1660 2721 1708 2793; x_wconf 86' lang='lat' dir='ltr'><strong>[hi</strong></span> <span class='ocrx_word' id='word_1_191' title='bbox 1659 2828 1707 2957; x_wconf 91' lang='lat' dir='ltr'><strong>Her-</strong></span> 
     </span>
     <span class='ocr_line' id='line_1_29' title="bbox 1578 1262 1631 2958; textangle 270"><span class='ocrx_word' id='word_1_192' title='bbox 1583 1262 1631 1398; x_wconf 90' lang='lat' dir='ltr'><strong>cules</strong></span> <span class='ocrx_word' id='word_1_193' title='bbox 1582 1436 1613 1490; x_wconf 91' lang='lat' dir='ltr'><strong>se</strong></span> <span class='ocrx_word' id='word_1_194' title='bbox 1581 1525 1629 1575; x_wconf 88' lang='lat' dir='ltr'><strong>in</strong></span> <span class='ocrx_word' id='word_1_195' title='bbox 1581 1611 1628 1805; x_wconf 88' lang='lat' dir='ltr'><strong>coelum</strong></span> <span class='ocrx_word' id='word_1_196' title='bbox 1579 1842 1626 2130; x_wconf 87' lang='lat' dir='ltr'><strong>ascendisse</strong></span> <span class='ocrx_word' id='word_1_197' title='bbox 1579 2168 1620 2218; x_wconf 91' lang='lat' dir='ltr'><strong>et</strong></span> <span class='ocrx_word' id='word_1_198' title='bbox 1578 2250 1625 2376; x_wconf 88' lang='lat' dir='ltr'><strong>inter</strong></span> <span class='ocrx_word' id='word_1_199' title='bbox 1578 2413 1626 2531; x_wconf 86' lang='lat' dir='ltr'><strong>deos</strong></span> <span class='ocrx_word' id='word_1_200' title='bbox 1580 2571 1626 2755; x_wconf 82' lang='lat' dir='ltr'><strong>versari</strong></span> <span class='ocrx_word' id='word_1_201' title='bbox 1579 2803 1626 2958; x_wconf 86' lang='lat' dir='ltr'><strong>mani-</strong></span> 
     </span>
     <span class='ocr_line' id='line_1_30' title="bbox 1482 1261 1552 2957; textangle 270"><span class='ocrx_word' id='word_1_202' title='bbox 1504 1261 1552 1393; x_wconf 90' lang='lat' dir='ltr'><strong>festo</strong></span> <span class='ocrx_word' id='word_1_203' title='bbox 1500 1430 1550 1730; x_wconf 86' lang='lat' dir='ltr'><strong>declaravit:</strong></span> <span class='ocrx_word' id='word_1_204' title='bbox 1485 1779 1546 1892; x_wconf 85' lang='lat' dir='ltr'><strong>ipse</strong></span> <span class='ocrx_word' id='word_1_205' title='bbox 1500 1939 1546 2066; x_wconf 87' lang='lat' dir='ltr'><strong>enim</strong></span> <span class='ocrx_word' id='word_1_206' title='bbox 1498 2122 1530 2232; x_wconf 89' lang='lat' dir='ltr'><strong>cum</strong></span> <span class='ocrx_word' id='word_1_207' title='bbox 1499 2269 1546 2414; x_wconf 88' lang='lat' dir='ltr'><strong>Hebe</strong></span> <span class='ocrx_word' id='word_1_208' title='bbox 1482 2451 1545 2618; x_wconf 90' lang='lat' dir='ltr'><strong>specie</strong></span> <span class='ocrx_word' id='word_1_209' title='bbox 1482 2653 1547 2957; x_wconf 83' lang='lat' dir='ltr'><strong>geminarum</strong></span> 
     </span>
     <span class='ocr_line' id='line_1_31' title="bbox 1403 1262 1471 2955; textangle 270"><span class='ocrx_word' id='word_1_210' title='bbox 1423 1262 1471 1516; x_wconf 87' lang='lat' dir='ltr'><strong>stellarum</strong></span> <span class='ocrx_word' id='word_1_211' title='bbox 1422 1556 1468 1599; x_wconf 90' lang='lat' dir='ltr'><strong>in</strong></span> <span class='ocrx_word' id='word_1_212' title='bbox 1420 1638 1452 1837; x_wconf 88' lang='lat' dir='ltr'><strong>currum</strong></span> <span class='ocrx_word' id='word_1_213' title='bbox 1420 1875 1467 1994; x_wconf 89' lang='lat' dir='ltr'><strong>Iolai</strong></span> <span class='ocrx_word' id='word_1_214' title='bbox 1419 2031 1467 2290; x_wconf 88' lang='lat' dir='ltr'><strong>descendit</strong></span> <span class='ocrx_word' id='word_1_215' title='bbox 1403 2323 1466 2622; x_wconf 85' lang='lat' dir='ltr'><strong>effecitque,</strong></span> <span class='ocrx_word' id='word_1_216' title='bbox 1420 2672 1462 2728; x_wconf 90' lang='lat' dir='ltr'><strong>ut</strong></span> <span class='ocrx_word' id='word_1_217' title='bbox 1421 2761 1467 2844; x_wconf 90' lang='lat' dir='ltr'><strong>hic</strong></span> <span class='ocrx_word' id='word_1_218' title='bbox 1420 2879 1467 2955; x_wconf 93' lang='lat' dir='ltr'><strong>iu-</strong></span> 
     </span>
     <span class='ocr_line' id='line_1_32' title="bbox 1322 1260 1390 2954; textangle 270"><span class='ocrx_word' id='word_1_219' title='bbox 1341 1260 1390 1504; x_wconf 88' lang='lat' dir='ltr'><strong>venilibus</strong></span> <span class='ocrx_word' id='word_1_220' title='bbox 1340 1540 1388 1720; x_wconf 83' lang='lat' dir='ltr'><strong>viribus</strong></span> <span class='ocrx_word' id='word_1_221' title='bbox 1322 1756 1385 1969; x_wconf 88' lang='lat' dir='ltr'><strong>receptis</strong></span> <span class='ocrx_word' id='word_1_222' title='bbox 1339 2007 1387 2201; x_wconf 86' lang='lat' dir='ltr'><strong>hostem</strong></span> <span class='ocrx_word' id='word_1_223' title='bbox 1340 2230 1386 2390; x_wconf 86' lang='lat' dir='ltr'><strong>vivum</strong></span> <span class='ocrx_word' id='word_1_224' title='bbox 1322 2415 1381 2614; x_wconf 85' lang='lat' dir='ltr'><strong>caperet</strong></span> <span class='ocrx_word' id='word_1_225' title='bbox 1326 2636 1387 2954; x_wconf 84' lang='lat' dir='ltr'><strong>vinciretque.</strong></span> 
     </span>
     <span class='ocr_line' id='line_1_33' title="bbox 1244 1260 1309 2953; textangle 270"><span class='ocrx_word' id='word_1_226' title='bbox 1262 1260 1309 1355; x_wconf 85' lang='lat' dir='ltr'><strong>His</strong></span> <span class='ocrx_word' id='word_1_227' title='bbox 1261 1392 1308 1572; x_wconf 87' lang='lat' dir='ltr'><strong>auditis</strong></span> <span class='ocrx_word' id='word_1_228' title='bbox 1258 1608 1308 1849; x_wconf 90' lang='lat' dir='ltr'><strong>Alcmene</strong></span> <span class='ocrx_word' id='word_1_229' title='bbox 1258 1884 1304 1947; x_wconf 90' lang='lat' dir='ltr'><strong>de</strong></span> <span class='ocrx_word' id='word_1_230' title='bbox 1259 1982 1305 2184; x_wconf 77' lang='lat' dir='ltr'><strong>victoria</strong></span> <span class='ocrx_word' id='word_1_231' title='bbox 1259 2221 1306 2314; x_wconf 91' lang='lat' dir='ltr'><strong>sibi</strong></span> <span class='ocrx_word' id='word_1_232' title='bbox 1244 2344 1306 2638; x_wconf 79' lang='lat' dir='ltr'><strong>gratulatur,</strong></span> <span class='ocrx_word' id='word_1_233' title='bbox 1245 2675 1291 2835; x_wconf 83' lang='lat' dir='ltr'><strong>neque</strong></span> <span class='ocrx_word' id='word_1_234' title='bbox 1260 2862 1307 2953; x_wconf 89' lang='lat' dir='ltr'><strong>mi-</strong></span> 
     </span>
     <span class='ocr_line' id='line_1_34' title="bbox 1163 1260 1228 2953; textangle 270"><span class='ocrx_word' id='word_1_235' title='bbox 1182 1260 1213 1352; x_wconf 89' lang='lat' dir='ltr'><strong>nus</strong></span> <span class='ocrx_word' id='word_1_236' title='bbox 1168 1389 1228 1589; x_wconf 70' lang='lat' dir='ltr'><strong>choruS,</strong></span> <span class='ocrx_word' id='word_1_237' title='bbox 1179 1625 1226 1860; x_wconf 88' lang='lat' dir='ltr'><strong>domitam</strong></span> <span class='ocrx_word' id='word_1_238' title='bbox 1177 1899 1209 2009; x_wconf 90' lang='lat' dir='ltr'><strong>esse</strong></span> <span class='ocrx_word' id='word_1_239' title='bbox 1169 2045 1226 2374; x_wconf 89' lang='lat' dir='ltr'><strong>insolentiam,</strong></span> <span class='ocrx_word' id='word_1_240' title='bbox 1163 2411 1225 2718; x_wconf 87' lang='lat' dir='ltr'><strong>triumphare</strong></span> <span class='ocrx_word' id='word_1_241' title='bbox 1180 2742 1227 2953; x_wconf 89' lang='lat' dir='ltr'><strong>miseros</strong></span> 
     </span>
     <span class='ocr_line' id='line_1_35' title="bbox 1082 1263 1148 2952; textangle 270"><span class='ocrx_word' id='word_1_242' title='bbox 1101 1263 1145 1314; x_wconf 93' lang='lat' dir='ltr'><strong>et</strong></span> <span class='ocrx_word' id='word_1_243' title='bbox 1101 1365 1148 1505; x_wconf 90' lang='lat' dir='ltr'><strong>malis</strong></span> <span class='ocrx_word' id='word_1_244' title='bbox 1098 1555 1147 1793; x_wconf 88' lang='lat' dir='ltr'><strong>liberatos</strong></span> <span class='ocrx_word' id='word_1_245' title='bbox 1096 1844 1129 1959; x_wconf 86' lang='lat' dir='ltr'><strong>esse</strong></span> <span class='ocrx_word' id='word_1_246' title='bbox 1096 1993 1145 2245; x_wconf 76' lang='lat' dir='ltr'><strong>MInervae</strong></span> <span class='ocrx_word' id='word_1_247' title='bbox 1082 2294 1146 2545; x_wconf 86' lang='lat' dir='ltr'><strong>praesenti</strong></span> <span class='ocrx_word' id='word_1_248' title='bbox 1086 2589 1147 2800; x_wconf 85' lang='lat' dir='ltr'><strong>auxilio,</strong></span> <span class='ocrx_word' id='word_1_249' title='bbox 1098 2850 1147 2952; x_wconf 89' lang='lat' dir='ltr'><strong>lae-</strong></span> 
     </span>
     <span class='ocr_line' id='line_1_36' title="bbox 1020 1260 1065 1406; textangle 270"><span class='ocrx_word' id='word_1_250' title='bbox 1020 1260 1065 1406; x_wconf 90' lang='lat' dir='ltr'><strong>tatur.</strong></span> 
     </span>
    </p>

    <p class='ocr_par' dir='ltr' id='par_1_5' title="bbox 602 1259 988 2953">
     <span class='ocr_line' id='line_1_37' title="bbox 925 1393 988 2952; textangle 270"><span class='ocrx_word' id='word_1_251' title='bbox 940 1393 988 1659; x_wconf 85' lang='lat' dir='ltr'><strong>Extremus</strong></span> <span class='ocrx_word' id='word_1_252' title='bbox 937 1695 986 1932; x_wconf 85' lang='lat' dir='ltr'><strong>dramatis</strong></span> <span class='ocrx_word' id='word_1_253' title='bbox 936 1967 979 2108; x_wconf 90' lang='lat' dir='ltr'><strong>actus</strong></span> <span class='ocrx_word' id='word_1_254' title='bbox 936 2145 985 2404; x_wconf 83' lang='lat' dir='ltr'><strong>coniicitur</strong></span> <span class='ocrx_word' id='word_1_255' title='bbox 928 2437 987 2654; x_wconf 90' lang='lat' dir='ltr'><strong>ultione,</strong></span> <span class='ocrx_word' id='word_1_256' title='bbox 925 2711 972 2854; x_wconf 89' lang='lat' dir='ltr'><strong>quam</strong></span> <span class='ocrx_word' id='word_1_257' title='bbox 938 2892 987 2952; x_wconf 89' lang='lat' dir='ltr'><strong>ab</strong></span> 
     </span>
     <span class='ocr_line' id='line_1_38' title="bbox 841 1259 910 2953; textangle 270"><span class='ocrx_word' id='word_1_258' title='bbox 846 1259 910 1544; x_wconf 82' lang='lat' dir='ltr'><strong>Eurystheo</strong></span> <span class='ocrx_word' id='word_1_259' title='bbox 857 1578 907 1815; x_wconf 87' lang='lat' dir='ltr'><strong>Alcmene</strong></span> <span class='ocrx_word' id='word_1_260' title='bbox 842 1852 903 2017; x_wconf 77' lang='lat' dir='ltr'><strong>exigit,</strong></span> <span class='ocrx_word' id='word_1_261' title='bbox 841 2054 887 2204; x_wconf 88' lang='lat' dir='ltr'><strong>quum</strong></span> <span class='ocrx_word' id='word_1_262' title='bbox 856 2241 889 2351; x_wconf 91' lang='lat' dir='ltr'><strong>eum</strong></span> <span class='ocrx_word' id='word_1_263' title='bbox 858 2387 905 2448; x_wconf 89' lang='lat' dir='ltr'><strong>ad</strong></span> <span class='ocrx_word' id='word_1_264' title='bbox 842 2485 907 2780; x_wconf 89' lang='lat' dir='ltr'><strong>supplicium</strong></span> <span class='ocrx_word' id='word_1_265' title='bbox 860 2815 891 2842; x_wconf 90' lang='lat' dir='ltr'><strong>a</strong></span> <span class='ocrx_word' id='word_1_266' title='bbox 858 2878 908 2953; x_wconf 85' lang='lat' dir='ltr'><strong>fa-</strong></span> 
     </span>
     <span class='ocr_line' id='line_1_39' title="bbox 761 1259 828 2952; textangle 270"><span class='ocrx_word' id='word_1_267' title='bbox 781 1259 828 1404; x_wconf 89' lang='lat' dir='ltr'><strong>mulis</strong></span> <span class='ocrx_word' id='word_1_268' title='bbox 763 1440 827 1548; x_wconf 88' lang='lat' dir='ltr'><strong>rapi</strong></span> <span class='ocrx_word' id='word_1_269' title='bbox 778 1583 826 1764; x_wconf 87' lang='lat' dir='ltr'><strong>iubeat.</strong></span> <span class='ocrx_word' id='word_1_270' title='bbox 777 1836 825 1909; x_wconf 88' lang='lat' dir='ltr'><strong>De</strong></span> <span class='ocrx_word' id='word_1_271' title='bbox 761 1934 807 2031; x_wconf 89' lang='lat' dir='ltr'><strong>quo</strong></span> <span class='ocrx_word' id='word_1_272' title='bbox 776 2056 824 2191; x_wconf 86' lang='lat' dir='ltr'><strong>sacto</strong></span> <span class='ocrx_word' id='word_1_273' title='bbox 777 2219 808 2281; x_wconf 89' lang='lat' dir='ltr'><strong>ne</strong></span> <span class='ocrx_word' id='word_1_274' title='bbox 763 2310 825 2475; x_wconf 87' lang='lat' dir='ltr'><strong>inique</strong></span> <span class='ocrx_word' id='word_1_275' title='bbox 767 2506 825 2799; x_wconf 90' lang='lat' dir='ltr'><strong>iudicemus,</strong></span> <span class='ocrx_word' id='word_1_276' title='bbox 778 2837 827 2952; x_wconf 89' lang='lat' dir='ltr'><strong>red-</strong></span> 
     </span>
     <span class='ocr_line' id='line_1_40' title="bbox 695 1259 748 2949; textangle 270"><span class='ocrx_word' id='word_1_277' title='bbox 700 1259 748 1475; x_wconf 90' lang='lat' dir='ltr'><strong>eundum</strong></span> <span class='ocrx_word' id='word_1_278' title='bbox 699 1524 743 1602; x_wconf 87' lang='lat' dir='ltr'><strong>est</strong></span> <span class='ocrx_word' id='word_1_279' title='bbox 698 1648 747 1710; x_wconf 91' lang='lat' dir='ltr'><strong>ad</strong></span> <span class='ocrx_word' id='word_1_280' title='bbox 696 1757 739 1982; x_wconf 89' lang='lat' dir='ltr'><strong>veterum</strong></span> <span class='ocrx_word' id='word_1_281' title='bbox 696 2030 743 2093; x_wconf 90' lang='lat' dir='ltr'><strong>de</strong></span> <span class='ocrx_word' id='word_1_282' title='bbox 695 2127 745 2397; x_wconf 89' lang='lat' dir='ltr'><strong>ulciscendi</strong></span> <span class='ocrx_word' id='word_1_283' title='bbox 697 2432 746 2602; x_wconf 87' lang='lat' dir='ltr'><strong>officio</strong></span> <span class='ocrx_word' id='word_1_284' title='bbox 696 2638 744 2949; x_wconf 88' lang='lat' dir='ltr'><strong>sententiam.</strong></span> 
     </span>
     <span class='ocr_line' id='line_1_41' title="bbox 602 1259 670 2951; textangle 270"><span class='ocrx_word' id='word_1_285' title='bbox 619 1259 670 1422; x_wconf 89' lang='lat' dir='ltr'><strong>Recte</strong></span> <span class='ocrx_word' id='word_1_286' title='bbox 602 1455 667 1637; x_wconf 87' lang='lat' dir='ltr'><strong>pieque</strong></span> <span class='ocrx_word' id='word_1_287' title='bbox 615 1674 667 1790; x_wconf 86' lang='lat' dir='ltr'><strong>facit</strong></span> <span class='ocrx_word' id='word_1_288' title='bbox 614 1826 663 2003; x_wconf 91' lang='lat' dir='ltr'><strong>mulier</strong></span> <span class='ocrx_word' id='word_1_289' title='bbox 613 2035 664 2342; x_wconf 88' lang='lat' dir='ltr'><strong>interficiens</strong></span> <span class='ocrx_word' id='word_1_290' title='bbox 603 2378 649 2519; x_wconf 83' lang='lat' dir='ltr'><strong>eum,</strong></span> <span class='ocrx_word' id='word_1_291' title='bbox 614 2554 665 2698; x_wconf 88' lang='lat' dir='ltr'><strong>cuius</strong></span> <span class='ocrx_word' id='word_1_292' title='bbox 614 2735 666 2951; x_wconf 90' lang='lat' dir='ltr'><strong>crudeli-</strong></span> 
     </span>
    </p>
   </div>
   <div class='ocr_carea' id='block_1_4' title="bbox 0 0 0 2768">
    <p class='ocr_par' dir='ltr' id='par_1_6' title="bbox 0 0 0 2768">
     <span class='ocr_line' id='line_1_42' title="bbox 0 0 0 2768; textangle 270"><span class='ocrx_word' id='word_1_293' title='bbox 0 0 0 2768; x_wconf 95' lang='lat' dir='ltr'><strong>                                              </strong></span> 
     </span>
    </p>
   </div>
   <div class='ocr_carea' id='block_1_5' title="bbox 1654 3180 2168 3188">
    <p class='ocr_par' dir='ltr' id='par_1_7' title="bbox 1654 3180 2168 3188">
     <span class='ocr_line' id='line_1_43' title="bbox 1654 3180 2168 3188; baseline 0.002 -2"><span class='ocrx_word' id='word_1_294' title='bbox 1654 3183 1658 3185; x_wconf 95' lang='lat'>.</span> <span class='ocrx_word' id='word_1_295' title='bbox 1673 3180 1931 3186; x_wconf 53' lang='grc' dir='ltr'><strong>--.Δ----</strong></span> <span class='ocrx_word' id='word_1_296' title='bbox 1979 3181 2168 3188; x_wconf 30' lang='lat' dir='ltr'><strong>——A</strong></span> 
     </span>
    </p>
   </div>
   <div class='ocr_carea' id='block_1_6' title="bbox 0 2667 0 3336">
    <p class='ocr_par' dir='ltr' id='par_1_8' title="bbox 0 2667 0 3336">
     <span class='ocr_line' id='line_1_44' title="bbox 0 2667 0 3336; textangle 270"><span class='ocrx_word' id='word_1_297' title='bbox 0 2667 0 3336; x_wconf 95' lang='lat' dir='ltr'><strong>  </strong></span> 
     </span>
    </p>
   </div>
   <div class='ocr_carea' id='block_1_7' title="bbox 1248 3330 3739 3336">
    <p class='ocr_par' dir='ltr' id='par_1_9' title="bbox 1248 3330 3739 3336">
     <span class='ocr_line' id='line_1_45' title="bbox 1248 3330 3739 3336; textangle 270"><span class='ocrx_word' id='word_1_298' title='bbox 1248 3330 3739 3336; x_wconf 95' lang='lat' dir='ltr'><strong> </strong></span> 
     </span>
    </p>
   </div>
   <div class='ocr_carea' id='block_1_8' title="bbox 592 3328 3739 3336">
    <p class='ocr_par' dir='ltr' id='par_1_10' title="bbox 592 3328 3739 3336">
     <span class='ocr_line' id='line_1_46' title="bbox 592 3328 3739 3336; textangle 270"><span class='ocrx_word' id='word_1_299' title='bbox 592 3328 3739 3336; x_wconf 95' lang='lat' dir='ltr'><strong> </strong></span> 
     </span>
    </p>
   </div>
  </div>
 </body>
</html>
