5010 3336
2388 3251 2417 3333 Cimb!

2712 3296 2738 3331 ,λῖ
2712 3256 2738 3262 '2

1044 2012 1099 2130 243

1196 2847 1245 2899 ln
1195 2702 1243 2797 hoc
1198 2509 1242 2668 autem
1206 2292 1256 2472 genere
1190 1997 1253 2257 praecipue
1189 1839 1251 1963 viget
1202 1727 1236 1805 ars
1188 1444 1252 1691 Euripidis
1196 1244 1240 1408 orato-

1276 2802 1324 2901 ria:
1289 2565 1322 2754 summo
1272 2391 1319 2517 enim
1270 2089 1327 2336 acumine,
1283 1839 1315 2027 summa
1269 1525 1317 1792 subtilitate
1286 1242 1332 1478 personae

1369 2730 1403 2899 omnes
1366 2378 1415 2695 quaecunque
1349 2284 1395 2344 ad
1363 2033 1395 2249 caussam
1347 1640 1394 1995 defendendam
1355 1494 1411 1604 apta
1357 1350 1398 1458 sunt
1351 1242 1400 1314 in-

1435 2676 1490 2899 veniunt,
1446 2438 1478 2623 summa
1427 2145 1491 2402 prudentia
1431 1815 1490 2098 argumenta
1425 1481 1488 1772 disponunt,
1444 1240 1479 1430 summa

1510 2626 1575 2900 eloquentia
1514 2419 1556 2591 ornant
1507 2092 1564 2387 orationem3
1505 1795 1553 2054 conciliant
1506 1476 1568 1761 eriguntque
1510 1240 1571 1442 animOS,

1595 2655 1653 2901 exponunt
1587 2293 1652 2622 probabiliter,
1585 1969 1633 2255 confirmant
1600 1832 1643 1934 sua,
1584 1581 1631 1797 refutant
1587 1242 1647 1536 adversaria,

1670 2543 1734 2900 perorationem
1666 2416 1713 2493 vel
1666 2008 1712 2381 inflammantem
1664 1787 1711 1971 addunt
1664 1679 1710 1753 vel
1664 1242 1729 1643 restinguentem,

1750 2695 1809 2902 denique
1761 2494 1793 2659 omnes
1744 2232 1808 2457 exemplo
1760 2110 1791 2197 suo
1744 1783 1791 2073 confirmant
1742 1601 1802 1751 illud,
1744 1438 1805 1564 quod
1748 1243 1809 1385 poni-

1833 2821 1875 2903 tur
1827 2741 1873 2789 in
1825 2470 1888 2706 Antiopae
1824 2239 1871 2435 fabulae
1823 1888 1886 2199 fragmentis:

1902 2717 1954 2774 ἐκ
1903 2488 1963 2683 παντὸς
1905 2386 1953 2454 ἄν
1919 2273 1963 2350 τις
1902 1938 1967 2240 πράγματος
1900 1710 1952 1904 δισσῶν
1900 1505 1967 1679 λόγων

1982 2593 2049 2775 ἀγῶνα
1986 2430 2034 2559 θεῖτ’
1986 2312 2043 2394 ἄν,
1982 2231 2033 2274 εἰ
1982 2033 2048 2198 λέγειν
1982 1923 2047 1999 εἴη
1982 1704 2047 1887 σοφός.

2064 2753 2112 2904 lidem
2070 2667 2112 2718 et
2081 2449 2113 2634 summa
2066 2146 2114 2412 calliditate
2066 1853 2112 2110 commissa
2067 1606 2126 1803 tegunt,
2069 1503 2112 1555 et
2064 1243 2114 1462 artificiis

2144 2654 2208 2906 ingeniose
2146 2320 2210 2608 excogitatis
2162 2216 2193 2270 se
2145 1925 2208 2157 expedire
2150 1638 2191 1871 conantur
2143 1243 2204 1582 circumventi3

2240 2747 2286 2905 neque
2224 2615 2272 2712 ulla
2229 2483 2272 2581 tam
2226 2254 2289 2449 perdita
2231 2144 2272 2219 est
2239 1923 2282 2109 caussa,
2239 1745 2285 1889 quam
2238 1616 2269 1709 non
2224 1346 2286 1581 speciosis
2239 1244 2270 1319 ar—

2304 2662 2365 2906 gumentis
2310 2421 2366 2627 purgent
2305 2295 2358 2389 ita,
2311 2195 2351 2246 ut
2303 1816 2351 2148 hebetioribus
2300 1443 2364 1781 persuadeant.
2301 1243 2350 1371 Con-

2382 2718 2429 2903 firmari
2382 2575 2439 2683 his,
2399 2416 2445 2539 quae
2384 2005 2445 2380 disputavimus,
2381 1824 2428 1961 vides
2380 1502 2453 1787 septentiam
2380 1243 2441 1466 Quincti-

2460 2764 2517 2903 liani,
2460 2620 2522 2703 qui
2460 2480 2522 2583 (lib.
2462 2380 2509 2459 XI.
2479 2314 2509 2353 c.
2464 2244 2507 2286 ].
2465 2165 2517 2209 §.
2460 2038 2523 2141 68.)
2460 1715 2523 2001 Euripidem
2460 1612 2506 1677 ait
2465 1528 2507 1577 et
2460 1244 2507 1493 sententiis

2541 2700 2587 2924 'densum
2555 2562 2587 2672 esse
2547 2487 2587 2534 et
2541 2416 2587 2461 in
2542 2312 2599 2386 iis,
2557 2150 2603 2274 quae
2556 2099 2586 2123 a
2540 1772 2602 2068 sapientibus
2537 1570 2585 1742 tradita
2538 1429 2597 1542 sint,
2555 1244 2601 1397 paene

2618 2785 2680 2905 ipsis
2634 2551 2680 2749 parem,
2626 2444 2666 2495 et
2620 2191 2667 2399 dicendo
2636 2085 2666 2141 ac
2617 1699 2680 2041 respondendo
2617 1466 2664 1662 cuilibet
2634 1245 2677 1431 eorum,

2698 2822 2761 2905 qui
2697 2590 2744 2773 fuerint
2698 2501 2744 2549 in
2698 2342 2746 2455 soro
2699 2103 2757 2297 diserti,
2695 1673 2758 2064 comparandum.
2695 1376 2743 1602 Ceterum
2712 1246 2744 1340 non

2782 2828 2824 2906 est
2775 2667 2839 2795 quod
2792 2349 2824 2632 moneamus
2767 1983 2840 2301 Euripidem,
2791 1795 2838 1944 quum
2774 1483 2837 1759 opinionum
2790 1246 2836 1446 perver-

2856 2711 2903 2907 sitatem
2855 2463 2903 2660 tolleret
2873 2360 2903 2416 ac
2856 2054 2904 2325 disserendi
2854 1725 2909 2018 subtilitate,
2853 1557 2914 1672 quid
2852 1474 2899 1522 iu
2869 1244 2916 1437 quaque

2951 2853 2983 2907 re
2951 2665 2982 2830 verum
2942 2487 2992 2637 esset,
2936 2168 2998 2460 exquireret,
2936 2040 2982 2134 hoc
2933 1778 2997 2018 imprimis
2932 1544 2980 1745 efficere
2934 1246 2991 1513 studuisse,

3030 2848 3063 2908 ne
3018 2678 3061 2813 metu
3015 2377 3070 2644 malorum,
3031 2204 3077 2326 quae
3015 2028 3061 2157 nulla
3018 1809 3070 1991 essent,
3028 1717 3058 1773 ac
3012 1246 3074 1680 superstitionibus

3093 2762 3140 2909 animi
3109 2578 3155 2727 supra
3096 2346 3140 2543 modum
3094 1895 3156 2311 perturbarentur,
3108 1797 3138 1857 ne
3091 1727 3137 1771 vi
3107 1515 3137 1704 morum
3092 1246 3140 1484 malorum

3172 2533 3234 2907 opinionumque
3173 2132 3235 2497 depravatarum
3189 2072 3218 2099 a
3177 1903 3218 2038 recta
3171 1680 3219 1869 ratione
3172 1437 3218 1644 tenenda
3172 1247 3219 1412 detru-

3379 2598 3435 2771 gemiil's
3378 2364 3420 2558 dieselbc
3378 2191 3418 2321 ihnen
3376 2050 3417 2146 eine
3377 1945 3417 2020 Art
3374 1660 3416 1916 Bediirfniss
3377 1393 3429 1630 geworden
3391 1245 3420 1352 war.

3450 2617 3492 2772 Dieses
3449 2387 3489 2589 Element
3460 2265 3487 2358 war
3447 2136 3487 2235 dem
3445 1783 3496 2106 dramatischen
3444 1571 3485 1750 Dichter
3447 1384 3488 1544 hiiehst
3449 1243 3491 1362 will-

3521 2543 3571 2772 kommen‚
3520 2440 3558 2519 der
3517 2333 3558 2415 auf
3516 2195 3557 2315 einer
3516 1971 3571 2176 fingit-ten
3516 1794 3556 1953 Biihuc
3514 1702 3554 1771 dic
3516 1467 3556 1679 hiichsten
3520 1244 3559 1450 mensch-

3588 2627 3630 2772 lichen
3588 2350 3630 2596 Interessen
3587 2019 3627 2319 vorzufiihren
3586 1899 3625 1988 und
3586 1791 3625 1870 das
3584 1670 3624 1761 Fur
3586 1555 3625 1641 und
3585 1372 3627 1524 Wider
3603 1243 3629 1347 ver-

3658 2513 3699 2772 schiedener
3657 2238 3699 2475 Partheien
3657 2057 3697 2195 durch
3655 1899 3695 2016 Hin—
3655 1772 3695 1858 und
3655 1440 3696 1729 Widcrreden
3658 1243 3713 1409 kraftig

3729 2420 3782 2773 auszusprechen
3728 2243 3767 2381 hatte.
3726 1972 3767 2184 Bediente
3740 1883 3765 1930 er
3724 1750 3764 1844 sich
3739 1624 3764 1709 nun
3724 1441 3766 1581 dieses
3727 1243 3769 1411 Mittels

3812 2671 3839 2772 zum
3799 2413 3839 2625 hiichsteu
3796 2187 3837 2386 Vortheil
3796 2014 3836 2156 seiner
3795 1761 3850 1984 Tragiidie
3795 1643 3835 1731 und
3795 1352 3837 1614 wetteiferte
3797 1243 3838 1323 mit

3869 2672 3909 2772 dem
3869 2466 3909 2643 Redner
3869 2375 3909 2437 im
3866 2120 3920 2335 viilligcn,
3866 1870 3920 2079 obgleich
3864 1549 3919 1839 imagina‘ren,
3866 1336 3916 1519 Ernste,
3880 1245 3907 1294 so

3951 2680 3978 2774 war
3952 2605 3978 2651 es
3938 2484 3978 2578 ihm
3938 2380 3978 2453 fiir
3938 2273 3977 2351 das
3934 2024 3987 2244 Lustspiel
3935 1806 3975 1995 beinahe
3935 1660 3975 1776 noch
3934 1246 3976 1621 willkommener:

4008 2658 4047 2770 deun
4007 2482 4047 2630 indem
4022 2405 4047 2452 er
4007 2305 4047 2374 die
4004 2010 4059 2276 niedrigsten
4004 1671 4059 1977 Gegenstiindc
4005 1565 4044 1650 und
4006 1246 4059 1539 Handlungen

4076 2627 4116 2767 durch
4078 2446 4117 2587 hohes
4077 2029 4129 2410 Kunstvermiigen
4074 1770 4115 1985 ebenfalls
4073 1665 4115 1725 im
4074 1454 4129 1634 grol'scn
4075 1327 4129 1424 Styl
4088 1246 4114 1298 zu

4143 2522 4186 2771 behandeln
4147 2318 4196 2492 wurste‚
4158 2240 4185 2287 so
4145 2024 4185 2210 brachte
4157 1945 4184 1994 er
4147 1781 4187 1917 etwas
4143 1362 4198 1753 Unbegreifliches
4143 1246 4185 1332 und

4212 2615 4256 2771 h6011st
4215 2172 4257 2588 Ueberraschendes
4214 2008 4256 2131 vor.⁷’

4279 1569 4327 1677 16*

3598 620 3609 624 v
3658 617 3738 630 'Q'

3662 746 3745 753 .-—--
3756 744 3825 752 ’.κ
3835 744 3874 751 -.-

3833 759 3869 769 Ρ,-

3703 767 3827 779 γπὴ-Ἶτιῑ
3846 775 3854 778 -
3877 767 3913 789 <j-
3961 768 3973 772 »
3999 758 4059 773 *ζ’-Ἴ
4074 768 4078 770 -
4105 768 4110 769 ⁷

3700 724 3791 733 ,η’-ι
3833 720 3917 730 -ο,-
3948 723 3967 727 --
3982 717 4188 730 ‚024—...r-0-›1-
4202 717 4211 723 κ

4208 774 4215 777 .
4234 767 4419 777 ..β-ι’ῇνῄ,
4463 766 4485 767 ”
4494 766 4498 767 ’
4507 765 4523 768 ’·
4576 766 4580 767 ’
