5010 3336
1154 2092 1211 2209 223

1315 2820 1363 2977 minus
1325 2662 1357 2770 rara
1310 2462 1355 2627 essent
1303 2220 1349 2428 virorum
1298 1994 1346 2186 seminis
1292 1610 1357 1959 praestantium
1290 1322 1352 1574 exempla-

1395 2905 1440 2977 ria
1390 2807 1455 2877 ⁴¹).
1389 2640 1435 2738 Sed
1385 2388 1449 2605 plerique
1380 2235 1426 2352 nihil
1378 2002 1440 2209 probare
1377 1612 1431 1979 consueverunt7
1371 1484 1418 1576 nisi
1369 1321 1432 1449 quod

1471 2644 1520 2975 effeminatum
1467 2515 1520 2607 est,
1460 2226 1507 2478 mollitiem
1456 2044 1501 2189 animi
1453 1662 1500 2010 humanitatem
1467 1526 1498 1635 esse
1452 1319 1497 1500 ducunt

1551 2649 1607 2974 damnantque
1541 2271 1602 2616 ingenuitatem
1551 2039 1582 2235 vacuam
1533 1945 1578 2003 ab
1530 1580 1578 1907 affectatione.

1627 2637 1688 2843 Dignum
1618 2370 1666 2584 Hercule
1616 2120 1661 2324 amicum
1628 2005 1659 2059 se
1614 1740 1673 1958 praestat
1608 1448 1655 1684 Admetus
1623 1314 1666 1393 eo,

1706 2828 1769 2975 quod,
1701 2508 1767 2791 gravissimo
1698 2342 1743 2473 luctu
1695 2073 1747 2306 affectus,
1707 1890 1737 2037 sensu
1689 1674 1735 1853 doloris
1702 1545 1733 1637 non
1690 1315 1749 1509 pertur-

1789 2814 1840 2973 batur,
1795 2619 1843 2776 neque
1776 2386 1840 2587 proprio
1771 2046 1821 2351 incommodo
1770 1950 1817 2017 sic
1773 1644 1831 1923 occupatur,
1770 1555 1813 1607 ut
1765 1312 1811 1528 officium

1863 2733 1913 2971 amicitiae
1859 2468 1921 2699 negligat.
1854 2303 1914 2397 Qui
1852 2111 1898 2254 alieni
1848 1816 1896 2058 commodi
1861 1611 1893 1779 caussa
1845 1506 1890 1575 sic
1844 1312 1890 1472 animo

1946 2713 2006 2971 imperare„
1939 2482 1985 2677 vincere
1932 1970 1980 2447 vehementissimum
1927 1697 1981 1933 dolorem,
1925 1477 1971 1660 luctum
1938 1311 1969 1447 acer-

2023 2717 2072 2970 bissimum
2015 2373 2064 2680 dissimulare
2017 2144 2076 2338 potest,
2010 1966 2056 2089 adeo
2012 1836 2063 1918 ut,
2005 1596 2052 1779 recenti
2003 1309 2066 1564 perculsus

2100 2666 2157 2968 calamitate,
2111 2557 2143 2618 ne
2093 2398 2155 2511 quid
2108 2291 2139 2350 ex
2090 2076 2138 2245 dolore
2102 1952 2135 2041 suo
2084 1624 2133 1918 incommodi
2084 1546 2129 1593 in
2082 1308 2128 1511 amicum

2172 2699 2237 2968 redundet}
2174 2297 2223 2647 humanissime
2174 2065 2227 2251 caveat,
2183 1896 2214 2006 eum
2164 1655 2211 1859 duritiae
2162 1481 2209 1622 animi
2176 1303 2207 1447 accu-

2276 2827 2317 2964 sare,
2274 2667 2305 2777 eum
2256 2458 2302 2620 dicere
2251 2332 2299 2410 vel
2249 2096 2314 2283 proprii
2244 1806 2294 2048 commodi
2242 1598 2290 1758 studio
2240 1479 2288 1557 vel
2241 1301 2287 1429 vitae

2354 2799 2387 2965 amore
2337 2673 2384 2752 vel
2340 2493 2382 2625 metu
2332 2271 2379 2441 mortis
2330 1972 2375 2235 adductum
2341 1800 2372 1936 suam
2323 1618 2370 1763 vitam
2321 1456 2367 1583 vitae
2334 1301 2367 1422 uxo-

2420 2894 2467 2963 ris
2416 2500 2481 2843 praeposuisse
2426 2284 2474 2437 paene
2408 2110 2456 2249 nefas
2410 1984 2453 2073 est.
2404 1761 2451 1916 Nemo
2416 1517 2463 1727 unquam
2399 1299 2446 1484 amicus

2513 2870 2561 2961 pro
2496 2669 2542 2825 amico
2494 2522 2539 2619 ullo
2492 2400 2537 2476 vel
2490 2190 2535 2365 coniux
2502 2069 2550 2155 pro
2484 1828 2543 2033 coniuge
2480 1490 2528 1795 incommoda
2494 1402 2525 1457 ac
2478 1298 2525 1365 la-

2578 2816 2625 2960 bores
2579 2604 2636 2779 sponte
2571 2356 2632 2569 suscepit
2570 2232 2615 2322 nisi
2583 2107 2623 2196 eo,
2581 1918 2627 2060 quem
2564 1596 2619 1881 honestum,
2557 1298 2605 1547 liberalem

2662 2906 2704 2958 et
2669 2583 2717 2873 generosum
2666 2437 2697 2546 esse
2648 2178 2695 2400 crederet
2682 2144 2702 2156 ,
2651 2044 2691 2096 ut
2647 1806 2706 2000 posset,
2641 1711 2687 1752 si
2639 1462 2686 1676 venisset
2651 1296 2696 1427 usus,

2750 2815 2783 2957 suum
2731 2471 2779 2778 commodum
2728 2292 2774 2434 amici
2724 2000 2773 2256 commodo
2728 1626 2785 1949 postponere3
2732 1418 2778 1576 neque
2715 1294 2763 1375 Al-

2814 2809 2861 2956 cestis
2827 2687 2874 2775 pro
2810 2444 2857 2651 Admeto
2813 2198 2853 2407 mortem
2805 1958 2857 2159 obisset,
2802 1824 2848 1918 nisi
2801 1685 2846 1786 eius
2798 1504 2845 1649 animi
2796 1292 2857 1474 magni-

2892 2737 2941 2957 tudinem
2890 2636 2935 2693 ad
2888 2395 2950 2585 quidvis
2902 2271 2947 2358 pro
2884 2064 2930 2234 amicis
2883 1820 2928 2028 honeste
2877 1508 2942 1787 patiendum
2876 1291 2922 1473 sacien-

2973 2742 3032 2956 dumque
2975 2490 3033 2708 paratam
2982 2342 3014 2452 esse
2963 1998 3028 2306 cognovisset
2962 1656 3022 1964 dignamque„
2972 1530 3020 1619 pro
2971 1400 3016 1493 qua
2956 1289 3001 1361 in-

3053 2800 3099 2956 vicem
3049 2577 3112 2763 quidvis
3051 2260 3111 2540 paterentur
3044 1910 3103 2227 facerentque
3039 1718 3084 1875 amici.
3037 1511 3083 1667 Huius
3050 1287 3097 1482 magna-

3130 2723 3178 2952 nimitatis
3127 2358 3175 2688 testimonium
3128 2269 3170 2323 ut
3127 2002 3175 2233 exstaret,
3118 1696 3181 1965 prudenter
3116 1479 3162 1661 curavit
3118 1286 3177 1447 poeta,

3226 2800 3272 2948 quum
3206 2465 3254 2765 dissimulato
3206 2296 3250 2427 luctu
3202 2026 3258 2260 amicum,
3198 1680 3259 1989 ambiguitate
3196 1409 3242 1645 dictorum
3194 1284 3240 1371 de-

3295 2724 3351 2945 ceptum,
3287 2622 3332 2670 in
3284 2319 3346 2586 hospitium
3283 2226 3327 2282 ab
3280 1979 3326 2188 Admeto
3278 1792 3339 1944 recipi
3276 1569 3322 1755 fecerit.
3275 1378 3320 1500 Eam
3273 1282 3318 1342 li-

3368 2641 3417 2947 beralitatem
3379 2459 3424 2603 supra
3362 2180 3422 2425 vulgarem
3359 1891 3404 2143 hominum
3360 1662 3418 1855 captum
3354 1282 3415 1632 magnanimem

3447 2856 3509 2944 (cf.
3462 2777 3492 2819 v.
3448 2603 3505 2739 565.)
3442 2380 3489 2566 meritis
3438 2122 3484 2342 laudibus
3436 1777 3498 2087 prosequitur
3435 1534 3490 1740 chorus,
3435 1280 3480 1477 uberta-

3532 2842 3575 2945 tem
3539 2583 3587 2809 agrorum
3527 2496 3568 2546 et
3519 2114 3566 2462 secumlitatem
3532 1878 3578 2078 gregum
3520 1792 3561 1839 et
3514 1523 3573 1757 insignem
3511 1279 3572 1484 opulen-

3606 2827 3654 2943 tiam
3604 2664 3650 2779 inde
3608 2460 3648 2618 natam
3615 2302 3645 2410 esse
3596 1990 3643 2265 ostendens,
3594 1729 3639 1918 Motum
3592 1563 3638 1690 enim
3592 1437 3637 1527 hac
3590 1278 3637 1402 libe-

3686 2748 3734 2943 ralitate
3682 2440 3744 2713 Apollinem
3677 2208 3726 2403 Admeti
3675 1980 3721 2173 domum
3674 1726 3720 1944 habitare
3672 1441 3735 1690 dignatum
3685 1277 3730 1404 esse,

3781 2844 3829 2939 quo
3778 2630 3827 2804 greges
3760 2288 3808 2593 custodiente
3757 2130 3802 2257 inter
3754 1824 3800 2100 dulcissima
3752 1582 3799 1792 carmina
3750 1274 3813 1539 pastoralia

3849 2746 3892 2937 auctum
3858 2586 3889 2694 esse
3840 2368 3886 2541 mirum
3838 2271 3883 2316 in
3834 2030 3881 2223 modum
3849 1749 3896 1981 pecorum
3833 1271 3892 1699 iumentorumque

3939 2683 3971 2935 numerum
3957 2648 3978 2659 ,
3935 2390 3967 2611 arvorum
3924 2192 3964 2354 autem
3913 2000 3975 2154 spatia
3918 1737 3975 1965 porrecta
3927 1590 3959 1700 6886
3910 1494 3957 1555 ad
3910 1272 3957 1460 Molos—

4119 2825 4172 2875 ἶᾎ)
4118 2672 4159 2797 Idem
4117 2585 4158 2637 de
4115 2384 4156 2549 Valerii
4114 2298 4154 2361 M.
4113 2190 4163 2269 lv,
4112 2116 4163 2166 6,
4111 2055 4151 2094 1.
4109 1851 4151 2014 iudicio
4109 1580 4150 1813 dicendum
4107 1448 4148 1541 erit.
4106 1273 4147 1374 Til).

4188 2676 4228 2790 enim
4186 2387 4236 2653 Gracchum,
4184 2286 4237 2355 qui
4184 2030 4235 2263 coniugem
4194 1868 4233 1999 quam
4194 1803 4220 1849 se
4180 1507 4231 1784 superstitem
4191 1390 4217 1483 esse
4190 1270 4216 1369 ma—

4257 2648 4307 2791 luerit,
4259 2477 4297 2612 multo
4256 2214 4295 2445 Admetum
4251 1890 4306 2183 generositate
4250 1600 4291 1858 antecedere
4252 1442 4301 1576 putat.
4246 1268 4302 1383 Quid

4326 2607 4366 2789 autem?
4326 2465 4367 2577 Num
4326 2361 4367 2435 ille
4323 2146 4365 2331 invitam
4322 1914 4363 2116 occidere
4334 1701 4361 1885 uxorem
4316 1498 4372 1669 potuit?
