5010 3336
3956 2184 4011 2264 60

3813 1375 3846 1498 anno
3804 1541 3862 1653 455,
3804 1689 3865 1937 Peliadas,
3816 1992 3849 2134 suum
3816 2168 3864 2265 iam
3815 2302 3847 2478 nomen
3798 2515 3862 2769 profite11S‚
3794 2802 3859 3069 impetrato

3720 1374 3780 1551 choro,
3735 1599 3783 1770 docuit
3720 1802 3784 2093 Euripides,
3719 2144 3766 2271 quae
3736 2304 3782 2472 fabula
3735 2503 3782 2553 in
3732 2589 3774 2764 conatu
3727 2798 3776 3068 restituen-

3654 1372 3702 1466 dae
3654 1502 3702 1608 seni
3655 1640 3703 1909 iuventutis
3656 1957 3703 2065 fere
3655 2113 3697 2219 tota
3650 2255 3701 2558 versabatur.
3652 2628 3701 2702 De
3650 2736 3693 2902 mente
3648 2938 3696 3067 enim

3559 1369 3617 1549 poetae
3574 1583 3606 1679 non
3566 1715 3623 1983 dubitabis,
3576 2023 3623 2066 si
3561 2101 3623 2236 Iolai,
3559 2273 3621 2354 qui
3573 2392 3620 2537 estin
3557 2562 3620 2860 Heraclidis,
3567 2898 3601 3066 exem-

3478 1366 3543 1504 plum
3479 1542 3537 1688 atque
3494 1723 3542 2094 similitudinem
3494 2129 3541 2333 rationis
3477 2371 3540 2622 respicies.

3412 1499 3460 1692 Eodem
3401 1728 3446 1885 anno,
3400 1924 3446 2019 quo
3399 2054 3461 2266 primum
3412 2302 3459 2349 in
3410 2386 3452 2636 certamen
3394 2670 3458 2935 Euripides
3408 2969 3441 3067 non

3333 1367 3381 1526 celato
3333 1550 3380 1748 nomine
3326 1794 3382 2069 descendit,
3318 2106 3382 2411 Aeschylum
3331 2444 3362 2472 e
3331 2498 3378 2600 vita
3328 2635 3376 2914 decessisse
3312 2949 3360 3064 pro-

3252 1365 3300 1522 ditum
3252 1561 3295 1637 est
3253 1670 3302 1957 memoriae.
3241 2030 3302 2363 Quamobrem
3249 2408 3299 2691 haereditas
3233 2744 3295 2884 quasi
3231 2932 3297 3064 θρό-

3171 1362 3203 1466 νου
3153 1500 3222 1839 τραγῳδικοῦ
3174 1876 3222 2080 deorum
3156 2116 3220 2332 ipsorum
3170 2368 3217 2618 voluntate
3169 2663 3199 2689 a
3167 2737 3199 2856 sene
3167 2891 3213 2952 ad
3167 2988 3214 3063 iu-

3090 1361 3122 1534 venem
3092 1571 3140 1831 transferri
3081 1866 3141 2152 ridebatur,
3075 2190 3123 2353 neque
3078 2389 3137 2587 dubito,
3073 2626 3135 2741 quin
3086 2777 3119 2915 suam
3073 2940 3118 3061 quo-

2995 1360 3042 1456 que
3011 1493 3043 1717 caussam
2995 1753 3061 2020 Euripides
2994 2056 3056 2333 respexerit
3009 2380 3056 2513 senis
2991 2566 3057 2809 decrepiti
3007 2841 3053 2888 in
3005 2922 3053 3062 iuve-

2929 1357 2962 1470 nem
2930 1516 2978 1739 mutandi
2932 1787 2974 2019 conatum
2914 2067 2975 2499 repraesentando.
2926 2586 2975 2790 Licebat
2925 2836 2974 2967 enim
2925 3015 2972 3061 ei

2832 1358 2897 1655 significare,
2850 1694 2881 1749 se
2851 1784 2899 1844 ad
2849 1882 2897 2247 successionem
2847 2282 2895 2408 illius
2829 2445 2894 2587 regni
2844 2609 2894 2910 destinatum
2844 2944 2877 3058 esse

2768 1357 2816 1454 sibi
2758 1489 2816 1676 videri3
2754 1731 2802 1894 neque
2770 1937 2817 2077 illum
2767 2125 2814 2184 ab
2767 2223 2814 2467 eiusmodi
2751 2503 2813 2803 ingenuitate
2764 2840 2812 3056 alienum

2688 1354 2735 1512 fuisse
2689 1561 2737 1860 Plutarchus
2677 1909 2735 2151 ostendit,
2672 2204 2718 2299 quo
2687 2346 2735 2454 loco
2686 2503 2734 2566 de
2670 2624 2732 2877 parabasi,
2669 2931 2716 3057 quae

2608 1352 2657 1548 Danaes
2608 1582 2656 1780 fabulae
2609 1814 2656 1999 inserta
2596 2034 2657 2158 suit,
2590 2208 2653 2425 exponit.
2606 2495 2654 2637 Hanc
2605 2684 2649 2850 autem
2589 2895 2651 3057 ipsam

2526 1352 2575 1571 fabulam
2513 1617 2571 1767 atque
2513 1816 2576 2075 parabasin
2511 2121 2574 2311 primae
2525 2348 2574 2650 didascaliae
2523 2686 2572 3055 attribuendam

2445 1352 2477 1468 esse
2447 1517 2479 1714 censeo.
2447 1804 2495 2028 Primum
2446 2077 2493 2206 enim
2443 2255 2488 2505 certamen
2444 2553 2491 2782 ineuntes
2428 2828 2491 3056 parabasi

2349 1350 2408 1523 poetas
2366 1560 2413 1632 uti
2367 1668 2414 1839 solitos
2355 1876 2398 2005 esse,
2367 2042 2408 2094 ut
2365 2130 2397 2184 se
2350 2212 2414 2511 Musamque
2364 2538 2396 2673 suam
2347 2707 2410 2892 populo
2363 2918 2394 3053 com-

2275 1349 2332 1674 mendarent,
2286 1728 2327 1777 et
2268 1821 2317 1913 per
2286 1950 2318 2004 se
2284 2042 2326 2427 consentaneum
2273 2465 2327 2569 est,¹
2284 2618 2325 2669 et
2267 2703 2330 3051 Aristophanis

2189 1349 2252 1577 exemplo
2195 1614 2253 1840 docetur,
2205 1877 2247 1930 et
2205 1965 2252 2212 communi
2187 2244 2245 2507 poetarum
2203 2544 2235 2683 more
2201 2718 2250 3052 confirmatur.

2119 1346 2169 1422 Ac
2112 1456 2170 1674 fuerunt,
2108 1730 2170 1812 qui
2125 1866 2172 1926 ad
2123 1977 2171 2306 cavillationes
2107 2332 2163 2590 poetarum
2122 2636 2169 2938 comicorum
2120 2977 2169 3051 di-

2040 1345 2089 1552 luendas
2041 1588 2090 1672 illa
2026 1708 2090 1933 parabasi
2042 1967 2075 2111 usum
2042 2147 2074 2259 esse
2026 2304 2090 2628 Euripidem,
2041 2675 2089 2888 florente
2040 2933 2087 3048 Ari-

1943 1345 2007 1618 stophane,
1944 1668 2004 1911 putarent.
1962 1985 2010 2078 Cui
1961 2125 2008 2400 sententiae
1961 2450 1992 2512 ne
1948 2559 2007 2893 subscribam,
1959 2930 2008 3045 Plu-

1878 1343 1926 1502 tarchi
1880 1546 1922 1716 monet
1871 1764 1928 2127 testimonium,
1864 2188 1927 2270 qui
1881 2326 1928 2519 videtur
1881 2568 1913 2663 non
1880 2714 1921 2817 tam
1878 2864 1926 3045 acerbe

1782 1341 1846 1599 Euripidis
1784 1636 1847 1992 ingenuitatem
1785 2028 1848 2423 reprehensurus
1787 2459 1849 2645 fuisse,
1800 2696 1846 2738 si
1798 2784 1842 3044 contume-

1718 1340 1765 1417 liis
1719 1465 1749 1577 eum
1719 1622 1767 1908 lacessitum
1721 1955 1768 2015 ad
1720 2064 1768 2403 defendendos
1720 2453 1768 2627 hostes
1718 2677 1750 2812 arma
1702 2849 1764 3044 cepisse

1621 1338 1685 1659 intelligeret.
1638 1730 1687 1969 Ceterum
1638 2003 1670 2098 non
1623 2134 1686 2359 potuisse
1622 2403 1686 2666 parabasin
1638 2701 1685 2781 alii
1637 2834 1684 3044 dramati

1545 1338 1604 1520 inseri,
1558 1555 1605 1651 nisi
1545 1686 1606 1748 ei,
1543 1800 1604 1930 quod
1541 1967 1601 2275 postremum
1558 2312 1602 2446 esset
1544 2482 1605 2807 didascaliae,
1542 2864 1599 3042 sponte

1459 1338 1523 1644 intelligitur.
1477 1723 1525 1871 Unde
1462 1918 1525 2122 satyrici
1478 2169 1526 2400 dramatis
1478 2452 1526 2617 locum
1477 2663 1524 2777 huic
1464 2828 1526 3040 fabulae,

1392 1337 1442 1468 sicut
1384 1502 1445 1788 Alcestidis,
1381 1824 1443 2126 assignatum
1397 2161 1445 2321 fuisse
1380 2356 1439 2591 apparet,-
1382 2627 1429 2789 neque
1397 2814 1440 3039 naturam

1314 1337 1363 1444 eius
1315 1502 1363 1561 ab
1315 1612 1347 1668 ea
1315 1704 1363 1987 conditione
1314 2032 1364 2348 abhorruisse
1300 2395 1363 2584 patebit
1299 2626 1365 3038 cognoscentibus

1217 1334 1278 1698 argumentum,
1218 1736 1283 1868 quod
1233 1905 1266 1966 ex
1218 2000 1282 2324 reliquiarum
1235 2359 1284 2555 indiciis
1234 2580 1283 2842 restituere
1235 2872 1284 3035 conati

1151 1332 1185 1522 sumuS.

1071 1468 1120 1674 Praeter
1058 1707 1119 1816 haS,
1056 1853 1103 1976 quas
1058 2012 1119 2129 dixi,
1071 2164 1120 2357 fabulas
1056 2391 1120 2580 primae
1072 2616 1122 2914 didascaliae
1075 2952 1108 3031 as-

972 1333 1038 1531 signare
990 1565 1039 1702 lubet
976 1738 1038 2119 Stheneboeam,
975 2157 1021 2303 quam
991 2325 1035 2376 et
975 2405 1039 2622 priorem
977 2648 1041 3031 Bellerophonte

909 1333 952 1384 et
895 1418 958 1868 antiquissimarum
909 1891 958 2171 fabularum
909 2195 942 2399 numero
910 2440 958 2599 fuisse
910 2637 959 2861 coniicio.
914 2898 962 3028 Tum

813 1332 875 1466 quod
827 1514 877 1758 Corinthii
814 1803 878 1935 regis
827 1980 877 2309 inconstantia
814 2354 873 2501 atque
813 2547 878 2757 perfidia
817 2792 865 3026 arguere-

734 1332 792 1441 tur,
746 1476 796 1574 illis
730 1609 796 1917 reipublicae
730 1950 795 2256 temporibus
746 2290 795 2661 accommodata
750 2694 798 2854 fuisse
751 2889 799 3026 vide-
