5010 3336
3936 2103 3994 2214 154

3793 1314 3856 1462 cepit,
3792 1497 3840 1620 quae
3804 1655 3849 1733 est
3787 1766 3850 1896 apud
3796 1930 3849 2215 Pausaniam
3778 2253 3846 2330 (ll,
3782 2366 3840 2448 25,
3774 2484 3839 2569 2,).
3783 2636 3834 2759 Attii
3762 2792 3826 2986 tragoe-

3718 1313 3777 1458 diam,
3712 1494 3759 1619 quae
3720 1651 3773 1914 Diomedes
3702 1949 3766 2261 inscribitur,
3710 2313 3757 2518 eandem
3692 2554 3751 2697 atque
3683 2732 3751 2985 Euripidis

3647 1312 3697 1532 Oeneum
3643 1567 3694 1722 fuisse
3640 1756 3689 1873 vidit
3635 1921 3688 2212 Welekerus
3618 2247 3665 2295 p.
3628 2331 3675 2443 589.
3627 2533 3675 2625 His
3607 2660 3672 2808 igitur
3617 2842 3660 2983 uten-

3569 1306 3614 1381 tes
3555 1416 3615 1624 auxiliis,
3562 1658 3610 1752 iam
3560 1786 3607 1846 ad
3545 1881 3601 2045 partes
3554 2078 3605 2274 fabulae
3545 2310 3598 2656 describendas
3526 2687 3591 2983 fragmenta-

3475 1302 3523 1400 que
3470 1432 3535 1798 interpretanda
3464 1838 3525 2109 aggredior.

3404 1433 3457 1603 Prodit
3387 1647 3451 1939 DiomedeS,
3395 1985 3438 2166 mutata
3378 2210 3433 2373 veste,
3387 2422 3418 2448 a
3383 2496 3434 2681 Thebis
3363 2729 3422 2873 atque
3375 2921 3407 2982 ex

3312 1299 3378 1631 Epigonorum
3321 1657 3370 1784 bello
3308 1809 3368 2022 rediens,
3316 2061 3357 2109 et
3311 2136 3361 2341 salutata
3308 2372 3351 2500 terra
3289 2536 3350 2694 patria
3298 2730 3346 2792 de
3281 2826 3341 2979 patris

3249 1297 3296 1374 sui
3231 1408 3297 1586 Tydei,
3241 1621 3290 1760 unius
3240 1779 3286 1840 de
3222 1857 3278 2047 septem
3221 2077 3283 2295 ducibus,
3215 2324 3275 2405 qui
3223 2430 3275 2627 Thebas
3201 2654 3260 2980 oppugnando

3153 1297 3216 1586 occiderint,
3147 1618 3212 1851 interitu,
3157 1888 3204 1951 de
3141 1984 3204 2140 bello,
3138 2178 3198 2305 quod
3134 2342 3190 2535 patrum
3132 2586 3189 2977 ulciscendorum

3087 1294 3120 1467 caussa
3085 1490 3133 1577 filii
3079 1602 3127 1867 eorundem
3075 1889 3124 2067 dueum
3054 2097 3115 2416 susceperint,
3063 2440 3108 2539 tum
3061 2571 3108 2632 de
3057 2660 3106 2773 belli
3052 2798 3095 2977 eventu

3008 1291 3051 1341 et
3005 1376 3054 1535 reditu
2989 1568 3036 1673 suo,
3000 1711 3048 1773 de
2999 1808 3045 1883 avi
2982 1913 3037 2063 sorte,
2978 2098 3025 2241 quem
2976 2279 3036 2489 interim,
2980 2527 3028 2641 dum
2962 2675 3025 2784 ipse
2959 2819 3018 2975 abest,

2911 1287 2960 1439 regno
2908 1476 2971 1667 pulsum
2920 1706 2967 1764 ab
2900 1812 2965 1949 Agrii
2900 1984 2962 2123 filiis,
2907 2173 2957 2408 miserum
2882 2453 2935 2760 egenumque
2890 2807 2924 2973 errare

2846 1285 2895 1464 audivit
2830 1494 2894 1573 ²²²),
2825 1622 2890 1835 denique
2836 1877 2884 1939 de
2831 1978 2880 2184 consilio
2827 2232 2860 2321 suo
2807 2375 2867 2591 exponit.
2798 2671 2865 2972 Explorandi

2767 1283 2814 1412 enim
2750 1450 2797 1649 caussa,
2758 1696 2807 1866 relicto
2739 1910 2802 2055 Argis
2735 2105 2794 2353 exercitu,
2731 2408 2776 2487 se,
2733 2524 2784 2788 comitante
2729 2822 2779 2970 Sthe-

2675 1279 2735 1409 nelo,
2670 1444 2732 1658 ignotum
2667 1693 2725 1935 omnibus,
2669 1972 2705 2225 reversum
2665 2262 2697 2372 esse
2649 2400 2706 2630 ostendit,
2644 2668 2695 2737 ut,
2649 2772 2699 2969 invento

2607 1279 2641 1399 sene
2602 1423 2653 1697 miserrimo
2591 1715 2613 1728 ,
2580 1764 2630 1968 regumn
2577 1995 2635 2252 paternum
2584 2278 2634 2384 sive
2576 2406 2615 2652 armorum
2574 2675 2621 2723 vi
2570 2754 2618 2855 sive
2568 2879 2617 2966 ali—

2514 1275 2561 1371 qua
2525 1398 2567 1505 arte
2504 1531 2555 1827 recuperare
2511 1854 2555 2072 conetur.

2445 1398 2505 1466 ³52
2426 1500 2489 1597 γῆς
2421 1629 2487 1875 πατρῴας
2417 1908 2478 2054 χαῖρε
2413 2090 2479 2342 φίλτατον
2418 2375 2471 2537 πέδον

2346 1407 2411 1750 Καλυδῶνος,
2352 1786 2406 1942 ἔνθεν
2333 1978 2405 2106 αἷμα
2327 2141 2392 2387 συγγενὲς
2322 2422 2386 2614 φυγὼν

2269 1411 2330 1631 Τυδεύς,
2264 1669 2325 1821 τόκος
2259 1855 2322 1953 μὲν
2255 1986 2317 2197 Οἰνέως,
2244 2234 2310 2405 πατὴρ
2257 2443 2306 2490 δ’
2239 2526 2308 2662 ἐμός,

2185 1400 2250 1607 ᾤκησεν
2179 1627 2252 1835 ’Ἀργος,
2186 1871 2238 2035 παῖδα
2184 2069 2235 2117 δ’
2166 2146 2239 2450 Ἀδράστου
2158 2486 2224 2665 λαβὼν

2100 1400 2164 1606 συνῆψε
2100 1638 2165 1833 γένναν
2119 1999 2126 2062 -—-
2112 2198 2120 2258 —
2109 2394 2116 2459 —-

1938 1395 2006 1694 „Ogygia
1926 1728 1993 2119 7120e72ia’'**)

2028 2388 2035 2450 -ψ

1833 1328 1887 1376 *)
1838 1410 1884 1648 Scholiast.
1821 1690 1877 1915 Aristoph.
1831 1949 1870 1978 l.
1828 2021 1867 2080 1.:
1811 2126 1870 2386 Γέγραπται
1804 2429 1859 2493 τῷ
1798 2522 1861 2754 Εὐριπίδῃ
1795 2800 1850 2954 δρᾶμα

1763 1405 1814 1583 Οἰνεύς.
1764 1662 1810 1795 Μετὰ
1762 1843 1805 1892 δὲ
1758 1930 1802 2011 τὸν
1754 2050 1801 2261 θάνατον
1740 2310 1791 2492 Τυδέως
1743 2548 1785 2623 καὶ
1722 2678 1784 2950 ἐπιστρά-

1699 1399 1728 1602 τευσιν
1680 1631 1734 1978 Διομήδους
1684 2007 1729 2152 κατὰ
1667 2197 1724 2471 Θηβαίων
1656 2502 1720 2718 ἀφῃρέθη
1654 2747 1711 2834 τὴν
1650 2863 1706 2950 βα-

1628 1395 1671 1566 σιλείαν
1617 1611 1668 1773 Οἰνεὺς
1620 1803 1666 1913 ὕπὸ
1617 1947 1658 2061 τῶν
1597 2117 1658 2340 Ἀγρίου
1601 2382 1646 2620 παίδων
1597 2661 1639 2757 καὶ
1580 2795 1622 2949 περι-

1547 1396 1604 1491 ῄει
1544 1530 1597 1826 ταπεινός.
1536 1885 1590 2241 Ap0110d.1.l.:
1539 2275 1581 2327 οἱ
1536 2369 1580 2425 δὲ
1519 2467 1579 2690 Ἀγρίου
1513 2721 1565 2948 παῖδες,

1474 1398 1533 1671 Θέρσιππος,
1467 1702 1530 1969 ’Όγχηστος,
1458 2003 1517 2236 Πρόθοος,
1449 2269 1511 2519 Κελεύτωρ,
1443 2547 1500 2809 Λυκωπεύς,
1452 2841 1493 2945 ,Ms-

1405 1391 1462 1643 λοῖνιππος,
1397 1687 1458 1966 α’φελόμενοι
1391 2014 1448 2099 τὴν
1390 2154 1442 2325 Οἰνέως
1383 2365 1436 2600 βασιλείαν
1373 2651 1428 2726 τῷ
1368 2765 1422 2946 πατρὶ

1341 1390 1393 1630 ἔδωκαν.
1341 1704 1383 1852 Minus
1333 1891 1372 2101 accurate
1331 2143 1372 2200 ab
1313 2244 1369 2384 Agrio
1311 2426 1365 2521 ipso
1316 2563 1361 2762 Oeneum
1298 2803 1341 2942 regno

1267 1390 1317 1566 pulsum
1274 1583 1301 1678 esse
1269 1701 1311 1834 tradit
1252 1847 1309 2053 Hyginus
1260 2073 1303 2198 hisee
1256 2215 1298 2386 verbis:
1238 2420 1293 2624 ‚,Agri11S,
1240 2650 1288 2942 Partaeaonis

1196 1388 1250 1533 filius,
1205 1563 1242 1610 ut
1202 1638 1244 1748 vidit
1199 1790 1240 1860 Oe
1194 1877 1223 2035 neum
1187 2078 1232 2319 fratrem
1181 2359 1223 2557 orbum
1178 2597 1219 2678 lib
1174 2694 1215 2808 eris
1170 2853 1213 2939 fa-

1126 1385 1176 1551 ctum,
1120 1583 1167 1851 egentem
1111 1882 1154 2060 regno
1105 2090 1157 2314 expulit
1100 2344 1151 2516 atque
1096 2546 1151 2671 ipse
1089 2700 1131 2937 regnum

1055 1384 1105 1667 possedit.
1056 1728 1101 1908 Interim
1036 1950 1094 2214 Diomedes,
1031 2262 1085 2405 Tydei
1039 2450 1082 2572 filius
1035 2602 1072 2644 et
1017 2672 1075 2934 Deiphyles‚

996 1381 1035 1429 ut
992 1458 1035 1630 audivit
988 1660 1018 1795 avum
985 1825 1013 1952 suum
965 1983 1008 2123 regno
962 2152 1015 2347 pulsum,
960 2391 1007 2592 pervenit
965 2626 1006 2668 in
958 2711 1002 2933 Aetoliam

924 1381 953 1503 cum
903 1549 965 1857 Sthenelo,
898 1913 953 2167 Capanei
903 2206 946 2375 filio⁷‘
900 2416 936 2498 ete.
894 2570 935 2680 Cum
887 2723 928 2932 extremis

840 1382 888 1628 congruunt
836 1657 890 1916 Apollodori
837 1946 879 2113 verba:
818 2155 881 2347 ὕστερον
829 2383 873 2431 δὲ
810 2461 868 2697 Διομήδης
809 2731 863 2785 ἐξ
802 2819 862 2928 ’Ἀρ-

772 1379 810 1519 γους
760 1548 818 2037 παραγενόμενος
753 2064 809 2183 μετ’
759 2211 808 2384 ἄλλον
742 2417 800 2623 κρύφα.

703 1283 756 1351 *‘)
711 1382 754 1538 Festus
697 1579 735 1622 p.
706 1664 750 1747 178
702 1791 744 1859 ed.
697 1903 741 2062 Miill.:
676 2106 734 2373 „Ogygia
681 2413 723 2640 moenia
677 2678 721 2837 Accius
674 2879 717 2923 in
