5010 3336
3955 2141 4011 2222 30

3827 1338 3876 1471 forte
3808 1505 3874 1817 vacuefacto,
3806 1864 3871 2073 Ulysses
3801 2107 3862 2252 atque
3800 2286 3865 2576 Diomedes,
3808 2623 3857 2804 strictis
3790 2837 3855 3011 gladiis

3747 1336 3794 1400 ad
3747 1442 3795 1577 illum
3740 1627 3792 1967 trucidandum
3722 2011 3784 2197 parati,
3735 2248 3778 2389 caute
3717 2432 3778 2807 progredientes
3726 2856 3769 2905 et
3724 2950 3773 3009 ad

3653 1335 3714 1554 quemvis
3650 1590 3711 1844 strepitum
3657 1882 3705 2072 attenti.
3656 2135 3705 2211 Ex
3640 2246 3688 2454 quorum
3648 2490 3697 2799 sermonibus
3629 2824 3679 3010 cogno-

3589 1332 3635 1489 scitur
3571 1533 3636 1799 Dolonem‚
3580 1844 3631 1977 forte
3576 2013 3625 2203 obviam
3561 2240 3624 2454 factum,
3571 2501 3617 2559 ab
3570 2596 3618 2657 iis
3565 2692 3617 3007 interfectum

3509 1329 3542 1473 esse:
3507 1507 3555 1558 id
3491 1593 3553 1722 quod
3502 1758 3550 1904 etiam
3500 1940 3532 2001 ex
3483 2037 3545 2238 spoliiS,
3479 2276 3525 2399 quae
3476 2434 3533 2658 gestant,
3471 2700 3537 3005 intelligitur,

3412 1329 3476 1574 simulque
3424 1609 3472 1828 eiusdem
3421 1864 3471 2076 hominis
3403 2111 3462 2351 pravitate
3413 2398 3455 2449 et
3409 2486 3454 2728 tesseram
3406 2765 3456 3005 Troiano-

3349 1326 3381 1434 rum
3347 1472 3395 1567 illis
3330 1603 3392 1847 proditam
3343 1886 3384 1934 et
3328 1969 3388 2157 locum,
3337 2208 3385 2257 in
3321 2302 3367 2398 quo
3331 2431 3380 2621 Hector
3316 2656 3375 2882 cubaret,
3326 2928 3374 3004 iu-

3268 1325 3316 1538 dicatum
3266 1576 3297 1704 esse.
3264 1764 3311 1860 Ubi
3260 1896 3295 2098 vacuum
3257 2136 3305 2298 cubile
3238 2332 3302 2600 inveniunt,
3235 2638 3296 2765 quod
3235 2793 3297 3002 Hector,

3188 1323 3220 1385 ne
3173 1420 3234 1574 quieti
3186 1610 3217 1663 se
3183 1698 3216 1866 rursus
3170 1902 3228 2071 daret,
3178 2119 3227 2274 Rhesi
3173 2318 3222 2530 adventu
3155 2566 3216 2842 prohibitus
3154 2879 3207 2998 erat,

3092 1321 3142 1411 spe
3093 1446 3155 1689 frustrati,
3088 1727 3135 1933 quonam
3100 1958 3132 2012 se
3087 2036 3145 2307 conferant,
3091 2344 3143 2646 deliberant:
3091 2683 3133 2734 et
3085 2759 3135 2999 suadente

3009 1319 3075 1703 prudentissime
3006 1764 3070 1975 Ulysse,
3020 2028 3061 2081 ut
3016 2126 3065 2330 redeant
3013 2388 3046 2511 neve
3010 2547 3053 2716 contra
3007 2749 3057 2996 fortunam

2946 1318 2994 1532 nitantur
2931 1580 2994 1876 (timendum
2940 1926 2986 2055 enim
2924 2091 2969 2229 esse,
2936 2276 2968 2339 ne
2933 2374 2981 2522 nimia
2929 2559 2973 2803 sectantes
2926 2840 2975 2998 salute

2850 1315 2914 1610 priventur),
2862 1646 2913 1912 Diomedes
2842 1948 2892 2158 quoque,
2842 2195 2901 2410 quamvis
2852 2447 2898 2508 ad
2847 2544 2898 2846 abutendum
2846 2882 2879 2993 suc-

2785 1315 2818 1460 cessu
2768 1508 2831 1734 pronior,
2782 1788 2829 1837 id
2763 1881 2827 2121 optimum
2776 2163 2825 2298 factu
2773 2335 2805 2447 esse
2753 2482 2819 2734 intelligit.
2753 2803 2814 2993 Quibus

2705 1310 2753 1477 redire
2702 1522 2751 1798 volentibus
2698 1845 2749 2069 Minerva
2680 2104 2743 2391 intervenit,
2676 2444 2733 2595 utque
2674 2643 2720 2734 pro
2686 2768 2735 2991 Hectore

2626 1309 2675 1531 Rhesum
2625 1568 2671 1630 de
2621 1665 2669 1830 medio
2619 1862 2666 2036 tollant
2600 2070 2666 2314 simulque
2598 2350 2644 2503 equos
2598 2530 2657 2652 eius,
2608 2689 2656 2799 albo
2607 2824 2654 2989 colore

2529 1309 2593 1653 splendenteS,
2527 1700 2589 1970 abducant,
2524 2008 2584 2258 hortatur,
2532 2295 2580 2478 docens
2530 2514 2573 2565 et
2529 2600 2577 2737 illum
2526 2771 2575 2986 fortissi-

2464 1305 2498 1439 mum
2451 1490 2496 1627 esse„
2462 1676 2504 1731 ut
2460 1778 2506 1855 vix
2457 1902 2506 2121 Achilles
2455 2171 2495 2253 aut
2437 2295 2500 2446 Aiax,
2435 2497 2495 2758 quominus
2446 2802 2495 2987 navalia

2369 1305 2424 1569 expugnet,
2367 1606 2428 1876 prohibere
2361 1909 2423 2088 possit,
2375 2123 2417 2171 et
2374 2205 2421 2296 hos
2355 2318 2420 2462 longe
2354 2487 2401 2724 equorum
2356 2748 2413 2982 omnium,

2289 1303 2353 1387 qui
2288 1422 2352 1601 ubique
2298 1635 2344 1881 terrarum
2282 1918 2343 2122 alantur,
2277 2158 2341 2533 pulcherrimos.
2272 2586 2338 2798 Negavit
2286 2819 2334 2981 Hora-

2223 1301 2273 1397 tius
2223 1431 2273 1578 deum
2220 1615 2263 1751 recte
2217 1786 2264 1931 rebus
2205 1968 2262 2227 interesse,
2212 2266 2259 2359 nisi
2193 2396 2259 2574 dignus
2205 2605 2256 2795 vindice
2205 2821 2253 2979 nodus

2142 1298 2194 1569 incidisset.
2139 1638 2189 1747 Non
2120 1782 2183 2105 expediendis
2119 2139 2179 2321 rebus,
2115 2369 2164 2490 quas
2113 2525 2170 2672 poeta
2109 2706 2174 2980 impedivit,

2063 1296 2095 1393 non
2060 1435 2109 1667 solvendo
2058 1719 2105 1764 ei
2043 1812 2102 1967 nodo,
2038 2016 2085 2161 quem
2052 2206 2084 2294 nos
2048 2332 2098 2502 dicere
2031 2534 2096 2781 solemus,
2043 2830 2090 2977 deum

1979 1295 2031 1629 adhibendum
1977 1669 2010 1781 esse
1975 1830 2022 1975 docet
1958 2022 2021 2290 Horatius;
1952 2340 2015 2505 potius
1967 2552 1997 2610 ex
1949 2657 2013 2766 ipsa
1961 2811 2012 2977 fabula

1902 1295 1944 1347 et
1884 1378 1948 1747 impeditionem
1896 1784 1938 1834 et
1892 1869 1940 2164 solutionem
1890 2209 1935 2342 nasci
1872 2386 1930 2621 oportere
1883 2665 1930 2974 consentiens

1821 1294 1853 1405 cum
1816 1439 1867 1709 Aristotele
1813 1744 1856 1937 censet:
1812 1985 1858 2074 sed
1811 2119 1858 2203 ubi
1808 2250 1858 2478 inciderit
1791 2509 1854 2671 aliqua
1803 2705 1853 2972 difficultas

1727 1292 1789 1565 eiusmodi,
1722 1611 1769 1735 quae
1734 1782 1766 1877 non
1718 1911 1779 2067 possit
1730 2100 1779 2245 ullius
1728 2280 1779 2490 hominis
1709 2526 1758 2677 opera
1710 2710 1769 2970 removeri,

1644 1290 1708 1436 digna
1659 1472 1705 1551 dei
1642 1584 1703 1784 auxilio,
1655 1818 1702 1887 ibi
1652 1912 1700 2043 hunc
1650 2069 1692 2206 recte
1648 2230 1697 2459 arcessiri
1642 2483 1693 2762 arbitratur.
1642 2807 1692 2969 Huius

1564 1288 1627 1483 generis
1576 1518 1623 1676 nodus
1575 1713 1618 1799 aut
1557 1831 1605 2070 nusquam
1570 2108 1612 2190 aut
1569 2224 1618 2274 in
1568 2308 1617 2403 hoc
1566 2437 1614 2671 dramatis
1563 2707 1610 2815 loco
1561 2851 1594 2967 con-

1483 1287 1546 1523 spicitur,
1496 1569 1543 1653 ubi
1494 1695 1537 1778 aut
1490 1824 1539 2128 redeundum
1487 2176 1537 2275 fuit
1472 2316 1533 2704 speculatoribus
1469 2744 1531 2964 Graecis,

1418 1285 1461 1369 aut
1417 1402 1449 1518 casu
1400 1551 1464 1711 aliquo
1397 1746 1457 1893 atque
1410 1929 1459 2130 fortuna
1393 2168 1456 2515 efficiendum,
1406 2561 1448 2613 ut
1404 2647 1436 2769 nova
1400 2804 1451 2965 damni

1337 1283 1387 1529 inferendi
1334 1558 1382 1759 materia
1333 1784 1379 1842 iis
1329 1871 1378 2149 offerretur.
1314 2201 1375 2363 Quum
1325 2390 1369 2552 autem
1323 2581 1356 2746 casum
1320 2781 1370 2967 fortui-

1258 1283 1302 1390 tum
1239 1426 1303 1678 tragoedia
1238 1714 1300 1958 excludat„
1233 1997 1281 2162 quum,
1230 2197 1279 2515 quaecunque
1240 2540 1288 2827 mortalibus
1238 2855 1289 2962 sine

1160 1280 1227 1504 ipsorum
1158 1539 1206 1690 opera
1172 1726 1214 1776 et
1169 1811 1217 2015 consilio
1166 2052 1215 2182 ultro
1155 2219 1213 2465 eveniunt,
1147 2500 1208 2834 praesentium
1158 2870 1191 2959 nu-

1096 1281 1145 1465 minum
1095 1513 1141 1557 vi
1093 1608 1142 1742 effici
1074 1792 1133 2050 putentur7
1086 2101 1129 2238 recte
1085 2284 1127 2335 et
1081 2366 1129 2647 necessario
1061 2680 1128 2958 Euripides,

1015 1277 1065 1486 Homeri
1011 1530 1059 1869 auctoritatem
994 1916 1049 2142 secutus,
1003 2188 1053 2466 Minervam
1001 2514 1051 2563 in
997 2611 1031 2807 scenam
981 2842 1028 2956 pro-

923 1279 988 1437 duxit,
919 1475 982 1605 quod
929 1641 980 1829 faciens
927 1864 975 1960 hoc
925 1994 973 2140 simul
922 2173 966 2428 assecutus
908 2466 964 2558 est,
907 2595 962 2666 ut,
903 2701 951 2827 quae
917 2859 949 2955 uno

838 1280 899 1507 tempore
853 1540 901 1589 in
848 1625 898 1834 diversis
843 1871 890 2144 castrorum
842 2175 891 2295 locis
824 2340 885 2575 aguntur,
838 2619 886 2742 deae
821 2787 869 2952 opera,

3062 3186 3172 3195 oe-U‘*

2084 3176 2090 3178 ’
2146 3177 2862 3195 ι-Ε-Ὰ-κ-ιῌ-νΛ-ψ--ἥ
2868 3190 2892 3194 —r
