5010 3336
950 2071 1048 2189 24⁸9

1145 2765 1203 2954 Creon,
1140 2404 1191 2700 conscientia
1138 2172 1195 2358 fretuS‚
1151 1966 1199 2121 aequo
1136 1762 1183 1918 auimo
1134 1542 1183 1712 tulisse
1133 1305 1182 1495 videtur

1240 2828 1287 2953 quae
1223 2745 1271 2795 in
1221 2528 1270 2713 recenti
1220 2353 1266 2495 animi
1224 2131 1266 2322 tumore
1216 1925 1263 2097 muner
1215 1522 1262 1892 criminabatur:

1303 2655 1359 2821 ἄλλως
1315 2570 1349 2623 τε
1298 2327 1360 2539 πάντων
1293 1892 1359 2294 δυςμαχώτατον
1292 1707 1357 1861 γυνή.

1383 2712 1430 2821 Hoc
1380 2438 1441 2675 colloquio
1377 2251 1432 2403 finito,
1376 2079 1422 2213 locus
1374 1894 1421 2044 fiebat
1375 1724 1421 1861 alteri
1372 1551 1419 1689 chori
1373 1305 1422 1520 carmini.

1464 2851 1512 2950 Aut
1461 2727 1507 2818 luis
1460 2488 1524 2691 gravitas
1454 2210 1520 2452 deplorari
1458 2091 1502 2173 aut
1453 1876 1500 2057 Bacchi
1468 1763 1499 1841 res
1457 1564 1516 1730 gestae
1453 1299 1500 1538 celebrari

1546 2660 1605 2949 potuerunt:
1553 2415 1600 2615 quorum
1542 2108 1597 2366 utrumque
1533 2002 1579 2059 fit
1533 1842 1595 1969 apud
1531 1555 1578 1806 Senecam.
1531 1296 1579 1483 Deinde

1620 2726 1682 2944 Oedipus
1632 2466 1671 2665 caeam,
1616 2204 1663 2413 ducente
1628 2075 1660 2168 uno
1612 1841 1659 2022 famulo
1610 1655 1667 1803 fideli,
1612 1547 1658 1593 in
1627 1298 1660 1493 scenam

1699 2715 1763 2947 prodiens
1712 2491 1746 2690 uxorem
1694 2123 1743 2450 conveniebat.
1692 1959 1739 2075 Post
1696 1758 1739 1923 mutua
1690 1525 1738 1731 lamenta
1689 1296 1738 1481 Iocaste

1778 2800 1825 2948 fidem
1790 2453 1837 2763 amoremque
1774 2260 1838 2402 plane
1771 1920 1837 2211 singularem
1770 1566 1817 1866 ostendendo
1769 1294 1817 1520 maritum

1857 2671 1905 2947 consolatur
1859 2588 1903 2637 et
1859 2324 1916 2554 quantum
1852 2074 1910 2270 officio,
1867 1882 1905 2027 cura,
1850 1596 1912 1829 obsequio
1854 1511 1897 1560 et
1849 1292 1912 1477 pietate

1936 2812 1984 2946 effici
1935 2609 1998 2778 possit,
1949 2379 1998 2574 operam
1948 2289 1980 2341 se
1933 2033 1979 2255 daturam
1945 1888 1977 1999 esse
1929 1575 1993 1855 pollicetur,
1935 1475 1977 1528 ut
1928 1293 1976 1442 detri-

2020 2714 2073 2946 mentum,
2013 2553 2076 2680 quod
2012 2269 2060 2517 oculorum
2011 2050 2059 2233 lumine
2010 1802 2074 2017 privatus
2009 1689 2068 1767 sit„
2013 1341 2072 1650 compenset:

2085 2711 2158 2815 ἡδὺ
2092 2611 2154 2675 δ’,
2090 2510 2158 2578 ἢν
2090 2311 2142 2476 κακόν
2108 2230 2141 2280 τι
2088 2016 2154 2198 πράξῃ,
2086 1509 2150 1980 συσκυθρωποίζειν
2085 1332 2136 1477 πόσει

2174 2606 2238 2814 ἄλοχον,
2168 2515 2221 2571 ἐν
2172 2321 2241 2482 κοινῷ
2188 2234 2220 2287 τε
2170 2037 2233 2202 λύπης
2166 1809 2234 2005 ἡδονῆς
2169 1734 2216 1777 τ’
2164 1567 2231 1698 ἔχειν
2163 1367 2231 1533 μέρος.

2253 2732 2304 2814 σοὶ
2252 2649 2303 2696 δ’
2250 2452 2317 2612 ἔγωγε
2251 2333 2302 2419 καὶ
2254 2048 2301 2300 νοσοῦντι
2249 1699 2298 2016 συννοσοῦσ’
2245 1416 2311 1663 ἀνέξομαι

2331 2725 2383 2812 καὶ
2333 2515 2383 2693 κακῶν
2332 2376 2382 2483 τῶν
2333 2234 2381 2342 σῶν
2328 1930 2390 2189 συνοίσω,
2327 1696 2379 1887 κούδὲν
2326 1547 2378 1653 ἐστί
2345 1416 2392 1506 μοι
2342 1289 2377 1370 πι-

2410 1952 2474 2097 κρόν.

2490 2681 2556 2806 μετὰ
2491 2475 2556 2646 φίλων
2489 2343 2557 2442 γὰρ
2491 2074 2556 2307 εὐτυχεῖν
2506 1988 2540 2040 τε
2489 1859 2555 1955 χρὴ
2488 1633 2554 1823 φίλους
2487 1514 2540 1602 καὶ
2488 1287 2549 1469 δυςτυ-

2574 1961 2636 2094 χεῖν·

2679 2746 2687 2807 -
2681 2550 2686 2613 —
2649 2372 2700 2420 τί
2648 2239 2715 2338 γὰρ
2649 2138 2716 2202 δὴ
2651 2046 2701 2106 τὸ
2648 1852 2714 2009 φίλον
2650 1693 2699 1819 ἄλλο
2647 1523 2715 1658 πλὴν
2649 1376 2700 1491 τόδε
2670 1350 2709 1364 3

2756 1580 2768 2809 νέ-αῇ-α--ο-ο

2815 2667 2860 2807 πᾶσα
2808 2534 2875 2636 γὰρ
2809 2336 2876 2497 δούλη
2809 2069 2875 2303 πέφυκεν
2805 1841 2873 2036 ἀνδρὸς
2808 1773 2875 1808 ἦ
2808 1509 2874 1740 σώφρων
2810 1324 2876 1477 γυνή,

2889 2772 2956 2807 ἦ
2889 2681 2942 2738 δὲ
2887 2577 2957 2648 μὴ
2890 2310 2956 2540 σώφρων
2890 2121 2958 2275 ἀνοίᾳ
2889 1997 2942 2089 τὸν
2890 1746 2953 1962 ξυνόνθ’
2889 1379 2956 1713 ὑπερφρονεῖ.

3049 2547 3113 2800 οὐδεμίαν
3051 2348 3117 2515 ὤνησε
3050 2125 3111 2314 κάλλος
3050 2022 3111 2093 εἰς
3051 1832 3102 1989 πόσιν
3050 1524 3115 1800 ξυνάορον,

3127 2648 3196 2802 ἁρετὴ
3130 2566 3180 2611 δ’
3132 2363 3196 2528 ὤνησε
3132 2111 3191 2330 πολλοῖς·
3137 1937 3182 2075 πᾶσα
3130 1803 3198 1903 γὰρ
3131 1591 3197 1768 ἀγαθὴ
3133 1403 3199 1557 γυνή,

3208 2694 3275 2805 ἥτις
3209 2507 3275 2661 ἀνδρὶ
3210 2179 3275 2472 συντέτηκε,
3216 1841 3276 2140 σωφρονεῖν
3210 1528 3262 1806 ἐπίσταται.

3292 2619 3355 2802 πρῶτα
3290 2491 3356 2586 μὲν
3292 2359 3357 2459 γὰρ
3294 2170 3342 2325 ταῦθ’
3291 1894 3358 2135 ὑπάρχει·
3292 1746 3344 1847 κᾶν
3295 1470 3357 1712 ἄμορφος
3283 1402 3359 1437 ᾗ
3295 1278 3344 1370 πό-

3383 1991 3434 2085 σις’

3449 2706 3516 2802 χρὴ
3451 2495 3503 2669 δοκεῖν
3455 2189 3518 2461 εὔμορφον
3446 2022 3503 2156 εἶναι
3457 1925 3518 1989 τῇ
3469 1834 3518 1891 γε
3455 1665 3503 1801 νοῦν
3452 1322 3518 1633 κεκτημένῃ·

3532 2729 3582 2794 οὐ
3531 2596 3599 2696 γὰρ
3532 2288 3599 2563 ὀφθαλμὸς
3532 2196 3584 2253 τὸ
3534 1978 3597 2162 κρῖνόν
3530 1782 3595 1945 ἐστιν,
3532 1619 3584 1748 ἀλλὰ
3537 1458 3593 1587 νοῦς
3533 1303 3584 1423 τόδε

3692 2412 3709 2426 ae·

3692 2565 3759 2798 εὐλογεῖν
3693 2465 3754 2531 δ’,
3692 2304 3744 2429 όταν
3712 2222 3744 2271 τι
3692 2057 3760 2190 λέξῃ,
3693 1927 3760 2023 χρὴ
3694 1701 3754 1892 δοκεῖν,
3693 1548 3745 1650 κᾶν
3694 1446 3761 1516 μὴ
3693 1272 3762 1412 λέγῃ,

3773 2514 3825 2798 κᾶκπονεῖν
3776 2416 3824 2482 ἃν
3781 2315 3839 2385 τῷ
3775 2075 3836 2283 ξυνόντι
3776 1918 3839 2050 πρὸς
3777 1742 3842 1893 χάριν
3774 1556 3841 1711 μέλλῃ
3773 1353 3840 1520 λέγειν
3775 1271 3841 1339 *).

3853 2857 3901 2925 Et
3856 2476 3905 2789 confirmatur
3858 2268 3905 2426 animo
3858 1910 3920 2206 erigiturque
3858 1627 3921 1849 Oedipus
3873 1271 3919 1568 cognoscens

3948 2712 3982 2924 amorem
3935 2469 3983 2677 fidorum
3937 2167 3986 2434 amicorum
3938 1909 3986 2132 omnibus
3938 1701 4002 1875 opibus
3937 1270 4001 1673 praestantiorem

4027 2784 4060 2922 esse:

4124 2816 4177 2867 ³⁸‘)
4125 2607 4181 2787 Fragm.
4129 2495 4169 2578 inc.
4127 2370 4169 2464 151.
4128 2242 4171 2336 152.
4131 2085 4171 2183 Huc
4130 1811 4174 2043 referenda
4143 1676 4172 1770 esse
4129 1433 4172 1633 viderunt
4128 1355 4170 1402 C.
4127 1273 4169 1323 F.

4196 2510 4240 2785 Hermannus
4203 2439 4241 2481 et
4200 2139 4242 2413 Welckerus.
