5010 3336
2802 3244 2821 3287 «Η

1190 2808 1238 2997 licitum
1202 2746 1231 2772 e

1022 2112 1077 2227 437

1198 2662 1232 2741 sse
1179 2339 1243 2628 putabatur,
1176 2255 1218 2301 et
1172 2088 1215 2221 tanto
1164 1901 1224 2053 inagis
1153 1553 1210 1857 necessario,
1156 1328 1211 1505 quanto

1264 2705 1335 2995 generosior
1261 2604 1307 2669 sit
1256 2378 1311 2570 mulier,
1250 2182 1298 2341 scelus
1242 1964 1309 2146 patrari
1237 1672 1298 1929 intelliges.

1342 2643 1392 2861 Triviam
1339 2403 1385 2598 invocat
1332 2152 1385 2357 chorus,
1329 2049 1370 2103 ut
1322 1824 1367 2005 laetum
1311 1591 1375 1777 coeptis
1307 1326 1355 1543 Creusae

1437 2710 1477 2992 successum
1420 2589 1466 2673 det
1416 2479 1475 2560 ’ῦς
1410 2250 1459 2429 etenim
1406 2078 1452 2203 hanc
1404 1868 1462 2041 laqueo
1396 1697 1460 1833 prius
1390 1516 1437 1663 vitam
1385 1326 1431 1471 abru-

1511 2797 1570 2994 pturam
1514 2648 1555 2777 esse,
1512 2483 1560 2626 quam
1502 2195 1555 2462 passuram,
1489 2105 1529 2159 ut
1479 1794 1543 2081 peregrinus
1485 1573 1533 1775 regnum
1466 1324 1512 1548 domum-

1600 2894 1647 2989 que
1585 2623 1646 2874 paternam
1576 2372 1636 2592 occupet,
1573 2300 1614 2347 et
1564 1916 1626 2276 indignaturum
1571 1785 1603 1894 esse
1551 1614 1598 1760 etiam
1543 1322 1600 1588 Bacchum,

1664 2943 1711 2987 si
1661 2771 1709 2923 saeris
1658 2645 1706 2746 suis
1650 2370 1703 2618 nocturnis
1646 2254 1708 2354 Η),
1642 2043 1706 2216 quibus
1643 1975 1685 2023 et
1635 1771 1682 1943 stellae
1636 1695 1677 1744 et
1630 1560 1674 1670 luna
1630 1490 1671 1539 et
1637 1323 1683 1463 nym-

1743 2858 1807 2990 phae
1740 2553 1793 2824 laetentur,
1733 2256 1778 2502 interesse
1724 2062 1770 2222 videat
1730 1837 1765 2027 servum
1724 1629 1771 1802 vagum
1703 1465 1765 1595 regis
1716 1322 1747 1429 mu-

1821 2790 1870 2985 neribus
1817 2445 1877 2745 fungentem.
1805 2203 1853 2377 Iniuria
1806 1998 1848 2159 autem
1793 1720 1842 1951 mulieres
1783 1456 1833 1667 libidinis
1794 1321 1825 1401 ac-

1900 2795 1957 2984 cusari,
1912 2635 1945 2745 cum
1890 2444 1940 2601 Xuthi
1885 2234 1936 2411 iniuria
1881 2027 1931 2203 nullius
1872 1775 1925 1992 mulieris
1863 1422 1931 1739 improbitate
1859 1318 1905 1389 le-

1980 2879 2028 2983 vior
1979 2766 2026 2845 sit.

2057 2639 2117 2851 Quartus
2054 2469 2098 2606 actus
2044 2113 2094 2438 narrationem
2037 1929 2085 2080 habet
2028 1688 2087 1905 convivii,
2026 1615 2072 1663 in
2038 1498 2086 1591 quo
2031 1315 2067 1465 senex

2139 2814 2186 2981 Ionem
2132 2494 2182 2776 interficere
2130 2256 2174 2455 conatus
2122 2140 2169 2214 sit.
2119 2047 2165 2088 A
2131 1922 2178 2017 quo
2109 1676 2160 1889 convivio
2102 1440 2151 1640 Xuthus
2096 1314 2143 1398 ab-

2217 2824 2265 2980 fuisse
2213 2591 2275 2790 fingitur
2210 2432 2266 2562 ideo,
2204 2251 2268 2395 quod,
2202 2173 2247 2214 si
2196 1831 2251 2153 interfuisset,
2204 1702 2237 1797 non
2182 1439 2250 1679 potuisset
2189 1310 2223 1406 non

2297 2720 2345 2981 maximum
2304 2511 2337 2675 rerum
2288 2164 2332 2462 momentum
2278 1952 2324 2117 facere
2277 1857 2319 1905 et
2268 1695 2317 1823 Iouis
2274 1420 2328 1659 personae
2253 1309 2302 1385 of-

2377 2811 2423 2977 ficere.
2371 2640 2419 2744 Diis
2369 2455 2429 2604 igitur
2362 2122 2427 2419 genitoribus
2358 2039 2403 2087 in
2366 1812 2401 2000 summo
2345 1594 2395 1777 montis
2335 1306 2388 1558 cacumine

2453 2702 2508 2973 sacrificat,
2447 2530 2494 2645 dum
2445 2446 2489 2494 in
2440 2150 2489 2397 radicibus
2436 1976 2481 2106 filius
2431 1796 2477 1928 cives
2422 1542 2473 1760 convivio
2414 1310 2477 1506 excipit.

2529 2580 2582 2974 Tabernaculum
2525 2464 2571 2546 hic
2518 2174 2567 2428 collocarit
2514 2006 2560 2130 tanti
2509 1791 2571 1960 spatii,
2501 1572 2565 1741 quanti
2494 1303 2545 1525 solebant

2628 2859 2661 2971 esse
2611 2601 2665 2825 theatra,
2618 2396 2665 2553 eoque
2601 2240 2655 2360 situ,
2595 2121 2657 2202 qui
2598 2036 2639 2086 et
2587 1684 2637 2003 meridianum
2586 1598 2628 1648 et
2576 1305 2625 1562 occiduum

2692 2817 2740 2971 solem
2686 2462 2742 2781 defenderet,
2695 2328 2743 2414 pro
2682 2159 2724 2291 tecto
2688 2007 2720 2123 usus
2672 1894 2716 1969 est
2664 1679 2712 1859 aulaeis
2658 1490 2707 1642 sacris
2654 1301 2701 1457 dona-

2773 2768 2819 2971 riorum.
2768 2634 2814 2699 Et
2763 2406 2811 2599 culmen
2758 2175 2819 2371 quidem
2748 1851 2800 2138 convestivit
2742 1653 2808 1818 peplo,
2753 1468 2802 1614 quem
2732 1299 2781 1435 Her-

2851 2833 2898 2967 cules
2862 2735 2894 2796 ex
2841 2375 2894 2702 Amazonibus
2835 2080 2890 2340 retulerat,
2831 1993 2877 2043 in
2842 1864 2889 1959 quo
2822 1636 2871 1827 coelum
2832 1492 2865 1600 cum
2809 1297 2860 1455 stellis

2920 2386 2967 2503 solis
2915 2208 2964 2335 euim
2917 2106 2959 2157 et
2911 1930 2957 2073 lunae
2909 1829 2952 1879 et
2899 1639 2949 1797 noetis
2901 1538 2943 1588 et
2904 1295 2939 1503 aurorae

2930 2718 2993 2967 depictum
2928 2550 2972 2681 erat:

2978 1603 3025 1658 In
2970 1296 3039 1569 parietibus

3022 2725 3074 2967 personae
3020 2577 3051 2689 cum
3000 2324 3047 2541 siderum
2994 2148 3058 2297 signis
2988 1724 3038 2121 ostendebantur.

3093 2798 3136 2960 autem
3096 2525 3145 2762 expressa
3083 2388 3124 2491 erat
3074 2047 3120 2351 Graecorum
3074 1960 3115 2011 et
3067 1610 3114 1927 barbarorum
3067 1414 3118 1575 pugna
3063 1294 3094 1380 na—

3166 2843 3215 2963 valis
3168 2748 3210 2797 et
3164 2490 3208 2704 monstra
3156 2219 3202 2437 serarum
3147 1942 3194 2182 debellata
3143 1775 3205 1905 (sine
3137 1594 3186 1740 dubio
3124 1292 3184 1544 Centauri,

3246 2848 3308 2960 equi
3239 2534 3294 2813 Diomedis,
3251 2343 3282 2485 ceria
3230 2078 3290 2295 aeripeS,
3225 1950 3270 2028 leo
3214 1595 3275 1915 Nemeaeus).
3204 1293 3256 1528 Herculis

3328 2816 3388 2962 igitur
3318 2529 3369 2793 certamina
3330 2386 3360 2493 cum
3325 2186 3373 2349 pugna
3303 1904 3354 2166 Salaminia
3299 1619 3346 1875 coniuncta
3291 1429 3337 1584 erant.
3282 1292 3329 1359 Et

3408 2835 3455 2961 haec
3400 2638 3449 2798 omnia
3398 2305 3443 2602 Amazonum
3394 2152 3433 2258 arte
3398 1873 3447 2103 expressa
3379 1670 3425 1826 fuisse
3369 1496 3417 1637 finxit
3366 1288 3427 1450 poeta,

3485 2827 3534 2959 unde
3475 2409 3530 2783 Atheniensium
3470 2146 3514 2349 xirtutes
3481 1992 3511 2089 nou
3460 1758 3514 1947 minus,
3466 1564 3516 1706 quam
3441 1286 3493 1517 Herculis

3546 1961 3607 2235 divulgatus
3540 1777 3587 1933 [uisse
3530 1422 3591 1745 colligeretur.
3520 1287 3566 1385 De*

3631 1696 3662 1777 rso
3607 1437 3673 1649 positum
3604 1282 3647 1388 erat

3694 1536 3750 1730 lecrops
3722 1506 3744 1519 ,
3680 1283 3745 1460 partim

3563 2736 3628 2957 gloriam,
3573 2622 3622 2709 per
3562 2438 3601 2595 totum
3550 2255 3596 2419 orbem

3645 2806 3706 2954 nique
3638 2684 3685 2763 his
3636 2336 3682 2638 Amazonum
3626 2057 3688 2289 operibus
3637 1947 3668 2007 ex
3619 1781 3665 1901 adve

3717 2638 3774 2952 Atheniensis
3712 2342 3760 2591 cuiusdam
3704 2026 3760 2303 donarium,
3701 1931 3747 1980 in
3712 1792 3760 1885 quo
3694 1731 3739 1753 Ε

3838 2190 3879 2288 litiis
3848 2087 3876 2169 non
3833 1928 3874 2071 minus
3829 1756 3876 1913 Diana,
3835 1612 3877 1725 quae
3816 1434 3860 1590 Trivia
3815 1278 3865 1412 atquc

3922 2160 3963 2291 quum
3906 1944 3957 2122 Apollo,
3910 1773 3951 1903 quem
3907 1654 3947 1733 pro
3891 1505 3930 1612 luno
3880 1277 3925 1462 Graccis

3972 1895 4013 1983 Sed
3968 1792 4009 1866 hie
3962 1596 4005 1763 diurnis
3964 1439 4011 1567 atque
3966 1278 4006 1407 uper—

3856 2843 3909 2893 *)
3849 2582 3894 2813 Itineribus
3851 2515 3887 2557 et·
3857 2348 3885 2495 reruni
3840 2295 3880 2322 ii

3918 2626 3965 2810 ’Ἐνοδία
3917 2334 3963 2586 dicebatur,

3992 2670 4033 2808 fuisse
3988 2436 4035 2638 diximus,
3981 2179 4037 2404 praeli-ctu
3979 2043 4017 2149 erat.

4061 2724 4111 2805 tis,
4059 2604 4100 2687 illa
4054 2358 4098 2577 nocturnis
4054 2188 4102 2318 utque
4041 1869 4086 2148 clandestinis
4034 1645 4088 1832 inceptis
4025 1278 4081 1602 auspicabatur.

4132 2835 4185 2907 Μ’)
4126 2646 4182 2809 ὄψεται
4126 2433 4181 2613 ἔννυχος
4119 2228 4168 2402 ἄϋπνος
4113 2135 4158 2197 ὤν
4116 2039 4155 2093 de
4111 1828 4153 2011 Baccho
4107 1622 4149 1787 dietum
4102 1493 4149 1577 est,
4108 1365 4136 1448 uon
4091 1274 4131 1326 de

4200 2677 4253 2798 Ione,
4198 2604 4240 2649 id
4198 2460 4253 2574 quod
4192 2232 4249 2431 plerique
4183 1990 4240 2202 suspicati
4184 1850 4223 1962 sunt.
