5010 3336
1492 3277 1541 3327 [lm

1145 2130 1199 2248 317

1302 2880 1368 3014 regni
1298 2656 1365 2846 paterni
1300 2416 1357 2622 uterque
1291 2040 1346 2369 adolesceret,
1284 1728 1348 1993 Sophocles
1282 1486 1347 1681 quidem
1282 1366 1330 1440 in-

1383 2874 1446 3013 gredi
1382 2697 1436 2838 viam,
1392 2567 1439 2658 qua
1372 2262 1434 2533 Aeschylus
1368 1964 1432 2226 praeierat,
1381 1772 1426 1927 neque
1365 1504 1411 1732 deserere
1363 1363 1410 1469 eius

1463 2761 1516 3012 rationem,
1457 2639 1503 2723 sed
1455 2364 1518 2600 perficere
1455 2174 1509 2318 atque
1461 1805 1492 2138 consummare
1444 1620 1488 1770 voluit
1442 1360 1503 1585 poliendo

1542 2871 1590 3010 rudia
1544 2694 1598 2836 atque
1531 2346 1595 2659 incomposita
1565 2312 1583 2324 ,
1523 1944 1586 2261 temperando
1523 1657 1575 1907 immania,
1520 1358 1567 1619 molliendo

1622 2891 1666 3010 dura
1623 2806 1663 2855 et
1613 2473 1678 2771 praefracta,
1621 2194 1670 2419 pompam
1609 2110 1649 2158 et
1601 1620 1665 2074 magniloquentiam
1600 1358 1645 1582 imminu-

1698 2870 1754 3009 endO,
1697 2776 1741 2833 ad
1692 2423 1745 2737 modestiam,
1683 1998 1748 2369 pulcritudinem
1685 1552 1738 1946 venustatemque
1678 1356 1723 1515 omnia

1774 2718 1823 3010 revocando,
1771 2462 1816 2638 Contra
1764 2156 1827 2416 Euripides
1763 1993 1808 2109 trito
1760 1774 1805 1943 itinere
1757 1500 1818 1725 progredi
1758 1357 1801 1451 Ae-

1854 2754 1916 3008 schylique
1848 2489 1910 2703 vestigiis
1845 2217 1891 2445 insistere
1842 1887 1902 2172 dedignatus
1843 1760 1884 1849 est.
1836 1599 1895 1691 Qui
1851 1418 1895 1563 quum
1849 1353 1879 1379 a

1933 2731 1994 3008 cognitione
1943 2522 1974 2683 rerum
1923 2120 1971 2478 reconditarum
1923 1647 1977 2073 abstrusarumque
1915 1524 1960 1583 ad
1912 1352 1971 1478 vulgi

2010 2567 2073 3004 frequentissimam
2004 2238 2051 2517 concionem
1999 1852 2046 2188 delectandam
1995 1440 2053 1806 docendamque
2007 1350 2037 1404 se

2090 2733 2145 3006 conferret,
2086 2435 2148 2685 amplexus
2099 2316 2139 2398 ea,
2096 2148 2141 2270 quae
2079 2020 2124 2113 illis
2076 1684 2138 1983 temporibus
2074 1592 2118 1648 ab
2071 1348 2118 1554 eruditis

2169 2851 2216 3005 omnis
2167 2628 2228 2815 generis
2169 2445 2226 2591 atque
2160 2131 2208 2408 auctoribus
2158 1928 2203 2100 artium
2157 1711 2202 1898 inventa
2152 1348 2208 1681 tradebantur,

2248 2734 2309 3005 quibusque
2244 2524 2290 2699 initiati
2241 2268 2288 2489 homines
2239 2173 2284 2230 ab
2237 1957 2283 2145 inscitia
2240 1884 2281 1933 et
2248 1712 2279 1857 coeco
2236 1484 2277 1685 naturae
2245 1344 2276 1454 mo-

2343 2800 2388 3005 rumque
2325 2533 2385 2764 obsequio
2322 2439 2367 2497 ad
2317 2008 2379 2402 intelligentiam,
2315 1901 2360 1958 ab
2313 1586 2375 1863 opinionum
2309 1345 2356 1545 arbitrio

2407 2944 2453 3004 ad
2407 2806 2452 2908 veri
2403 2334 2465 2769 investigationem,
2415 2271 2444 2296 a
2397 1948 2444 2233 traditarum
2393 1751 2456 1910 legum
2388 1440 2437 1712 reverentia
2387 1344 2435 1405 ad

2490 2802 2533 3002 naturae
2483 2505 2536 2768 rationem,
2495 2345 2540 2466 quae
2483 2235 2524 2309 est
2476 2125 2522 2199 lex
2475 1930 2519 2087 divina
2472 1571 2530 1895 humanaque,
2468 1343 2531 1532 perspi-

2565 2748 2622 3001 ciendam,
2578 2662 2607 2688 a
2575 2334 2622 2616 graecorum
2556 2035 2602 2281 hominum
2550 1649 2613 1986 angustissima
2548 1339 2609 1597 multisque

2643 2751 2690 2999 erroribus
2640 2463 2703 2697 impedita
2637 2156 2699 2426 cognitione
2634 2061 2679 2120 ad
2631 1676 2678 2023 mundanorum
2627 1339 2674 1639 liberrimum

2722 2766 2769 2999 iudicium
2719 2322 2773 2729 traducebantur,
2716 2229 2760 2275 in
2714 2057 2758 2181 bivio
2712 1813 2773 2020 quodam
2725 1721 2755 1775 ac
2708 1480 2755 1687 divortio
2720 1337 2751 1443 sae—

2802 2779 2848 2998 culorum
2799 2421 2854 2743 constitutus,
2796 2309 2841 2369 ad
2800 2015 2855 2261 stuporem
2790 1716 2847 1965 homines,
2787 1604 2832 1662 ad
2784 1337 2831 1556 inutilem

2880 2727 2944 3000 priscorum
2877 2318 2924 2689 admirationem
2874 2077 2919 2284 reiicere
2870 1864 2927 2043 noluit3
2867 1466 2930 1815 amplissimum
2879 1336 2909 1419 na-

2965 2858 3007 2998 turae
2974 2710 3005 2823 suae
2956 2386 3003 2674 curriculum
2955 2183 3000 2348 datum
2952 2089 2997 2147 iri
2950 1849 3002 2061 videbat,
2949 1771 2993 1811 si
2944 1440 2993 1743 eruditorum
2957 1334 2989 1415 co-

3040 2852 3102 2998 gitata
3038 2510 3097 2803 inventaque
3035 2415 3081 2461 in
3034 2166 3079 2379 medium
3028 1834 3092 2127 proferendo
3026 1666 3088 1796 vulgi
3030 1580 3071 1631 et
3022 1331 3086 1547 philoso-

3120 2786 3182 2996 phorum
3117 2499 3163 2749 dissidium
3114 2285 3160 2461 tollere
3117 1978 3167 2248 conaretur,
3113 1876 3154 1925 et
3122 1679 3153 1841 mores
3110 1499 3166 1645 atque
3103 1328 3163 1465 inge-

3198 2914 3244 2993 nia
3197 2631 3242 2879 hominum
3194 2464 3250 2594 talia,
3192 2271 3253 2427 qualia
3205 2070 3236 2236 revera
3193 1904 3246 2033 sunt,
3202 1774 3234 1868 non
3184 1581 3246 1738 qualia
3197 1434 3229 1544 esse
3195 1328 3227 1411 cu-

3277 2836 3340 2994 pimus
3275 2459 3335 2797 fiugimusque,
3269 2090 3331 2403 exprimendo
3267 1836 3314 2055 remedia
3264 1541 3317 1794 malorum,
3260 1328 3322 1503 quibus

3357 2894 3401 2992 vita
3361 2759 3401 2860 tum
3353 2530 3415 2722 publica
3356 2395 3396 2493 tum
3351 2180 3411 2364 privata
3347 1887 3403 2150 laborabat,
3344 1589 3391 1850 ostendere
3341 1326 3387 1569 studeret.

3435 2851 3481 2990 Ilanc
3433 2531 3496 2804 principum
3437 2236 3491 2484 poetarum
3426 1878 3473 2197 conditionem
3430 1692 3484 1837 atque
3420 1323 3466 1656 diversitatem

3513 2638 3575 2990 Aristophanes
3526 2544 3556 2601 eo
3508 2217 3564 2505 declaravit,
3505 2042 3567 2168 quod
3503 1699 3567 1991 Sophoclem
3499 1513 3546 1650 finxit
3496 1321 3543 1477 amice

3594 2685 3654 2990 benigneque
3591 2605 3637 2649 in
3589 2284 3635 2567 societatem
3586 2119 3649 2255 regni
3586 2036 3630 2093 ab
3582 1758 3643 2005 Aeschylo
3584 1462 3641 1715 receptum
3589 1320 3622 1431 esse

3689 2830 3735 2988 neque
3671 2613 3717 2792 maiora
3668 2204 3731 2577 concupiscere,
3663 1870 3725 2155 Euripidem
3676 1688 3717 1835 vero,
3659 1469 3705 1651 fretum
3654 1319 3716 1432 ple-

3754 2913 3801 2989 bis
3751 2695 3798 2887 infimae
3750 2488 3805 2670 favore,
3763 2314 3810 2456 quam
3745 2023 3808 2278 prudentia
3758 1812 3805 1992 augere
3746 1736 3787 1783 et
3740 1650 3785 1709 ad
3747 1317 3783 1621 summorum

3833 2774 3879 2987 virorum
3831 2573 3876 2735 locum
3828 2146 3890 2532 dignitatemque
3823 1901 3870 2110 evehere
3819 1570 3876 1865 studuisset,
3826 1317 3875 1523 regnum

3912 2888 3960 2982 sibi
3910 2712 3973 2851 pulso
3909 2429 3971 2673 Aeschylo
3907 2148 3953 2392 vindicare
3908 1886 3950 2111 conatum
3916 1722 3948 1848 esse.

3991 2756 4037 2855 lam
3989 2507 4050 2717 singulas
3987 2352 4033 2471 artis
3985 1984 4048 2311 proprietates
3997 1888 4028 1947 eo
3979 1661 4036 1851 ordine,
3989 1532 4037 1626 quo
3984 1312 4036 1496 propo-

4069 2883 4117 2980 suit
4071 2604 4127 2848 comicus,
4067 2212 4115 2555 examinemus.
4064 2067 4110 2131 Et
4062 1865 4126 2022 prima
4058 1626 4121 1821 quidem
4050 1311 4114 1577 descriptio

4149 2920 4195 2979 ad
4150 2620 4197 2883 sententias
4152 2531 4194 2581 et
4161 2345 4209 2498 genus
4144 2110 4191 2307 dicendi
4142 1852 4189 2081 refertur.
4131 1445 4200 1781 Reprehendit
4128 1308 4176 1417 Ari-

4229 2694 4291 2976 stophanes,
4228 2511 4290 2657 quod,
4226 2294 4273 2475 omissa
4225 2004 4271 2259 verborum
4217 1710 4268 1967 insolentia
4229 1567 4261 1676 cum
4206 1308 4258 1531 obscuris

4307 2701 4370 2977 abditisque
4306 2366 4364 2654 sententiis,
4300 1973 4368 2313 perspicuitati
4304 1874 4347 1926 et
4296 1553 4359 1828 temperato
4284 1306 4336 1502 dicendi
