5010 3336
3912 2095 3966 2219 466

3772 1305 3820 1411 eius
3759 1462 3807 1761 recuperare
3774 1808 3817 2069 conaretur
3755 2106 3821 2187 ³⁸),
3767 2254 3817 2464 edocuit.
3750 2556 3814 2727 Nuper
3761 2794 3792 2878 rex
3759 2941 3789 2999 ex

3692 1306 3742 1504 oraculo
3681 1551 3742 1797 redierat7
3680 1848 3726 1995 quum
3694 2046 3740 2105 ad
3691 2152 3739 2298 deum
3685 2348 3735 2701 consulendum
3667 2739 3729 2845 ipse
3679 2884 3727 2998 Del-

3595 1307 3658 1432 phos
3598 1469 3661 1723 profectus
3601 1771 3657 1933 esset,
3612 1987 3655 2115 teste
3595 2151 3658 2407 Lycurgo:
3590 2459 3654 2692 μεγάλου
3601 2741 3651 2797 δὲ
3583 2847 3638 3001 στρα-

3530 1303 3582 1532 τοπέδου
3517 1580 3583 1861 μέλλοντος
3521 1898 3582 2078 αὐτοῖς
3514 2112 3579 2396 εἰςβαλλειν
3515 2431 3574 2500 εἰς
3507 2536 3573 2633 τὴν
3505 2667 3570 2871 χώραν,
3506 2930 3566 3002 εἰς

3434 1306 3505 1556 Δελφοὺς
3451 1614 3502 1708 ἰὼν
3435 1765 3501 1943 ἠρώτα
3449 2000 3499 2095 τὸν
3436 2153 3497 2318 θεὸν,
3445 2381 3494 2431 τί
3440 2494 3489 2664 ποιῶν
3438 2720 3489 2786 ἂν
3418 2845 3486 3001 νίκην

3352 1301 3416 1458 λα’βοι
3356 1513 3420 1659 παρὰ
3370 1718 3418 1826 τῶν
3353 1872 3418 2154 πολεμίων.
3347 2254 3413 2561 Χρήσαντος
3358 2610 3410 2664 δὲ
3339 2712 3406 2853 αὐτῷ
3352 2902 3398 3001 τοῦ

3277 1303 3331 1468 θεοῦ,
3272 1519 3339 1615 τὴν
3273 1666 3338 1938 θυγατέρα
3286 1986 3335 2030 εἰ
3284 2075 3334 2255 θύσειε
3267 2306 3334 2406 πρὸ
3279 2460 3324 2557 τοῦ
3260 2604 3324 2893 συμβαλεῖν
3271 2928 3322 3000 τὼ

3190 1303 3257 1672 στρατοπέδω,
3189 1710 3254 1991 κρατήσειν
3204 2023 3251 2131 τῶν
3186 2166 3249 2449 πολεμίων,
3198 2484 3249 2512 ὁ
3197 2550 3247 2605 δὲ
3175 2639 3242 2711 τῷ
3176 2748 3238 2857 θεῷ
3189 2892 3223 2999 πει-

3107 1300 3172 1532 θόμενος
3124 1578 3170 1722 τοῦτ’
3109 1774 3174 1958 ἔπραξε
3122 2019 3173 2107 καὶ
3110 2164 3176 2290 τοὺς
3097 2348 3172 2889 ἐπιστρατευομένους
3107 2942 3161 2999 ἐκ

3022 1302 3086 1393 τῆς
3025 1439 3091 1611 χώρας
3026 1648 3095 1868 ἐξέβαλε.
3042 1957 3090 2068 Non
3040 2121 3087 2280 solum
3022 2317 3087 2566 Delphos,
3033 2618 3079 2704 sed
3027 2742 3079 2996 Dodonam

2942 1302 2991 1499 quoque
2950 1537 3008 1751 adierat,
2963 1788 3009 1838 id
2948 1876 3010 2005 quod
2944 2045 3005 2357 cognoscitur
2957 2394 2988 2452 ex
2937 2489 3002 2664 fragm.
2936 2692 2997 2765 1.‚
2934 2804 2980 2899 quo
2947 2937 2994 2996 il-

2878 1302 2925 1398 lius
2881 1435 2929 1619 oraculi
2882 1656 2929 1940 sacerdotes
2878 1979 2928 2364 describuntur:

2813 1501 2820 1561 —
2816 1635 2820 1695 -—
2812 1767 2821 1831 —
2802 1900 2854 1956 ἐν
2781 1992 2849 2241 ἀστρώτῳ
2781 2277 2847 2418 πέδῳ

2710 1433 2770 1683 εὕδουσι,
2704 1722 2766 1916 πηγαῖς
2718 1952 2769 1997 δ’
2701 2038 2767 2135 οὐχ
2702 2170 2766 2523 ύδραίνουσιν
2700 2558 2760 2741 πόδας.

2622 1299 2684 1592 Eodemque
2621 1652 2685 1828 fragm.
2638 1882 2683 1926 2.
2621 1981 2683 2198 pertinet
2620 2259 2685 2423 δρυὸς
2616 2484 2681 2717 μίασμα,
2613 2783 2659 2878 quo
2624 2934 2670 2994 ad

2556 1297 2604 1649 Thebanorum
2543 1688 2603 1933 quoddam
2539 1981 2603 2131 impie
2553 2177 2601 2361 sactum
2535 2399 2597 2667 Euripides
2532 2710 2592 2995 respexisse

2458 1297 2517 1524 putatur:
2476 1598 2523 1910 sacerdotem
2474 1969 2520 2095 enim
2455 2155 2518 2326 templi
2468 2387 2508 2666 accusatam
2450 2728 2512 2887 stupri
2464 2948 2512 2994 in

2394 1296 2442 1512 lebetem
2395 1576 2442 1767 fervida
2379 1836 2425 1960 aqua
2377 2016 2439 2263 repletum
2387 2322 2436 2650 coniecerant.
2385 2754 2434 2991 Ceterum

2314 1298 2362 1361 de
2298 1420 2346 1604 genere
2314 1667 2346 1756 suo
2313 1816 2355 1867 et
2311 1915 2359 2182 maioribus
2309 2229 2341 2323 non
2308 2381 2355 2536 minus
2291 2600 2352 2777 plene,
2291 2847 2336 2991 quam

2233 1296 2281 1359 de
2218 1396 2281 1626 Eumolpi
2224 1678 2280 1805 vita,
2216 1856 2277 2099 exposuit.
2228 2171 2278 2476 Documento
2226 2527 2266 2642 sunt
2209 2690 2256 2814 quae
2224 2866 2272 2991 Era-

2152 1297 2199 1447 tosth.
2152 1489 2200 1731 Cataster.
2152 1783 2198 1861 13.
2150 1899 2198 2090 refert:
2133 2143 2199 2278 λέγει
2146 2315 2196 2369 δὲ
2146 2415 2196 2505 καὶ
2128 2542 2194 2841 Εὐριπίδης
2129 2876 2193 2995 περὶ

2054 1295 2117 1388 τῆς
2056 1437 2121 1686 γενέσεως
2069 1733 2120 1901 αὐτοῦ
2052 1938 2118 2327 (Ἐριχθονίου)
2066 2377 2115 2471 τὸν
2050 2513 2113 2717 τρόπον
2062 2768 2107 2989 τοῦτον·

1976 1291 2046 1596 ΓἸἶῳαιστσν
1977 1632 2043 1922 ἐρασθέντα
1972 1966 2036 2195 Ἀθηνᾶς
1971 2243 2035 2535 βούλεσθαι
1966 2572 2033 2707 αὐτῇ
1964 2742 2026 2990 μιγῆναι·

1892 1296 1957 1388 τῆς
1910 1439 1960 1495 δὲ
1892 1542 1960 2015 ἀποστρεφομένης
1906 2059 1957 2147 καὶ
1890 2192 1957 2290 τὴν
1888 2336 1951 2638 παρθενίαν
1888 2674 1947 2874 μᾶλλον
1899 2910 1949 2994 αἷ-

1812 1297 1880 1581 ρουμένης,
1828 1615 1881 1673 ἔν
1828 1708 1860 1811 τινι
1811 1845 1877 1989 τόπῳ
1808 2025 1872 2117 τῆς
1806 2153 1872 2385 Ἀττικῆς
1809 2420 1871 2775 κρύπτεσθαι,
1819 2815 1868 2878 ὃν
1817 2912 1869 2991 λέ-

1732 1296 1784 1457 γουσι
1746 1517 1799 1607 καὶ
1747 1667 1797 1755 ἀπ’
1745 1815 1798 2021 ἐκείνου
1724 2080 1786 2583 προςαγορευθῆναι
1723 2619 1796 2991 Ἡφαιστεῖον·

1665 1297 1725 1364 οὗ
1652 1410 1715 1578 (vulgo
1653 1628 1715 1709 ὃς)
1652 1760 1715 1914 δόξας
1646 1963 1714 2125 αὐτῆς
1644 2179 1709 2461 κρατήσειν
1658 2519 1710 2605 καὶ
1641 2665 1710 2991 ἐπιθέμενος,

1570 1295 1637 1508 πληγεὶς
1586 1543 1637 1632 ὑπ’
1566 1669 1634 1831 αὐτῆς
1566 1866 1627 1937 τῷ
1568 1975 1632 2185 δόρατι,
1561 2224 1629 2397 ἀφῆκε
1561 2430 1630 2528 τὴν
1560 2564 1628 2870 ἐπιθυμίαν,
1559 2898 1605 2990 φε-

1487 1296 1555 1521 ρομένης
1495 1570 1554 1639 εἰς
1487 1687 1553 1784 τὴν
1484 1831 1548 1934 γῆν
1483 1982 1546 2074 τῆς
1485 2112 1542 2327 σπορᾶς.
1481 2411 1544 2653 Exposito
1494 2690 1540 2876 oraculi
1492 2911 1524 2991 re-

1406 1296 1454 1478 sponso
1424 1515 1470 1659 simul
1420 1696 1469 2001 voluntatem
1417 2036 1465 2363 immolandae
1416 2399 1462 2530 filiae
1413 2567 1461 2863 declaravit:

1328 1429 1390 1567 φιλῶ
1329 1603 1394 1766 τέκν’,
1339 1803 1391 1933 ἄλλα
1324 1968 1388 2177 πατρίδ’
1319 2215 1388 2348 ἐμὴν
1320 2382 1381 2581 μᾶλλον
1318 2616 1380 2772 φιλῶ.

1262 1296 1309 1388 His
1246 1427 1309 1699 explanatis
1260 1735 1291 1823 rex
1260 1869 1306 1929 ad
1240 1966 1304 2298 inspiciendas
1238 2336 1300 2500 copias
1237 2538 1299 2862 obeundaque
1250 2897 1298 2987 im-

1166 1295 1228 1538 peratoris
1167 1574 1229 1756 officia,
1160 1789 1223 2291 appropinquantibus
1159 2327 1221 2580 hostibus,
1172 2622 1218 2670 in
1171 2707 1213 2866 castra
1172 2902 1213 2985 aut

1100 1295 1149 1357 ad
1085 1403 1143 1573 portas
1100 1622 1143 1671 et
1097 1718 1144 1910 moenia
1095 1961 1127 2016 se
1093 2064 1143 2269 confert.
1092 2354 1141 2530 Prodit
1091 2576 1139 2759 chorus
1090 2807 1123 2982 senum

856 1355 911 1404 ²¹³)
854 1426 911 1596 Hygin.
869 1628 895 1665 c.
868 1698 910 1754 46
868 1771 892 1780 :
851 1824 903 1975 „quod
849 2005 903 2145 patris
861 2175 903 2245 sui
860 2273 899 2440 terram
860 2470 902 2663 Atticam
856 2692 901 2831 fuisse
856 2861 899 2982 dice-

796 1433 839 1543 ret.’'
781 1600 839 1860 Lycurgus:
778 1894 833 1975 τῆς
775 2002 834 2154 χώρας
775 2182 833 2355 ταύτης
773 2386 835 2783 ἀμφισβητοῦντα.
