5010 3336
3980 2150 4036 2230 88

3834 1344 3881 1451 suo,
3847 1488 3897 1550 de
3846 1583 3898 1776 Danaes
3844 1811 3894 1990 misera
3827 2025 3886 2185 sorte,
3841 2222 3889 2283 de
3822 2317 3887 2451 regis
3821 2487 3884 2747 suspiciosi
3816 2782 3879 3033 iniquitate

3753 1343 3816 1484 queri
3752 1515 3812 1797 potuerunt,
3765 1835 3807 1916 aut
3762 1952 3811 2098 etiam
3761 2136 3809 2197 (16
3744 2233 3802 2404 stupro
3755 2440 3806 2667 dominae
3753 2701 3801 2830 inter
3749 2854 3782 2908 se
3747 2937 3793 3030 sci-

3686 1342 3735 1525 scitari.

3607 1470 3655 1607 Auro
3604 1644 3653 1915 universam
3604 1951 3650 2044 iam
3587 2080 3651 2334 familiam,
3582 2369 3630 2529 neque
3594 2563 3643 2725 minus
3590 2759 3639 2905 etiam
3587 2927 3620 3028 ma-

3528 1338 3572 1464 trem
3512 1498 3575 1717 virginis,
3507 1776 3566 2054 corruptam
3521 2094 3571 2249 fuisse
3516 2302 3562 2614 statuendum
3513 2663 3554 2752 est.
3494 2826 3558 3029 Cognito

3431 1335 3497 1487 igitur
3446 1534 3494 1665 filiae
3443 1713 3493 1957 dedecore
3442 2002 3485 2157 mater
3425 2200 3481 2397 praeter
3422 2444 3483 2679 pietatem
3431 2726 3478 2873 etiam
3427 2910 3476 3031 lucri

3368 1337 3415 1498 studio
3366 1548 3412 1610 ad
3350 1656 3411 1917 tegendum
3347 1968 3405 2191 stuprum
3338 2243 3406 2683 decipiendumque
3335 2734 3383 2899 regem
3347 2937 3395 3028 im-

3272 1334 3336 1625 pellebatur.
3284 1696 3331 1868 Statim
3266 1906 3329 2055 igitur
3266 2090 3323 2201 post
3264 2242 3326 2479 parodum
3259 2517 3321 2734 reginam
3270 2772 3300 2797 a
3266 2834 3315 3028 nutrice

3207 1334 3256 1397 de
3191 1432 3252 1670 gravitate
3203 1707 3251 1809 sive
3203 1845 3249 1992 etiam
3202 2030 3249 2091 de
3186 2126 3241 2269 partu
3198 2326 3246 2454 filiae
3187 2500 3243 2720 edoctam
3173 2781 3237 3028 simulque

3127 1333 3174 1380 ei
3112 1416 3158 1705 persuasum
3123 1743 3154 1853 6556
3106 1891 3164 2027 puto,
3122 2064 3163 2117 ut
3119 2153 3167 2301 vellet
3116 2335 3165 2570 infantem
3115 2606 3144 2631 a
3112 2671 3144 2723 56
3095 2758 3158 2861 ipsa
3092 2884 3149 3025 partu

3046 1331 3093 1516 editum
3043 1556 3076 1666 6556
3026 1702 3090 1888 fingere
3026 1922 3088 2155 regisque
3039 2188 3081 2301 ante
3023 2326 3084 2481 pedes
3019 2507 3066 2595 pro
3032 2625 3080 2727 filio
3025 2753 3077 3022 tollendum

2951 1328 2998 1535 ponere:

2872 1460 2932 1655 „Eam
2881 1682 2914 1847 nunc
2881 1874 2912 2009 esse
2877 2032 2926 2267 invent
2858 2287 2922 2636 amprobrz‘
2851 2663 2908 3021 compotem

2803 1461 2852 1609 Scis
2803 1625 2853 1681 ἴθ’

2724 1456 2772 1550 llis
2723 1587 2769 1733 rebus
2706 1771 2767 2008 cognitis,
2702 2062 2764 2229 regina
2715 2281 2762 2342 de
2699 2378 2762 2542 inopia
2694 2579 2754 2726 atque
2704 2762 2755 3019 imbecilli-

2644 1326 2687 1427 tate
2628 1473 2688 1664 generis
2640 1712 2687 1970 mulierum
2623 2025 2684 2369 conqueritur3
2632 2431 2678 2592 nutrix
2627 2655 2675 2781 vires
2625 2828 2668 2878 et
2608 2929 2655 3018 po-

2563 1323 2610 1528 tentiam
2561 1564 2608 1776 virorum
2560 1816 2608 1928 dolo
2557 1968 2605 2234 eludendas
2555 2273 2586 2385 6556
2550 2422 2598 2668 ostendit:

2465 1457 2528 1816 συμμαρτυρῶ
2478 1854 2517 1955 σοι·
2459 1992 2520 2266 πανταχοῦ
2456 2301 2523 2609 λελείμμεθα

2399 1456 2445 1620 πᾶσαι
2383 1654 2445 1904 γυναῖκες
2381 1940 2447 2180 (ἐρσένων
2394 2215 2444 2293 ciet
2375 2329 2442 2446 δίχα

2333 1454 2342 1518 ——
2331 1672 2338 1734 —-
2328 1884 2335 1946 —
2326 2108 2332 2170 —.
2325 2327 2331 2389 --

2223 1452 2296 1520 ἧν
2222 1553 2287 1654 γάρ
2226 1690 2268 1767 τις
2224 1804 2291 1971 αἶνος,
2224 2010 2284 2079 ὡς
2217 2114 2283 2322 γυναιξὶ
2217 2356 2280 2453 μὲν
2212 2486 2279 2658 τέχναι

2143 1449 2209 1684 μέλουσι,
2136 1721 2203 1881 λόγχῃ
2152 1919 2202 1965 δ’
2136 2003 2201 2192 ἄνδρες
2130 2227 2198 2627 εὐστοχώτεροι·

2077 1451 2126 1496 εἰ
2059 1528 2127 1628 γὰρ
2071 1667 2123 1900 δόλοισιν
2055 1934 2127 2001 ἧν
2069 2034 2119 2092 τὸ
2051 2128 2117 2449 νικητήριον,

1979 1447 2046 1595 ἡμεῖς
1993 1630 2044 1695 ἂν
1975 1731 2041 1943 ἀνδρῶν
1973 1978 2038 2184 εἴχομεν
1971 2218 2034 2530 τυραννίδα.

1914 1315 1966 1511 Fraude
1896 1547 1957 1844 composita,
1909 1893 1955 2019 intro
1907 2068 1953 2165 abit
1891 2212 1951 2377 regina
1904 2429 1950 2531 sive
1904 2579 1951 2637 ad
1885 2675 1944 3008 praeparanda

1823 1314 1869 1441 quae
1831 1465 1878 1743 necessaria
1829 1771 1861 1882 esse
1819 1908 1875 2154 videntur,
1827 2193 1872 2296 sive
1825 2333 1870 2390 ad
1807 2422 1867 2764 praestandam
1801 2792 1850 3004 puerpe-

1756 1312 1789 1398 rae
1739 1435 1786 1652 operam.
1751 1725 1799 1895 Prodit
1738 1930 1780 2042 rex,
1730 2095 1787 2454 conspectaque
1729 2490 1789 2706 nutrice,
1738 2757 1779 2922 monet
1736 2958 1778 3007 et

1678 1311 1727 1438 hanc
1675 1475 1716 1525 et
1656 1560 1720 1770 reliquas
1656 1814 1718 2049 sam11laS‚
1668 2098 1710 2152 ut
1651 2199 1696 2340 qnam
1645 2389 1710 2764 diligentissima
1657 2802 1688 2917 cura
1654 2953 1697 3005 et

1596 1309 1630 1474 mores
1595 1511 1636 1561 et
1592 1594 1641 1773 samam
1575 1810 1637 2005 virginis
1586 2044 1632 2292 custodire
1567 2341 1629 2568 tuerique
1577 2618 1626 2781 velint.
1575 2852 1624 3001 Nasci

1516 1310 1563 1437 enim
1511 1472 1563 1723 infamiam
1493 1759 1557 2041 virginibus,
1490 2079 1554 2372 simulatque
1485 2409 1549 2566 aliqua
1498 2602 1546 2703 sola
1498 2727 1545 2776 in
1481 2802 1543 3000 publico

1434 1307 1470 1508 versans
1415 1547 1477 1903 conspiciatur:

1343 1440 1402 1811 „Des-abito
1334 1842 1395 2099 famam
1330 2134 1392 2424 tollunt,
1322 2476 1387 2755 siquam
1332 2789 1383 2997 solam

1263 2144 1312 2376 videre
1262 2411 1308 2479 in
1258 2514 1308 2667 via'’.

1196 1302 1245 1416 Hoc
1194 1452 1242 1589 finito
1176 1624 1239 1867 colloquio
1170 1903 1235 2145 interponi
1183 2180 1230 2263 illa
1165 2296 1230 2593 παράβασις
1161 2626 1224 2814 potuit,
1172 2852 1222 2991 cuius

1116 1301 1159 1354 et
1113 1404 1163 1579 Pollux
1112 1617 1155 1667 et
1107 1704 1159 1994 Plutarchus
1103 2031 1150 2326 mentionem
1099 2367 1149 2604 fecerunt.
1094 2673 1144 2808 Illius
1092 2845 1140 2993 verba

1035 1298 1085 1423 haec
1032 1461 1075 1596 sunt:
1030 1640 1079 1748 τῶν
1029 1794 1080 1849 δὲ
1011 1884 1072 2113 χορικῶν
1006 2150 1072 2396 ᾀσμάτων
1018 2430 1066 2536 τῶν
1001 2569 1062 2817 κωμικῶν
1012 2850 1066 2907 ἕν
1011 2941 1044 2990 τι

955 1298 1006 1387 καὶ
937 1436 1004 1470 ἦ
934 1504 1000 1815 παράβασις,
945 1854 998 1982 ὅταν
943 2018 993 2047 ὁ
924 2083 991 2302 ποιητὴς
924 2333 987 2464 πρὸς
935 2498 985 2557 τὸ
918 2595 983 2826 θέατρον
916 2859 981 2986 βού-

858 1296 922 1447 ληται
855 1483 922 1679 λέγειν,
866 1726 917 1754 ὁ
850 1790 918 1886 [δὲ]
847 1923 913 2081 χορὸς
843 2117 909 2397 παρελθὼν
838 2431 906 2555 λέγῃ
851 2588 897 2769 ταῦτα.
849 2843 906 2984 Ἑπι-

781 1295 840 1446 etna-bg
789 1483 841 1539 δὲ
786 1574 839 1703 αὐτὸ
781 1737 828 1989 ποιοῦσιν
779 2026 830 2078 οἱ
757 2102 826 2557 κωμῳδοποιηταί.
754 2633 819 2899 Τραγικὸν
765 2926 820 2983 δὲ
