5010 3336
3923 2089 3980 2211 484

3784 1312 3832 1437 ferat
3784 1471 3818 1597 neve
3786 1633 3834 1799 Ionem
3783 1847 3832 1895 in
3781 1930 3833 2194 discrimen
3769 2232 3831 2474 adducat,
3763 2518 3812 2607 pro
3762 2644 3827 2841 hospite
3774 2874 3823 3002 hunc

3703 1307 3751 1516 Athenis
3703 1552 3751 1813 habiturus
3691 1843 3746 1934 est,
3687 1971 3749 2283 postmodum
3700 2317 3748 2430 data
3684 2457 3745 2826 opportunitate
3695 2862 3742 3005 uxori

3607 1307 3656 1670 persuasurus,>
3624 1724 3666 1777 ut
3606 1813 3654 2017 regnum
3622 2054 3668 2097 ei
3605 2138 3668 2412 permittat.
3620 2484 3666 2583 lam
3618 2622 3665 2777 filium
3616 2817 3662 2878 ad
3615 2915 3647 3006 na-

3543 1304 3591 1430 tales
3543 1469 3591 1790 celebrandos
3527 1830 3589 2103 epulasque
3541 2140 3587 2339 abducit
3523 2376 3586 2657 hospitibus
3520 2699 3584 2895 publice
3535 2930 3582 3002 in-

3461 1306 3510 1600 stituendaS.
3462 1702 3510 1918 Famulis
3461 1985 3508 2204 Creusae
3459 2266 3506 2511 silentium
3456 2574 3503 2888 commendat
3454 2955 3499 3006 et

3366 1306 3430 1604 supplicium
3370 1641 3430 1867 minatur,
3381 1906 3427 1945 si
3381 1984 3412 2090 rem
3379 2127 3426 2265 uxori
3375 2301 3426 2535 indicent.
3377 2608 3424 2707 lam
3377 2745 3422 2842 voti
3375 2870 3407 3006 com-

3286 1304 3343 1478 potem
3303 1514 3333 1626 esse
3302 1663 3351 1885 Xuthum
3287 1921 3347 2175 videmus7
3299 2231 3346 2317 sed
3282 2366 3344 2601 periculis
3297 2640 3338 2690 et
3295 2726 3342 3006 certamini-

3221 1304 3269 1396 bus
3223 1435 3270 1600 lonem
3207 1640 3269 1953 expositum,
3207 2008 3266 2087 qui
3219 2141 3265 2302 adhuc
3219 2338 3264 2478 malis
3201 2519 3262 2749 curisque
3204 2785 3261 3005 vacabat,

3142 1306 3190 1525 Creusae
3143 1563 3173 1677 vero
3143 1715 3188 1959 miseriam
3141 1998 3171 2121 novo
3139 2158 3185 2287 malo
3137 2324 3185 2489 addito
3135 2531 3182 2662 haud
3135 2704 3181 2878 leviter
3135 2918 3166 3003 au-

3062 1307 3103 1453 ctam.
3063 1524 3110 1634 IIae
3063 1663 3109 1817 nubes
3046 1851 3103 2197 tempestatem
3048 2225 3105 2485 minantum
3042 2515 3087 2658 quam
3039 2690 3101 3006 praesagiens

2981 1306 3028 1597 adolescens
2983 1634 3013 1731 non
2980 1769 3029 2206 vehementissime
2964 2240 3023 2424 gaudet
2977 2451 3022 2644 invento
2959 2682 3014 2854 patre:
2975 2893 3005 3004 nam

2902 1305 2949 1400 nisi
2903 1437 2942 1594 matre
2903 1631 2949 1794 Attica
2902 1834 2948 1937 cive
2900 1975 2939 2116 uatus
2889 2143 2946 2222 sit,
2883 2260 2929 2502 nunquam
2897 2541 2926 2593 se
2882 2623 2941 2811 integra
2895 2848 2941 3005 felici·

2821 1305 2864 1408 tate
2822 1446 2853 1648 usurum
2823 1690 2853 1801 esse
2806 1837 2868 2083 intelligit.
2803 2154 2866 2328 Neque
2817 2362 2865 2573 famulae
2815 2595 2862 2838 dominam
2814 2872 2861 3004 cela—

2741 1304 2784 1445 turae
2742 1496 2782 1633 sunt:
2742 1686 2788 1866 etenim
2720 1916 2770 2078 neque
2739 2113 2786 2261 fidem
2738 2313 2785 2496 habeut
2735 2545 2781 2751 oraculis
2734 2800 2776 2850 et
2734 2884 2780 3003 ode-

2660 1303 2703 1417 runt
2648 1453 2710 1696 Xuthum„
2661 1736 2700 1790 ut
2659 1828 2707 2059 advenam
2644 2099 2698 2245 atque
2655 2271 2704 2492 infidum.
2656 2563 2703 2704 IIanc
2654 2733 2701 3004 animorum

2580 1303 2627 1604 voluntatem
2565 1643 2611 1814 magna
2579 1852 2609 1963 cum
2580 2002 2626 2069 ira
2563 2106 2618 2254 atque
2562 2290 2623 2626 indignatione
2574 2663 2623 2874 feminae
2574 2912 2622 3007 de-

2498 1304 2547 1490 clarant
2484 1527 2542 1674 atque
2499 1712 2545 1922 advenas
2498 1963 2528 2133 omues
2496 2171 2537 2505 exsecrantur.

2420 1438 2467 1588 Redit
2420 1617 2466 1802 Creusa
2419 1832 2448 2000 secum
2417 2037 2464 2224 ducens
2415 2262 2478 2429 senem
2400 2467 2461 2811 grandaevum,
2397 2846 2461 3005 patris

2337 1304 2385 1379 sui
2324 1426 2385 1792 paedagogum,
2324 1847 2370 1992 quem
2322 2041 2382 2194 patris
2336 2244 2382 2352 loco
2319 2402 2380 2510 ipsa
2334 2548 2379 2667 colit
2318 2706 2379 2873 etqui
2334 2912 2380 3000 do-

2257 1303 2303 1466 minae
2259 1504 2304 1699 casibus
2259 1738 2304 1964 omnihus
2243 2002 2298 2231 tauquam
2238 2282 2300 2491 propriis
2251 2540 2294 2781 movetur.
2254 2852 2301 3005 ltine—

2165 1271 2223 1459 ‚ribus,
2163 1498 2224 1674 quibus
2179 1713 2224 1834 etin
2178 1874 2224 2179 orchestram
2176 2218 2221 2335 etin
2175 2363 2204 2556 scenam
2159 2587 2204 2843 personae,
2159 2882 2204 3007 quae

2097 1303 2144 1427 foris
2099 1457 2145 1716 veniebant
2085 1743 2145 1812 ²¹³),
2086 1850 2144 2200 ascendebant,
2081 2238 2137 2427 partem
2095 2462 2140 2644 montis
2095 2683 2140 2886 declixis
2094 2923 2124 3004 re-

2000 1302 2060 1666 praesentatam
2020 1704 2051 1815 esse
2004 1866 2066 2061 piamun
2017 2111 2057 2219 est:
2001 2272 2046 2363 per
2016 2416 2062 2540 hauc
2015 2587 2061 2714 enim
2014 2751 2062 3005 ambulans

1937 1305 1971 1460 senex
1924 1495 1986 1810 decrepitus,
1938 1848 1979 2162 sustentante
1921 2198 1967 2398 gressus
1925 2437 1984 2651 Creusa,
1935 2688 1982 2750 de
1935 2787 1981 3004 difficul-

1857 1302 1901 1405 tate
1859 1442 1907 1633 itineris
1860 1671 1907 1885 multum
1845 1923 1904 2258 conqueritur,
1841 2295 1898 2555 antequam
1855 2592 1902 2651 ad
1855 2692 1886 2802 eum
1854 2840 1902 3003 locum

1762 1304 1826 1594 perveniat,
1780 1644 1826 1691 in
1764 1743 1810 1837 quo
1778 1891 1825 2108 constitit
1776 2158 1824 2367 chorus:
1774 2418 1822 2548 unde
1775 2595 1822 2715 illud
1774 2751 1820 2847 iter
1774 2884 1820 3003 satis

1683 1305 1745 1506 longum
1683 1543 1747 1861 amplumque
1698 1902 1746 2060 fuisse
1697 2099 1739 2148 et
1695 2183 1741 2440 commode
1693 2478 1739 2536 ab
1694 2574 1740 2800 omnibus
1693 2826 1741 3005 theatri

1601 1302 1665 1528 partibus
1603 1567 1666 1785 conspici
1602 1840 1664 2063 potuisse
1601 2115 1658 2321 apparet
1600 2372 1663 2470 **).
1614 2544 1661 2782 Ceterum
1600 2831 1659 3001 miror,

1522 1308 1585 1423 quid
1539 1460 1584 1508 in
1539 1546 1579 1762 mentem
1537 1799 1584 1991 venerit
1521 2026 1582 2318 quibusdam
1526 2341 1546 2353 ‚
1535 2403 1577 2459 ut
1534 2494 1581 2861 misericordiae
1534 2899 1565 3004 mo·-

1459 1305 1507 1494 vendae
1460 1531 1491 1705 caussa
1459 1740 1506 1830 has
1457 1861 1503 1989 senis
1442 2021 1503 2247 querelas
1439 2276 1501 2483 proponi
1439 2510 1493 2753 putarent.
1453 2823 1502 3003 Senem

1379 1303 1426 1541 inducere
1363 1579 1411 1789 corpore
1362 1827 1424 2021 quidem
1362 2070 1423 2352 infirmum,
1375 2401 1421 2489 sed
1374 2538 1420 2699 animo
1372 2748 1417 3002 strenuum

1284 1301 1344 1553 rebusque
1282 1579 1344 1783 agendis
1280 1805 1337 1971 aptum
1295 2000 1343 2153 voluit
1279 2180 1336 2324 poeta
1278 2354 1345 2496 ***>3
1293 2537 1341 2807 senectutis
1292 2834 1334 3002 autem

1151 1358 1204 1406 ‘l‘)
1164 1438 1204 1507 Ea
1164 1536 1205 1696 itinera
1150 1726 1190 1830 pars
1161 1864 1204 2083 conistrae
1151 2114 1202 2316 fuerunt3
1161 2352 1202 2407 cf.
1160 2439 1198 2589 notam
1146 2620 1185 2662 p.
1160 2694 1203 2791 480.

1080 1334 1135 1411 δΐῃἥ)
1095 1440 1135 1489 V.
1095 1532 1138 1630 743.
1078 1680 1134 1860 βάκτρῳ
1091 1915 1136 1954 δ’
1077 2002 1134 2176 ἕρεῐδου
1075 2228 1131 2454 περιφερῆ
1075 2494 1129 2648 στίβον
1082 2695 1133 2879 ποδός
1075 2918 1116 2999 pro

1010 1445 1066 1621 χθονός
1023 1655 1049 1755 cum
1020 1787 1061 1991 Iacobsio
1020 2022 1061 2184 scribo.
1017 2247 1058 2454 Ceterum
1019 2476 1060 2611 etiam
1019 2634 1060 2792 relicta
1003 2811 1057 3001 vulgata

954 1443 980 1531 non
940 1549 993 1716 poteris
951 1741 991 1857 haec
949 1880 991 2012 aliter
936 2035 975 2169 quam
947 2194 988 2248 de
947 2274 989 2376 viae
947 2398 989 2629 flexuosae
946 2661 990 3000 difficultatibus

882 1446 923 1564 dicta
870 1596 923 1817 accipere.

799 1303 855 1406 mar)
800 1439 854 1778 Comparandus
809 1807 851 1883 hic
808 1915 846 1981 est
808 2011 835 2113 cum
807 2143 835 2247 sene
795 2279 849 2350 qui
808 2383 846 2448 est
808 2479 850 2522 in
793 2545 849 2693 Iphig.
806 2725 847 2823 Aul.
794 2855 851 3001 (μάλα

727 1441 787 1527 γὰρ
726 1557 783 1699 γῆρας
725 1728 783 1905 τούμὸν
735 1934 781 2117 ἄϋπνον
735 2146 778 2225 καὶ
735 2248 783 2315 ἐπ’
723 2345 781 2610 ὀφθαλμοῖς
724 2634 780 2714 ὀξὺ
721 2743 780 2997 πάρεστιν).
