5010 3336
3925 2115 3983 2237 538

3797 1327 3846 1586 materiam
3779 1634 3841 1876 praebere
3775 1920 3836 2084 potuit
3768 2136 3832 2368 diverbii,
3762 2428 3823 2558 quod
3752 2617 3814 2900 prooemio,
3760 2960 3803 3015 ut

3702 1326 3768 1648 plerumque,
3709 1699 3759 1979 adiunctum
3704 2015 3755 2120 fuit.
3697 2193 3751 2467 Conciliare
3691 2504 3740 2631 enim
3669 2668 3737 3013 Tlepolemum

3640 1324 3688 1467 fratri
3634 1533 3682 1738 studens
3627 1804 3678 2071 Alcumena
3625 2121 3671 2179 ad
3604 2231 3667 2527 colloquium
3609 2575 3658 2711 illum
3598 2759 3637 3013 arcessere

3543 1322 3604 1510 potuit,
3539 1546 3602 1694 idque
3553 1729 3583 1755 a
3551 1793 3583 1847 se
3547 1881 3597 2066 factum
3543 2106 3575 2217 esse
3523 2253 3589 2509 Licymnio
3525 2547 3573 2823 ostendere.

3476 1449 3524 1570 Inde
3458 1616 3520 1958 prodeundum
3465 1995 3514 2088 suit
3453 2124 3510 2305 choro,
3442 2356 3488 2498 quem
3449 2549 3490 2634 aut
3446 2671 3477 2730 ex
3439 2768 3489 3009 militibus

3398 1320 3441 1404 aut
3396 1448 3427 1508 ex
3391 1555 3441 1741 civibus
3388 1790 3435 1966 confici
3381 2015 3416 2221 necesse
3377 2269 3426 2378 fuit.
3366 2454 3421 2681 Herculis
3360 2717 3411 2891 laudes
3358 2926 3406 3008 hic

3300 1315 3362 1619 praedicavit
3311 1654 3360 1795 hisce
3294 1830 3349 2268 praestantissimis
3292 2306 3341 2496 verbis:

3218 1446 3280 1685 φαῦλον,
3214 1723 3277 1996 ἄκομψον,
3223 2033 3274 2095 τὰ
3205 2130 3270 2320 μέγιστ’
3195 2357 3264 2584 ἀγαθόν,

3151 1441 3196 1618 πᾶσαν
3149 1654 3201 1712 ἐν
3128 1747 3202 1881 ἔργῳ
3123 1916 3187 2386 παρατεμνόμενον

3054 1443 3118 1668 σοφίαν,
3049 1706 3119 1892 λέσχης
3046 1928 3113 2216 ἀτρίβωνα.

2975 1310 3040 1554 Colloquii
2988 1605 3029 1656 et
2968 1694 3030 2047 contentionis,
2963 2101 3008 2194 qna
2957 2246 3023 2567 Tlepolemus
2963 2616 3006 2665 et
2943 2711 3009 2998 Licymnius

2910 1305 2958 1437 inter
2909 1473 2939 1526 se
2892 1562 2952 1815 congressi
2890 1868 2942 2007 sunt,
2884 2066 2945 2234 plnres
2889 2272 2933 2467 exstant
2869 2500 2932 2754 reliquiae.
2861 2826 2925 2998 Segni-

2830 1304 2878 1425 tiam
2812 1461 2877 1720 Licymnio
2807 1768 2868 2080 exprobravit
2796 2126 2864 2474 Tlepolemus,
2793 2526 2837 2606 se,
2804 2644 2849 2684 si
2798 2721 2847 2849 illius
2794 2885 2842 2995 loco

2735 1300 2797 1510 fuisset,
2730 1563 2777 1807 nunquam
2725 1855 2771 2114 passurum
2720 2151 2782 2338 fnisse,
2729 2391 2770 2443 nt
2720 2478 2773 2751 Alcumena
2718 2786 2749 2812 a
2712 2847 2763 2994 Sthe-

2666 1300 2715 1415 nelo
2650 1452 2698 1604 regno
2664 1640 2705 1691 et
2648 1727 2707 2028 patrimonio
2640 2067 2693 2354 exueretur,
2644 2394 2689 2628 testatus:

2584 1431 2635 1497 οὐ
2569 1532 2634 1633 γάρ
2582 1669 2636 1786 ποτ’
2578 1827 2630 1951 ε’ίων
2558 1987 2624 2286 Σθένελον,
2558 2326 2619 2397 εἰς
2565 2431 2615 2525 τὸν
2540 2562 2611 2754 εὐτυχῆ

2488 1429 2548 1712 χωροῦντα
2482 1745 2545 1952 τοῖχον,
2476 1990 2539 2083 τῆς
2475 2120 2542 2269 δίκης
2487 2304 2540 2349 σ’
2465 2381 2536 2705 α’ποστερεῑν.

2422 1293 2471 1459 Etiam
2418 1496 2469 1822 Alcumenam
2396 1856 2462 2172 vituperavit,
2392 2221 2453 2351 quod
2401 2390 2450 2531 nimis
2397 2570 2444 2701 mitis
2392 2746 2441 2855 iure
2386 2900 2420 2989 suo

2341 1291 2389 1553 cessisset:

2260 1421 2316 1528 ἀλλ’
2258 1566 2308 1632 οὐ
2241 1667 2307 1769 γὰρ
2241 1807 2305 1985 ὀρθῶς
2233 2019 2295 2215 ταῦτα,
2229 2253 2293 2510 γενναίως
2237 2548 2294 2597 δ’
2223 2627 2286 2753 ἴσως

2164 1422 2228 1676 ἔπραξας·
2169 1716 2223 1983 αἰνεῖσθαι
2167 2020 2218 2075 ὁὲ
2147 2111 2215 2385 δυςτυχῶν
2146 2421 2211 2521 ἐγὼ

2082 1418 2143 1583 μισῶ·
2078 1620 2143 1777 λόγος
2077 1809 2140 1909 γὰρ
2073 1946 2142 2179 τοῦργον
2084 2217 2132 2282 οὐ
2066 2318 2122 2441 νικᾷ
2077 2475 2111 2614 ποτε.

2003 1285 2064 1452 Quid?
2000 1501 2063 1632 quod
2014 1681 2045 1743 ne
2008 1789 2059 2059 Herculem
1991 2098 2051 2293 quidem
1986 2330 2048 2489 ipsum
1994 2529 2042 2736 crimine
1988 2773 2022 2977 vacuum

1921 1281 1983 1504 reliquit:
1919 1543 1965 1714 parum
1931 1758 1977 1888 enim
1926 1929 1976 2096 liberis
1925 2125 1970 2184 ab
1923 2220 1969 2303 illo
1903 2340 1959 2663 prospectum
1911 2701 1944 2813 esse
1910 2836 1957 2977 astir-

1855 1280 1902 1446 mavit.
1853 1517 1902 1670 Cuius
1849 1722 1883 1943 caussam
1830 1992 1877 2139 agens
1841 2189 1890 2312 haec
1837 2361 1887 2547 dixisse
1832 2594 1881 2790 videtur
1828 2823 1876 2974 Alcu-

1774 1279 1806 1449 mena:

1692 1410 1743 1510 οὐκ
1678 1544 1747 1675 οἶδ’,
1677 1713 1741 1857 ὅπως
1669 1892 1737 1990 χρὴ
1683 2026 1737 2121 τὸν
1665 2158 1727 2341 σαφῶς
1672 2376 1725 2654 κατειδότα

1594 1400 1657 1491 τῆς
1596 1518 1668 1829 οΗραςνιλείας
1588 1865 1651 2155 φροντίδος
1580 2188 1641 2506 κατηγορεῖν
1578 2528 1639 2574 ²³²)

1530 1274 1579 1451 Eidem
1530 1487 1578 1613 haec
1525 1650 1573 1840 tribuo:

1433 1406 1498 1703 σοφώτεροι
1429 1737 1495 1839 γὰρ
1424 1877 1489 2162 συμφορὰς
1426 2196 1487 2289 τὰς
1434 2321 1483 2430 τῶν
1420 2464 1483 2623 πέλας

1357 1402 1416 1593 πάντες
1349 1630 1414 1870 διαιρεῖν,
1344 1907 1410 1939 ’ἢ
1341 1976 1407 2138 τύχας
1344 2171 1406 2265 τὰς
1350 2300 1402 2535 οἴκοθεν.

1286 1403 1333 1445 A
1271 1482 1332 1706 partibus
1265 1755 1329 1999 Licymnii
1272 2039 1322 2362 Alcumenam
1270 2409 1316 2609 stetisse
1267 2656 1299 2717 ex
1266 2763 1312 2839 his
1263 2890 1309 2963 in-

1190 1265 1254 1524 telligitur.
1204 1610 1252 1696 Ille
1199 1746 1243 1909 autem
1180 1965 1240 2201 regnandi
1174 2254 1237 2570 cupiditatem
1187 2621 1228 2672 et
1184 2708 1231 2960 avaritiam

1110 1266 1174 1548 Tlepolemi
1119 1586 1166 1859 accusavit:

1043 1396 1094 1583 σκαιόν
1043 1616 1074 1665 τι
1025 1698 1087 1875 χρῆμα
1022 1909 1083 2139 πλοῦτος
1016 2174 1083 2207 ἤ
1031 2242 1087 2283 τ’
1015 2317 1081 2526 α’πειρία

976 1397 983 1457 ν,-
976 1593 983 1659 *-—..
972 1798 979 1854 ᾗ,

967 1995 974 2058 ——..
964 2190 970 2256 .—.
963 2390 970 2455 ...-

778 1344 831 1391 ”’··”)
772 1426 829 1704 Chrysippus
768 1734 825 1836 περὶ
766 1868 825 2193 ἀποφατικῶν,
775 2229 815 2296 ed.
760 2329 815 2499 Bergk.
762 2533 800 2575 p.
773 2606 816 2647 4.
