5010 3336
3832 2062 3888 2183 362

3676 1280 3742 1423 plena
3693 1458 3744 1778 iucunditatis
3693 1806 3727 1918 cum
3693 1950 3742 2250 sublimitate
3678 2278 3737 2425 atque
3676 2449 3739 2712 gravitate3
3689 2750 3738 2958 eundem

3598 1278 3662 1636 compositione
3613 1671 3645 1838 rerum
3596 1876 3660 2063 optima
3612 2114 3653 2161 et
3596 2198 3659 2590 probabilissima
3611 2627 3658 2714 uti.
3610 2786 3659 2957 Mores

3534 1280 3575 1445 autem
3518 1505 3565 1825 personarum
3531 1885 3578 2241 admirabiliter
3517 2301 3562 2471 graves
3516 2529 3572 2676 atque
3516 2724 3578 2959 ingenuos

3442 1278 3484 1419 esse,
3453 1469 3494 1517 et
3437 1552 3499 1749 Ulyssis
3437 1785 3499 2026 ingenium
3442 2064 3497 2249 multo,
3435 2300 3481 2444 quam
3433 2490 3497 2616 apud
3434 2659 3497 2959 Euripidem,

3372 1276 3419 1443 mitius
3372 1483 3413 1533 et
3357 1560 3419 1845 simplicius.
3369 1917 3418 2226 Carminibus
3355 2250 3417 2463 denique
3369 2486 3400 2579 non
3370 2602 3416 2776 multas
3369 2798 3416 2961 inesse

3291 1275 3336 1543 sententias
3277 1580 3323 1738 neque
3291 1774 3337 1834 ad
3289 1870 3337 2099 virtutem
3278 2137 3335 2563 adhortationem„
3288 2604 3334 2733 sicut
3274 2765 3336 2959 Euripi-

3199 1274 3257 1381 dis,
3211 1428 3256 1514 sed
3210 1554 3258 1906 iucunditatem
3208 1958 3255 2295 admirabilem
3207 2333 3248 2383 et
3192 2418 3255 2859 magnificentiam,
3208 2906 3251 2959 ut

3128 1272 3175 1449 merito
3129 1485 3176 1547 de
3131 1584 3161 1641 eo
3130 1681 3176 1858 dixerit
3112 1896 3175 2281 Aristophanes:

3046 1404 3098 1433 ὁ
3047 1471 3098 1516 δ’
3048 1556 3104 1622 αὖ
3033 1659 3098 2005 Σοφοκλέους
3046 2039 3091 2137 τοῦ
3032 2176 3098 2337 μέλιτι
3031 2374 3097 2734 κεχρισμένου,

2953 1403 3018 1572 ὥςπερ
2956 1610 3016 1884 καδίσκου,
2951 1919 3016 2194 περιέλειχε
2964 2228 3014 2286 τὸ
2951 2325 3015 2508 στόμα.

2886 1397 2933 1502 Has
2872 1538 2932 1686 igitur
2886 1721 2934 2037 triumvirum
2870 2062 2932 2343 tragoedias
2886 2377 2916 2429 se
2887 2466 2917 2561 uno
2887 2597 2933 2676 die
2871 2713 2933 2957 legentem

2787 1270 2852 1416 plane
2805 1465 2852 1533 ait
2807 1581 2852 1739 visum
2807 1803 2853 1897 sibi
2806 1948 2837 2061 esse
2806 2110 2852 2298 deliciis
2806 2348 2852 2579 luxuriari
2789 2627 2851 2959 recrearique,

2709 1270 2755 1446 neque„
2725 1486 2772 1679 etiamsi
2726 1715 2772 1902 iuratus
2715 1933 2772 2188 iudicaret,
2709 2227 2757 2375 posse
2709 2396 2770 2659 quidquam
2713 2685 2771 2956 nominare,

2626 1269 2683 1477 propter
2629 1514 2692 1642 quod
2644 1680 2692 1871 illorum
2628 1907 2690 2164 quisquam
2644 2192 2691 2446 habendus
2644 2484 2691 2785 sitiuferior.
2642 2826 2691 2960 Satis

2562 1269 2609 1422 rectis
2548 1460 2609 1690 sanisque
2563 1728 2611 1956 sensibus
2564 1995 2594 2111 usus
2563 2150 2594 2260 esse
2564 2299 2611 2384 Dio
2555 2434 2611 2651 ridetur,
2549 2689 2595 2848 neque
2563 2884 2605 2962 est

2466 1270 2527 1402 quod
2482 1440 2528 1675 iudicium
2482 1715 2529 1821 eius
2467 1859 2513 2169 spernamus.
2468 2240 2531 2402 Magis
2466 2430 2531 2575 igitur
2467 2603 2530 2961 interpretandi

2385 1269 2431 1415 quam
2385 1455 2448 1735 corrigendi
2402 1785 2432 1957 caussa
2385 2010 2432 2164 pauca
2402 2214 2449 2468 addamus.
2388 2543 2450 2698 Magis
2387 2753 2449 2960 probum

2304 1270 2366 1649 simplicemque
2321 1685 2367 1751 ait
2304 1783 2368 2047 Sophoclis
2305 2085 2351 2227 quam
2306 2267 2368 2522 Euripidis
2307 2561 2369 2793 Ulyssem
2310 2833 2353 2962 esse,

2223 1270 2285 1399 quod
2240 1437 2287 1747 audientibus
2240 1798 2286 2067 verisimile
2239 2117 2270 2212 nou
2240 2262 2279 2337 est
2225 2375 2281 2600 quantam
2241 2641 2286 2872 malitiam
2240 2912 2282 2964 et

2158 1268 2205 1649 fraudulentiam
2144 1688 2207 1817 apud
2144 1849 2206 2140 Euripidem
2142 2180 2189 2425 personae
2160 2460 2206 2589 illius
2161 2628 2207 2835 infuisse
2145 2870 2190 2961 pu-

2075 1268 2124 1468 tandum
2066 1507 2118 1657 esset,
2079 1694 2125 1784 nisi
2079 1823 2109 1880 ex
2064 1918 2125 2124 prologo
2068 2165 2118 2390 servato,
2065 2429 2110 2523 quo
2081 2562 2126 2719 omnia
2081 2756 2127 2961 consilia

1997 1270 2027 1355 sua
1983 1393 2045 1639 animique
1999 1686 2029 1829 sensa
1983 1865 2045 2074 Ulysses
1984 2132 2045 2324 aperit,
1985 2370 2046 2515 plane
2001 2567 2047 2775 eundem
2000 2828 2047 2960 huuc

1901 1268 1964 1521 Euripidis
1904 1558 1949 1703 quem
1918 1743 1965 1949 Homeri
1903 1988 1966 2222 Ulyssem
1918 2259 1965 2419 fuisse
1905 2456 1966 2733 intelligere
1910 2770 1966 2958 liceret,

1836 1267 1881 1423 virum
1836 1464 1884 1769 Graecorum
1820 1820 1884 2129 principem,
1823 2178 1883 2284 qui,
1823 2335 1885 2569 quidquid
1824 2620 1882 2819 ageret,
1823 2866 1870 2958 pro

1738 1267 1801 1455 patriae
1756 1492 1802 1797 incremento
1757 1834 1796 1882 et
1758 1920 1802 1993 sui
1757 2030 1803 2235 nominis
1742 2263 1804 2415 gloria
1742 2447 1799 2632 ageret,
1744 2670 1789 2829 neque
1758 2857 1804 2958 ullo

1656 1269 1720 1469 proprio
1675 1509 1722 1770 commodo
1676 1823 1724 1999 ductus
1660 2051 1707 2141 pro
1661 2187 1724 2443 republica
1678 2479 1724 2706 invidiam
1678 2745 1718 2793 et
1661 2830 1723 2959 peri-

1594 1271 1641 1379 cula
1577 1416 1640 1724 susciperet,
1595 1763 1635 1862 tam
1579 1898 1642 2150 praeclara
1596 2186 1635 2323 recte
1596 2360 1642 2603 factorum
1582 2642 1642 2958 conscientia,

1513 1269 1553 1321 ut
1513 1357 1559 1503 etiam
1514 1532 1561 1838 infestissimi
1514 1866 1561 2025 hostis
1514 2054 1561 2416 accusationem
1514 2443 1561 2723 sustineret.
1514 2775 1563 2961 Contra

1417 1270 1479 1533 Sophoclis
1417 1593 1479 1803 Ulysses
1418 1866 1465 1959 quo
1417 2023 1481 2340 progreditur
1418 2389 1487 2745 improbitatis!
1433 2832 1480 2956 Nam

1334 1269 1398 1384 quid
1336 1423 1393 1589 potest
1352 1624 1383 1739 esse
1336 1775 1399 1987 ingenuo
1353 2018 1399 2217 homine
1336 2249 1400 2510 indignius„
1339 2549 1383 2692 quam
1338 2720 1400 2956 simplicis

1270 1268 1317 1472 alicuius
1272 1512 1309 1560 et
1255 1596 1318 1825 generosi
1271 1865 1318 2192 adolescentis
1255 2230 1303 2375 opera
1273 2410 1319 2468 ad
1272 2508 1320 2735 fraudem
1272 2770 1320 2955 facien-

1188 1270 1235 1381 dam
1190 1420 1237 1556 abuti
1191 1592 1232 1640 et
1174 1677 1237 1966 praecipere
1191 2003 1236 2047 ei
1179 2083 1237 2218 talia„
1176 2255 1239 2396 quale
1193 2432 1239 2525 hoc
1192 2563 1233 2667 est:

1108 1403 1159 1533 ὅταν
1109 1566 1140 1615 τι
1091 1651 1158 1779 δρᾷς
1099 1819 1161 1869 ές
1093 1902 1159 2105 κέρδος,
1109 2144 1158 2244 οὐκ
1110 2281 1161 2457 ὀκνεῖν
1098 2492 1162 2713 πρέπειῖ

1027 1271 1076 1381 Non
1029 1429 1076 1538 dico
1028 1586 1075 1710 haec
1019 1762 1075 1905 ideo,
1012 1958 1074 2096 quasi
1029 2144 1075 2228 ulli
1014 2275 1071 2451 poetae
1032 2499 1076 2611 vitio
1030 2660 1077 2953 vertendum

947 1272 979 1384 esse
936 1420 995 1613 ducam,
947 1651 994 1691 si
947 1730 994 1850 tales
947 1889 994 2096 heroum
937 2138 980 2317 moreS‚
933 2354 997 2637 postulante
934 2675 997 2841 operis
949 2876 980 2954 ra-

855 1274 914 1425 tione,
853 1460 914 1682 effingat,
854 1719 914 1825 sed,
866 1861 897 1921 ne
867 1950 913 2116 Dionis
868 2153 914 2299 verba
855 2336 917 2626 quibusdam
869 2666 901 2838 caussa
868 2875 899 2954 er-

785 1272 832 1401 roris
776 1438 833 1553 sint,
785 1591 829 1833 metuens.
786 1903 834 2227 Manifestum
788 2266 836 2395 enim
789 2442 831 2518 est
774 2555 837 2786 Ulyssem
789 2808 836 2954 Euri-

688 1274 751 1404 pidis
704 1440 736 1535 non
690 1569 753 1905 improbitate,
705 1945 752 2032 sed
705 2072 753 2293 acumine
692 2343 754 2522 ingenii
693 2557 755 2773 reliquos
694 2806 740 2954 supe-

623 1274 656 1415 rasse
614 1442 666 1598 tanto,
608 1627 666 1805 quanto
607 1824 672 2088 Euripides
608 2111 671 2220 ipse
625 2243 673 2335 hac
626 2363 674 2541 mentis
625 2566 675 2803 facultate
610 2827 659 2954 poe-
