5010 3336
3918 2114 3978 2234 512

3774 1339 3835 1709 ficiscerentur,
3786 1752 3832 1802 in
3782 1848 3832 2026 Aulide
3776 2060 3828 2390 desidentium
3772 2428 3825 2735 Graecorum
3754 2784 3815 3015 conditim

3707 1338 3749 1394 ut
3706 1427 3753 1525 vita
3705 1559 3753 1699 unius
3688 1738 3751 2035 captivarum
3699 2075 3732 2245 cursus
3696 2282 3743 2474 navium
3678 2504 3741 2675 utique
3686 2700 3738 3015 redimendus

3626 1336 3659 1449 esse
3624 1483 3674 1747 videretur.
3622 1818 3672 1957 Hanc
3604 1979 3669 2129 igitur
3616 2157 3665 2459 verissimam
3611 2484 3659 2774 sententiam
3608 2804 3658 3015 Thesei-

3546 1335 3594 1411 dis
3544 1450 3594 1811 defendendam
3541 1839 3583 2009 noster
3535 2035 3586 2271 attribuit.
3520 2340 3584 2514 Neque
3532 2541 3575 2700 tamen
3529 2728 3578 3013 nominatim

3451 1333 3516 1631 Polyxenam
3462 1667 3511 1884 Achilles
3444 1932 3499 2256 poposcerat,
3457 2307 3503 2393 sed
3452 2443 3500 2737 credebatur
3450 2784 3481 2891 eam
3434 2927 3480 3011 po-

3386 1332 3433 1516 stulare
3372 1540 3433 1608 ³⁸),
3369 1645 3416 1805 neque
3380 1827 3427 2027 vacabat
3376 2048 3424 2354 crudelitatis
3372 2385 3420 2589 crimine
3356 2624 3419 2849 Ulysses,
3367 2886 3416 3012 hanc

3292 1332 3354 1644 potissimum
3300 1672 3351 1912 immolari
3298 1945 3346 2132 iubens,
3282 2198 3343 2528 Agamemnon
3279 2553 3333 2733 antem„
3289 2772 3330 2822 ut
3288 2852 3335 3010 solent

3215 1328 3275 1563 Atridae,
3223 1623 3269 1776 amori
3221 1825 3262 1875 et
3205 1935 3265 2148 cupidini
3216 2203 3262 2437 obnoxius
3195 2484 3258 2803 conspicitur.
3208 2882 3256 3007 Nam

3133 1327 3180 1477 quum
3130 1514 3178 1723 aequum
3141 1760 3173 1871 esse
3122 1907 3187 2166 intelligat,
3137 2202 3177 2256 ut
3120 2292 3166 2380 pro
3117 2418 3182 2846 Polyxetia,4111atri
3128 2885 3177 3005 Cas-

3068 1325 3116 1503 sandra
3050 1538 3111 1853 restituatur,
3060 1900 3093 1960 ne
3060 1996 3108 2088 hac
3044 2123 3106 2232 ipse
3040 2278 3101 2492 privetur
3038 2539 3082 2737 cavens,
3048 2786 3081 3004 commu-

2988 1324 3021 1438 nem
2986 1477 3033 1693 omnium
2981 1730 3030 1937 salutem
2980 1968 3012 2055 suo
2977 2085 3023 2343 commodo
2973 2380 3004 2550 rursus
2970 2575 3016 2751 eodem
2968 2783 2999 2891 cum
2967 2916 3015 3002 de-

2895 1322 2955 1531 decore,
2892 1569 2938 1664 quo
2890 1702 2950 1976 quondam,
2886 2028 2930 2176 quum
2881 2226 2945 2512 Chryseidis
2889 2550 2922 2723 caussa
2886 2756 2935 3001 Achillem

2827 1321 2874 1619 contumelia
2812 1648 2872 1901 afficeret,
2804 1939 2865 2209 postponit.
2816 2280 2864 2398 Inde
2809 2448 2856 2779 contentiones
2808 2816 2850 2868 et
2808 2902 2854 3000 iur-

2730 1318 2795 1397 gia
2732 1416 2787 1696 nascuntur,
2728 1734 2774 1858 quae
2722 1884 2778 2242 componuntur
2720 2272 2782 2468 quidem
2718 2493 2781 2683 Ulyssis
2716 2708 2775 2998 interventu,

2667 1318 2715 1408 sed
2664 1453 2713 1723 iniustitiae
2661 1775 2708 1962 crimen
2658 2013 2703 2189 sceleri
2640 2238 2703 2520 profanatae
2651 2568 2697 2835 sacerdotis
2634 2871 2694 2999 Aga-

2585 1314 2620 1543 memnon
2567 1578 2632 1824 adiungit,
2579 1863 2626 2001 cuins
2580 2041 2626 2134 sibi
2561 2171 2623 2344 culpae
2574 2381 2619 2603 conscius
2556 2642 2611 2815 postea
2568 2851 2614 2999 ultio-

2507 1314 2539 1427 nem
2503 1463 2553 1699 Hecubae
2497 1735 2548 1944 adiuvat.
2497 2017 2546 2251 Ceterum
2495 2275 2543 2397 haec
2488 2436 2537 2857 considerantibus
2471 2892 2534 2997 pla-

2426 1312 2459 1428 num
2425 1466 2473 1573 fore
2406 1609 2454 1755 spero
2419 1794 2467 2001 salutem
2416 2036 2465 2303 liberorum
2411 2340 2461 2578 Hecubae
2396 2614 2457 2855 omnium„
2394 2913 2456 2998 qui

2330 1312 2390 1609 superstites
2329 1648 2389 1769 sint,
2339 1807 2371 1902 non
2336 1939 2385 2145 duorum
2322 2180 2378 2399 tantum,
2315 2437 2378 2513 agi
2316 2550 2372 2698 atque
2329 2732 2375 2779 in
2327 2817 2375 2994 discri-

2265 1309 2312 1441 mine
2249 1486 2309 1699 versari‚
2259 1748 2290 1838 nec
2242 1891 2302 2113 potuisse
2253 2162 2301 2398 ultionem
2250 2442 2297 2688 interfecti
2235 2733 2295 2863 eius,
2232 2912 2294 2994 qui

2169 1309 2218 1425 spes
2166 1446 2226 1812 recuperandae
2176 1837 2224 2005 salutis
2158 2030 2222 2427 instaurandique
2155 2455 2216 2592 regui
2169 2620 2217 2779 suerat
2153 2806 2217 2993 (οἴκων

2089 1307 2152 1559 ἄγκυρα),
2101 1597 2148 1703 sine
2099 1740 2147 1943 duarum
2096 1982 2128 2207 sororum
2093 2242 2141 2551 incommodo
2076 2588 2136 2878 procedere.

2022 1435 2071 1574 Haec
2020 1607 2067 1825 numeris
2002 1860 2063 2209 anapaesticis,
2002 2249 2060 2332 qui
2013 2368 2055 2481 suut
2012 2514 2043 2595 res
1996 2632 2056 2990 exponentibus

1945 1303 1993 1467 choris
1929 1503 1989 1758 aptissimi,
1937 1797 1988 2122 declarantur.
1932 2194 1983 2517 Commiscuit
1932 2550 1974 2712 autem
1916 2739 1972 2882 poeta
1913 2903 1959 2988 pa-

1865 1302 1913 1478 rodum
1864 1515 1895 1625 cum
1845 1663 1909 1925 colloquio,
1844 1964 1903 2092 quod
1856 2128 1904 2233 aliis
1856 2268 1902 2315 in
1854 2355 1902 2531 sabulis
1852 2568 1899 2682 huic
1837 2716 1895 2989 praemitti-

1774 1300 1828 1397 tur,
1768 1436 1823 1725 partemque
1780 1763 1827 1866 eius
1762 1903 1825 2132 colloquii
1777 2168 1823 2228 ad
1773 2268 1822 2471 chorum
1755 2520 1820 2679 ipsum
1766 2715 1816 2986 transtulit.

1704 1299 1754 1506 Hecuba
1702 1542 1746 1708 autem
1701 1743 1749 1820 his
1697 1869 1745 2048 auditis
1695 2086 1726 2195 cum
1693 2234 1741 2479 flebilibus
1691 2516 1740 2741 lamentis
1689 2780 1735 2841 ad
1687 2876 1730 2986 ten-

1624 1300 1671 1479 torium
1608 1515 1654 1715 gressus
1617 1752 1668 1975 reserens
1599 2004 1664 2301 Polyxenam
1611 2352 1660 2642 clamoribus
1608 2678 1656 2862 excitat
1607 2896 1654 2983 de-

1530 1299 1577 1395 que
1541 1431 1590 1712 calamitate
1535 1742 1587 2030 imminente
1533 2054 1580 2317 certiorem
1532 2352 1581 2490 facit.
1530 2559 1579 2745 Misera
1529 2770 1570 2845 est
1520 2862 1575 2980 filia,

1465 1298 1512 1388 sed
1462 1440 1510 1669 miserior
1456 1719 1500 1889 mater.
1457 1969 1504 2043 llli
1454 2090 1501 2221 enim
1452 2271 1484 2404 mors
1436 2456 1493 2682 exoptata
1434 2726 1497 2979 contingit,

1370 1297 1429 1613 quamobrem
1379 1648 1413 1744 non
1367 1782 1410 1867 se,
1376 1918 1423 2007 sed
1373 2059 1415 2263 matrem
1355 2302 1420 2551 deplorat,
1371 2602 1417 2680 cui
1367 2728 1416 2978 servitutis

1303 1295 1350 1430 socia
1286 1465 1345 1693 tanquam
1298 1730 1344 1919 catulus
1294 1955 1342 2206 solitariae
1292 2230 1340 2430 leaenae
1275 2457 1339 2705 eripiatur.
1289 2774 1337 2840 At
1288 2873 1318 2976 ma-

1225 1293 1270 1372 ter
1208 1390 1254 1646 quamnam
1207 1668 1266 1930 civitatem,
1198 1970 1245 2116 quem
1196 2139 1259 2411 coniugem,
1197 2448 1243 2569 quos
1209 2608 1258 2792 liberos
1192 2829 1240 2973 opem

1133 1305 1149 1755 Ἣ

1035 1431 1072 1496 tes
1022 1524 1061 1636 rem,
1018 1671 1057 1805 quam
1014 1837 1064 2085 exponunt⁷
1024 2115 1063 2207 tam
1023 2240 1061 2444 accurate
1009 2476 1051 2757 cognoscere.
1007 2816 1062 2970 Itaque

963 1429 1005 1563 etiam
944 1594 1003 1866 festinantes,
956 1898 992 1944 ut
940 1975 995 2151 longius
940 2180 993 2374 spatium
941 2404 980 2624 emensae,
938 2657 990 2899 procedere
948 2922 975 2971 se

892 1429 931 1655 testantur.

814 1345 868 1397 Χ)
822 1429 865 1497 Cf.
820 1530 847 1602 vv.
819 1633 861 1730 111.
817 1760 860 1830 91.
815 1863 853 1907 et·
803 1934 857 2026 40.‚
801 2067 854 2227 quibus
810 2265 852 2379 adde
799 2409 839 2525 quae
810 2555 851 2608 de
809 2640 851 2728 hac
808 2756 836 2805 re
806 2835 849 2966 Som-

750 1424 781 1573 merus
734 1604 791 1945 diligentissime
730 1976 783 2191 exposuit.
756 2609 768 2617 ⁸
