5010 3336
3923 2118 3984 2243 526

3775 1325 3821 1513 eorum,
3772 1548 3837 1632 qui
3787 1665 3821 1793 nunc
3774 1828 3832 1974 sunt,
3783 2019 3832 2302 mortalium
3781 2335 3815 2395 an
3763 2431 3828 2694 quisquam
3759 2728 3822 2888 possit
3771 2922 3820 3023 du·-

3705 1324 3754 1483 bitare
3707 1534 3756 1668 licet.
3690 1750 3755 2067 mammam,
3685 2130 3735 2454 quaecunque
3696 2514 3746 2666 hodie
3694 2726 3743 2776 in
3690 2832 3739 3020 nostris

3627 1323 3675 1535 theatris
3626 1586 3675 1810 exhiberi
3611 1858 3673 2049 solent,
3622 2110 3669 2189 vix
3621 2241 3668 2327 ulli
3617 2371 3666 2537 insunt
3614 2587 3658 2690 tam
3610 2740 3661 3019 calamitosi

3532 1320 3594 1566 homines,
3530 1608 3593 1779 quales
3545 1816 3591 1867 in
3525 1900 3590 2299 τραγικωτάτου
3521 2335 3579 2514 poetae
3518 2549 3583 2803 plerisque
3529 2836 3581 3018 fabulis

3448 1320 3512 1710 conspiciuntur.
3460 1781 3512 2003 Necesse
3459 2039 3507 2167 enim
3458 2207 3507 2303 fuit
3441 2337 3498 2514 poetae
3437 2549 3502 2880 philosopho,
3434 2933 3497 3018 qui

3384 1317 3431 1468 vellet
3383 1502 3432 1731 homiues
3370 1781 3430 1990 docere,
3363 2028 3410 2123 qua
3376 2159 3423 2350 ratione
3374 2388 3422 2604 conditio
3370 2639 3421 2851 humana
3368 2886 3417 3018 tole—

3305 1315 3351 1413 rari
3304 1450 3345 1499 et
3302 1535 3351 1837 calamitates
3299 1874 3347 2001 vinci
3283 2030 3339 2253 possent,
3279 2288 3335 2667 repraesentare
3272 2693 3323 3017 quaecunque

3223 1313 3271 1596 miserrima
3219 1652 3268 1941 mortalibus
3216 1999 3264 2227 accidere
3198 2276 3255 2497 possent.
3211 2581 3260 2682 Sed
3192 2727 3257 3016 longissime

3143 1310 3191 1446 idem
3142 1497 3190 1654 abfuit
3142 1696 3188 1755 ab
3140 1813 3170 1871 ea
3123 1920 3184 2182 sententia,
3120 2218 3167 2363 quam
3131 2413 3181 2569 Stoici
3114 2606 3177 2910 probarunt,
3126 2959 3170 3014 ut

3061 1311 3109 1635 indolentiam
3061 1671 3108 1805 illam
3041 1843 3103 2229 commendaret,
3039 2265 3085 2409 quam
3047 2446 3098 2799 immanitatem
3046 2830 3093 2880 in
3045 2907 3093 3012 ani-

2967 1308 3013 1409 mo,
2966 1446 3022 1700 stuporem
2980 1740 3027 1790 in
2962 1827 3010 2036 corpore
2975 2075 3007 2186 esse
2971 2211 3019 2491 rectissime
2967 2511 3017 2748 iudicavit
2951 2782 3014 3010 Crantor,

2884 1308 2932 1404 qua
2901 1439 2944 1606 tamen
2898 1643 2947 1913 indolentia
2896 1948 2943 2102 multo
2892 2151 2942 2374 deterior
2890 2410 2933 2486 est
2886 2510 2934 2780 ostentatio
2872 2817 2917 3009 eorum,

2804 1307 2867 1406 qui,
2805 1445 2868 1576 quod
2804 1614 2866 1710 ipsi
2818 1743 2865 1792 in
2816 1829 2864 1928 vita
2814 1965 2861 2214 umbratili
2811 2235 2859 2370 nulla
2795 2394 2841 2606 unquam
2790 2642 2852 2867 graviora
2803 2905 2850 3009 dis-

2739 1306 2787 1514 crimina
2724 1551 2786 1838 subierunt,
2735 1876 2783 1981 sive
2732 2016 2780 2166 etiam
2716 2203 2779 2335 quod
2713 2372 2769 2578 propter
2724 2615 2775 2866 levitatem
2722 2903 2770 3006 ani-

2658 1302 2690 1495 morum
2640 1562 2704 1945 vecordiamque
2652 2019 2700 2152 nulla
2650 2211 2681 2267 re
2647 2324 2696 2667 vehementius
2629 2728 2685 3005 moventur,

2565 1300 2625 1549 damnant,
2578 1590 2624 1630 si
2561 1660 2607 1805 quem
2574 1832 2622 1978 alium
2556 2006 2617 2463 perturbationibus
2555 2500 2614 2576 iis,
2550 2616 2613 2795 quibus
2564 2832 2596 2885 se
2562 2921 2595 3005 va-

2496 1300 2528 1414 care
2480 1450 2538 1653 putant,
2494 1701 2543 1968 obnoxium
2490 2021 2523 2135 esse
2486 2190 2536 2373 vident.
2485 2442 2534 2667 Helenae
2467 2702 2532 3006 Euripideae

2415 1298 2463 1454 instar
2415 1490 2462 1586 hoc
2400 1621 2447 1775 genus
2411 1811 2461 2067 hominum
2409 2106 2456 2253 etiam
2406 2290 2454 2495 summis
2403 2525 2452 2888 calamitatibus
2401 2924 2449 3002 in-

2335 1298 2382 1541 stantibus
2333 1579 2375 1721 caute
2332 1759 2374 1810 et
2315 1830 2379 2082 religiose,
2327 2121 2359 2182 ne
2310 2207 2373 2289 qui
2325 2328 2372 2576 cincinnus
2323 2614 2369 2844 turbetur
2320 2878 2353 3001 neve

2238 1297 2301 1416 quid
2251 1455 2302 1743 detrimenti
2250 1794 2298 1880 fiat
2231 1934 2293 2240 venustatis,
2243 2292 2291 2562 curandum
2241 2613 2274 2728 esse
2239 2773 2289 2999 omnibus

2172 1296 2215 1481 censet

2092 1426 2140 1503 Ad
2076 1540 2134 1886 argumentum
2087 1927 2137 2125 fabulae
2084 2159 2133 2329 redeo.
2084 2402 2133 2632 Accurrit
2085 2666 2131 2726 ad
2068 2762 2131 2996 Polyme-

2013 1292 2060 1443 storis
2011 1482 2059 1725 clamores
1993 1762 2056 2131 Agamemnon,
2005 2183 2054 2415 simulans
1989 2451 2052 2772 ignorantiam
1990 2808 2034 2995 rerum,

1917 1291 1964 1416 quae
1931 1442 1979 1640 interim
1916 1669 1974 1844 gestae
1924 1871 1970 2000 sunt.
1913 2073 1973 2233 Quem
1913 2264 1967 2451 nactus,
1925 2481 1967 2535 ut
1908 2563 1967 2720 putat,
1922 2747 1971 2994 vindicem

1837 1288 1901 1618 Polymestor,
1835 1656 1895 1877 quamvis
1847 1914 1894 1992 vix
1845 2028 1893 2262 cohibeat
1845 2307 1892 2569 laniandae
1843 2604 1892 2844 Hecubae
1843 2882 1890 2995 libi-

1760 1288 1820 1473 dinem,
1770 1517 1817 1578 ad
1769 1616 1802 1840 caussam
1766 1878 1815 2139 dicendam
1765 2178 1797 2239 ex
1764 2274 1811 2485 adverso
1763 2523 1810 2765 consistit.
1761 2836 1810 2992 Cuius

1690 1289 1738 1510 oratione
1688 1546 1735 1762 narratio
1676 1800 1718 1990 eorum,
1669 2028 1716 2153 quae
1684 2187 1732 2321 intus
1668 2358 1726 2496 gesta
1669 2521 1725 2651 sunt,
1678 2690 1730 2990 continetur.

1611 1287 1660 1354 Et
1608 1380 1658 1688 Graecorum
1607 1725 1649 1775 et
1605 1811 1637 1902 suo
1603 1941 1651 2201 commodo
1603 2238 1634 2265 a
1603 2302 1634 2357 se
1586 2392 1643 2712 prospectum
1601 2752 1633 2864 esse
1602 2894 1649 2990 Po·-

1514 1285 1579 1511 lydorum
1525 1548 1575 1896 interficiendo
1523 1934 1571 2160 simulat:
1521 2208 1567 2477 verendum
1520 2526 1567 2655 enim
1511 2690 1569 2877 fuisse,
1520 2926 1553 2989 ne

1450 1284 1498 1508 collectis
1446 1546 1497 1872 Troianorum
1429 1911 1492 2132 reliquiis
1442 2168 1490 2300 filius
1440 2337 1489 2522 Priami
1440 2556 1488 2754 Troiam
1440 2791 1483 2986 restau-

1370 1281 1413 1415 raret
1352 1464 1400 1737 rursusque
1363 1776 1413 1955 Graeci
1361 2010 1405 2181 contra
1359 2217 1407 2392 urbem
1359 2439 1407 2672 hostilem
1359 2710 1407 2985 exercitum

1288 1279 1337 1518 ducentes
1285 1562 1336 1827 Thraciam
1282 1879 1326 2150 vastarent.
1279 2230 1329 2330 Pro
1277 2376 1326 2475 hoc
1278 2523 1322 2688 autem
1267 2726 1327 2984 beneficio,

1195 1279 1256 1414 quod
1205 1454 1256 1758 Graecorum
1202 1805 1252 2003 hostem
1184 2052 1248 2419 interfecisset,
1198 2470 1245 2596 hanc
1198 2634 1229 2688 se
1182 2723 1246 2982 accepisse

1116 1278 1175 1581 mercedem,
1124 1618 1174 1797 fraude
1123 1835 1170 1882 in
1119 1918 1167 2190 tentorium
1106 2229 1165 2529 deductum,
1106 2565 1164 2676 ubi,
1103 2711 1161 2977 postquam

1033 1278 1095 1578 recubuerit,
1044 1616 1092 1811 turbam
1039 1847 1089 2109 mulierum
1036 2147 1085 2495 circumfusam
1022 2521 1084 2733 primum
1025 2769 1081 2978 vestem,

968 1275 1018 1444 hastas
948 1482 1016 1767 liberosque
960 1804 1008 2047 curiosam
956 2084 1002 2383 attrectasse
957 2429 1000 2481 et
941 2515 1005 2770 paullatim
958 2811 989 2839 e
957 2871 989 2977 ma·-

888 1275 935 1417 nibus
874 1454 931 1742 removisse,
880 1781 931 1959 deinde
862 1993 920 2202 repente
876 2239 924 2426 strictis
876 2462 924 2660 ensibus
866 2684 923 2885 liberos,
877 2922 909 2978 se

791 1274 856 1602 inspectante,
802 1640 849 1729 sed
785 1768 848 1973 capillis,
796 2009 844 2235 manibus
778 2272 842 2581 pedibusque
785 2616 838 2830 retent-0,
796 2867 840 2975 tru-

712 1273 776 1484 cidasse,
721 1523 754 1637 mox
704 1671 768 1769 ipsi
702 1796 767 2007 pupillas
713 2032 766 2285 effodisse.
714 2354 763 2541 Eadem
713 2568 762 2755 ratione
700 2786 764 2975 reliqua
