5010 3336
3928 2084 3984 2206 498

3777 1311 3835 1436 lem,
3791 1484 3838 1535 id
3777 1570 3840 1698 quod
3792 1752 3825 1812 ex
3792 1865 3839 1943 his
3789 1997 3838 2102 eius
3788 2136 3836 2298 verbis
3771 2336 3837 2492 (poet.
3784 2532 3818 2575 c.
3774 2609 3831 2657 9,
3782 2694 3832 2772 11.
3783 2810 3826 2859 et
3764 2894 3829 2995 12.)

3696 1308 3758 1627 intelligitur:
3698 1688 3759 1964 „Quoniam
3709 2012 3740 2105 non
3708 2166 3754 2323 solum
3706 2379 3747 2745 consummatae
3702 2791 3750 2995 actionis

3630 1308 3677 1514 imitatio
3631 1553 3671 1629 est
3616 1665 3677 1944 tragoedia,
3629 1996 3675 2083 sed
3628 2135 3674 2279 etiam
3626 2318 3674 2517 timen
3625 2534 3673 2750 darum
3624 2787 3654 2854 ac
3622 2890 3669 2997 mi-

3549 1308 3598 1688 serabilium
3540 1726 3581 1972 rerum,
3548 2011 3596 2125 hae.
3547 2162 3588 2366 autem
3546 2404 3588 2462 et
3544 2497 3592 2759 maxime
3543 2796 3585 2856 et
3542 2884 3574 2995 ma-

3452 1306 3516 1410 gis
3457 1460 3515 1789 existunt,
3470 1839 3517 1890 si
3468 1927 3500 2026 res
3451 2076 3508 2345 praeter
3450 2394 3513 2768 opinionem
3462 2820 3510 2995 aliae

3389 1306 3421 1377 ex
3389 1414 3435 1561 aliis
3389 1599 3431 1949 nascantur
3374 1985 3436 2118 (nam
3372 2149 3434 2302 magis
3387 2328 3433 2422 hoc
3386 2452 3431 2628 mirum
3371 2666 3431 2775 erit,9
3369 2810 3415 2995 quam

3310 1307 3357 1360 si
3310 1396 3352 1644 temere
3309 1691 3339 1757 ac
3296 1803 3356 2125 fortuito,
3291 2176 3352 2356 quippe
3290 2410 3335 2557 quum
3304 2611 3350 2756 etiam
3288 2805 3335 2995 eorum,

3214 1306 3260 1432 quae
3230 1467 3277 1672 fortuito
3217 1709 3276 1951 accidunt,
3226 1989 3274 2286 mirabiliora
3224 2306 3272 2565 videantur
3211 2589 3255 2660 ea„
3209 2700 3255 2822 quae
3208 2853 3270 2993 quasi

3149 1306 3196 1509 consilio
3134 1549 3196 1758 quodam
3149 1798 3196 1975 effecta
3148 2017 3178 2129 esse
3134 2176 3193 2431 videntur,
3143 2482 3190 2631 veluti
3144 2684 3174 2794 cum
3143 2832 3184 2995 statua

3054 1304 3117 1481 Mityis
3054 1520 3116 1663 Argis
3069 1701 3116 1883 occidit
3059 1920 3099 2050 eum,
3054 2090 3115 2172 qui
3066 2208 3112 2369 caedis
3050 2394 3111 2565 Mityis
3064 2604 3104 2775 auctor
3053 2812 3112 2994 suerat,

2988 1304 3036 1526 incidens
2976 1565 3036 1833 spectanti:
2988 1884 3036 2113 videntur
2988 2162 3033 2290 enim
2987 2341 3032 2451 talia
2985 2495 3015 2588 non
2984 2635 3026 2826 temere
2984 2863 3031 2993 acci-

2896 1304 2958 1474 disse),
2911 1513 2957 1627 inde
2910 1666 2941 1873 necesse
2909 1911 2950 1987 est
2908 2024 2954 2263 eiusmodi
2906 2302 2954 2490 fabulas
2890 2530 2952 2802 pulcriores
2905 2828 2944 2992 esse.’'

2830 1308 2876 1440 idem
2830 1491 2876 1706 sentiens
2828 1756 2877 2062 Schiller
2827 2111 2874 2255 foeda
2827 2303 2858 2414 esse
2826 2463 2872 2583 dixit
2813 2633 2856 2718 ea,
2811 2772 2856 2897 quae,
2824 2933 2871 2992 ab

2749 1302 2796 1493 idoneis
2750 1561 2796 1778 consiliis
2747 1849 2795 2177 abhorrerent
2731 2240 2795 2373 (das
2728 2436 2793 2991 Zweekwidrige).

2668 1304 2715 1488 Contra
2670 1524 2700 1618 non
2670 1654 2708 1789 recte
2670 1828 2715 1909 ille
2668 1944 2715 2147 foedum
2667 2186 2698 2296 esse
2658 2334 2713 2481 dixit„
2669 2518 2711 2556 si
2652 2592 2712 2733 probi
2665 2770 2713 2993 homiues

2588 1304 2619 1364 ex
2589 1402 2636 1635 secundis
2591 1672 2635 1819 rebus
2591 1858 2636 1905 in
2591 1943 2637 2093 malas
2590 2130 2636 2204 vel
2574 2232 2635 2449 perditas
2588 2477 2634 2794 devenientes
2585 2827 2628 2994 osten-

2508 1304 2554 1481 dantur
2494 1520 2557 1674 (poet.
2508 1714 2541 1754 c,
2512 1792 2556 1869 13.
2495 1911 2558 2118 §.10.).
2508 2192 2555 2265 An
2508 2303 2555 2449 foeda
2508 2496 2548 2607 sunt
2492 2642 2550 2866 spectatu
2506 2900 2554 2994 Pa-

2418 1302 2475 1526 lamedis,
2419 1566 2477 1799 Socratis,
2430 1829 2477 1998 Hussii
2428 2029 2475 2277 damnatio
2412 2309 2468 2454 atque
2411 2483 2474 2813 supplicium?
2414 2851 2474 2995 Quod

2348 1303 2389 1466 autem
2349 1505 2395 1629 dixit
2350 1665 2380 1756 non
2349 1794 2396 1981 debere
2336 2018 2379 2155 eum,
2333 2206 2393 2286 qui
2347 2324 2393 2372 in
2346 2406 2377 2488 res
2346 2525 2391 2754 adversas
2334 2791 2393 2993 incidat,

2267 1302 2314 1434 omni
2251 1464 2310 1667 peccato
2252 1699 2320 1999 (ἁμαρτίας)
2255 2036 2298 2224 vacare7
2250 2263 2298 2678 supervacaneum
2265 2709 2308 2810 est:
2265 2849 2298 2992 nemo

2187 1301 2233 1428 enim
2178 1466 2236 1759 mortalium,
2173 1798 2232 2015 quamvis
2187 2054 2233 2117 sit
2170 2143 2233 2389 egregius,
2185 2425 2231 2553 vitiis
2172 2588 2227 2745 vacat,
2185 2783 2227 2833 et
2185 2860 2217 2992 mor—

2107 1300 2155 1465 talitas
2094 1501 2154 1609 ipsa
2110 1642 2155 1814 vitium
2106 1852 2149 1942 est.

2030 1435 2077 1624 Rerum
2029 1672 2076 1989 adversarum
2029 2041 2076 2090 in
2027 2140 2075 2383 secundas
2028 2437 2071 2520 aut
2027 2568 2076 2891 secundarum
2027 2941 2075 2990 in

1949 1302 1997 1532 adversas
1949 1570 1996 1979 commutationes
1948 2012 1995 2268 materiam
1948 2305 1995 2572 carminum
1938 2609 1995 2843 omnium,
1933 2881 1995 2990 qui-

1868 1300 1916 1393 bus
1870 1429 1917 1506 vel
1851 1543 1913 1807 narrantur
1870 1841 1916 1918 vel
1853 1967 1911 2176 aguntur
1854 2212 1899 2320 res,
1867 2358 1915 2609 efficiunt:
1852 2666 1901 2826 neque
1867 2861 1914 2992 enim

1789 1302 1836 1409 sine
1789 1446 1837 1828 commutatione
1773 1855 1836 2112 impeditio
1772 2150 1828 2296 atque
1788 2315 1834 2492 solutio
1775 2520 1839 2681 (δὲσις
1787 2708 1838 2795 καὶ
1774 2820 1837 2988 λύσις)

1701 1299 1740 1487 rerum,
1695 1525 1741 1684 neque
1709 1721 1755 1827 sine
1708 1863 1756 1940 his
1707 1979 1753 2243 commotio
1707 2297 1754 2570 animorum
1708 2605 1748 2688 aut
1706 2724 1754 2991 delectatio

1629 1299 1676 1465 locum
1629 1501 1676 1687 habere
1613 1723 1670 1903 potest.
1627 1976 1676 2137 Tanto
1626 2187 1669 2349 autem
1610 2396 1675 2668 impensius
1625 2705 1657 2991 commove-

1538 1298 1580 1425 mur,
1533 1464 1590 1643 quanto
1548 1682 1579 1845 rerum
1546 1886 1593 2204 commutatio
1546 2239 1594 2570 admirabilior
1546 2598 1588 2675 est
1531 2711 1587 2990 quantoque

1452 1298 1517 1492 longius
1468 1531 1517 1756 fortunae
1468 1792 1509 1950 status
1466 1988 1513 2114 alter
1467 2149 1513 2206 ab
1466 2245 1513 2398 altero
1467 2430 1513 2591 distat.
1466 2663 1514 2864 Summa
1452 2897 1514 2988 igi-

1388 1297 1430 1377 tur
1389 1413 1437 1613 miseria
1389 1649 1429 1698 et
1389 1733 1419 1921 summa
1386 1959 1435 2172 felicitas
1386 2207 1433 2456 hominum
1370 2486 1433 2765 effingenda
1386 2791 1428 2841 et
1387 2866 1419 2988 con-

1309 1297 1356 1420 ditio
1309 1467 1340 1635 rerum
1308 1684 1356 2005 humanarum
1293 2057 1353 2265 ingenue
1306 2311 1353 2614 ostendenda
1304 2663 1349 2751 est.
1295 2822 1355 2986 Quum

1229 1297 1270 1464 autem
1214 1499 1260 1673 magna
1213 1708 1260 1869 neque
1227 1903 1276 2175 infortunia
1210 2194 1258 2351 neque
1226 2371 1274 2635 felicitates
1226 2664 1273 2769 sine
1211 2796 1275 2985 magnis

1149 1296 1197 1596 facinoribus
1149 1633 1195 1829 evenire
1134 1866 1195 2072 soleant,
1146 2110 1189 2159 et
1129 2194 1177 2371 magna
1147 2404 1194 2622 facinora
1147 2646 1177 2705 ex
1132 2741 1195 2985 magnitu-

1068 1297 1116 1411 dine
1069 1447 1117 1523 vel
1069 1559 1116 1736 virium
1069 1772 1116 1847 vel
1066 1884 1114 2027 animi
1066 2060 1114 2138 vel
1050 2173 1113 2350 ingenii
1066 2378 1109 2663 nascantur:
1067 2701 1111 2837 tanto
1053 2873 1099 2984 gra-

988 1294 1037 1431 viora
988 1470 1031 1613 erunt
977 1648 1035 1894 carmina,
972 1947 1027 2127 quanto
969 2163 1017 2404 personae
987 2450 1034 2597 animi
971 2634 1035 2983 magnitudine,

894 1293 956 1469 ingenii
895 1498 956 1733 sollertia,
894 1771 955 2080 fortitudine,
896 2118 952 2336 audacia,
905 2373 952 2551 virtute
892 2578 954 2981 praestantioreS.

828 1294 878 1419 Nam
828 1457 871 1509 et
828 1546 875 1671 bona
827 1707 870 1758 et
827 1792 874 1916 mala
824 1953 858 2143 summa
824 2178 872 2461 fortissimis
811 2510 873 2787 quibusque
826 2821 874 2981 homi—

747 1292 797 1434 nibus
746 1470 795 1713 destinata
737 1746 789 1884 sunt3
743 1933 793 2194 desidiosis
745 2230 787 2391 autem
730 2428 788 2576 atque
745 2612 795 2836 socordia
746 2871 791 2975 tor-
