5010 3336
3816 2093 3871 2213 322

3655 1316 3718 1503 arguit,
3674 1555 3706 1650 non
3675 1701 3722 1762 ad
3660 1812 3725 2061 prologos.
3677 2079 3724 2209 solos
3662 2245 3726 2491 pertinent
3666 2519 3727 2588 *).
3661 2657 3725 2981 Antiquorum

3577 1313 3638 1608 scriptorum
3584 1646 3627 1803 nem0,
3597 1839 3628 1899 ne
3582 1934 3645 2287 Aristophanes
3582 2323 3645 2536 quidem,
3581 2574 3645 2802 prologos
3596 2839 3642 2981 Euri.-

3496 1312 3558 1440 pidis
3497 1476 3563 1783 vituperavit,
3517 1821 3564 1908 sed
3517 1944 3548 2041 uno
3517 2076 3547 2162 ore
3518 2198 3549 2366 omnes
3518 2402 3565 2532 laudi
3517 2555 3565 2846 tribuerunt.
3517 2883 3564 2982 Te-

3432 1312 3475 1414 stes
3434 1461 3475 1574 sunt
3435 1610 3466 1719 cum
3437 1754 3484 1834 alii
3438 1868 3478 1973 tum
3438 2010 3485 2225 Thomas
3426 2263 3485 2367 M„
3423 2406 3484 2484 qui
3438 2521 3484 2803 criticorum
3436 2838 3483 2984 verba

3332 1264 3342 1275 γ
3338 1311 3401 1643 transcripsit:
3344 1694 3404 1886 „Multa
3357 1920 3403 1967 in
3357 2002 3398 2157 artem
3357 2194 3404 2359 intulit
3346 2393 3388 2531 nova,
3343 2585 3389 2709 quae
3358 2734 3389 2875 nemo
3358 2898 3389 2980 an-

3272 1310 3314 1387 tea
3274 1422 3319 1687 invenerat.
3277 1756 3324 1879 Nam
3262 1916 3323 2044 quod
3278 2080 3324 2129 in
3278 2165 3323 2374 exordiis
3278 2410 3325 2683 dramatum
3262 2720 3309 2983 argumen-

3192 1310 3235 1414 tum
3179 1462 3242 1718 exponitur
3197 1762 3239 1810 et
3183 1856 3244 1994 quasi
3198 2041 3227 2186 manu
3198 2236 3244 2428 auditor
3198 2481 3245 2528 in
3182 2565 3244 2783 priorum
3198 2819 3229 2980 rerum

3098 1309 3162 1636 cognitionem
3109 1683 3164 2040 introducitur,
3102 2093 3164 2344 Euripidis
3118 2406 3160 2482 est
3107 2531 3165 2808 inventum3
3118 2875 3160 2979 tum

3017 1307 3081 1710 perspicuitatem
3038 1760 3080 1810 et
3024 1861 3085 2141 planitatem
3038 2205 3085 2349 dictis
3037 2410 3084 2670 tribuendo
3023 2718 3070 2982 rerumque

2940 1308 3003 1684 explicationem
2942 1729 3005 2222 argumentationibus
2957 2273 2998 2323 et
2957 2373 3005 2582 iucundo
2958 2619 2988 2820 numero
2959 2855 3005 2980 vari—

2867 1307 2923 1450 ando,
2864 1487 2923 1699 denique
2879 1736 2926 1999 sententias
2866 2024 2927 2309 frequentes
2878 2337 2918 2385 et
2877 2409 2924 2548 valde
2877 2576 2924 2758 caussis
2878 2784 2909 2979 accom-

2796 1307 2843 1526 modatas
2798 1571 2846 1850 adhibendo
2800 1896 2847 2196 admirabilis
2799 2254 2840 2375 est.'’
2798 2454 2845 2575 Nam
2783 2636 2845 2764 quod
2798 2828 2845 2981 nostri

2716 1306 2749 1474 omnes
2702 1512 2749 1658 aegre
2709 1692 2765 1883 serunt,
2719 1932 2765 2262 narrationem
2718 2298 2765 2489 institui
2718 2525 2764 2718 nemine
2718 2752 2764 2799 in
2718 2835 2749 2981 scena

2621 1304 2678 1598 praesente,
2622 1648 2685 1731 qui
2624 1784 2670 2079 cognoscere
2623 2130 2685 2293 cupiat
2639 2342 2685 2418 vel
2623 2454 2685 2833 interloquatur,
2638 2882 2685 2980 hoc

2557 1303 2604 1502 minime
2558 1550 2604 1795 veteribus
2559 1844 2607 2104 offensioni
2548 2143 2599 2270 erat;
2558 2317 2605 2463 iidem
2558 2512 2604 2709 minime
2558 2752 2606 2981 tulissent

2462 1304 2525 1579 soliloquia,
2462 1618 2509 1740 quae
2479 1775 2511 1862 nos
2463 1898 2526 2220 appellamus,
2463 2257 2524 2529 quibusque
2478 2564 2525 2686 nihil
2479 2719 2525 2767 in
2478 2797 2525 2979 nostris

2398 1302 2446 1481 fabulis
2382 1519 2445 1823 frequentius
2400 1862 2439 1952 est.
2399 2023 2447 2199 Coram
2397 2238 2443 2446 testibus
2383 2482 2428 2627 agere
2383 2663 2429 2980 quaecunque

2304 1301 2358 1529 agerent,
2319 1578 2365 1937 communicare
2319 1984 2365 2183 consilia
2318 2235 2364 2338 sive
2317 2373 2349 2481 cum
2318 2519 2364 2840 familiaribus
2318 2876 2365 2979 sive

2240 1302 2270 1411 cum
2223 1448 2286 1763 popularibus
2240 1801 2285 1902 sive
2240 1939 2270 2045 cum
2224 2085 2284 2383 peregrinis,
2223 2434 2283 2515 qui
2238 2564 2284 2696 sorte
2226 2732 2285 2978 adessent,

2159 1299 2202 1399 tam
2160 1434 2206 1530 illis
2159 1565 2205 1839 hominibus
2160 1874 2207 2114 familiare
2148 2149 2206 2272 suit,
2157 2321 2200 2376 ut
2157 2425 2204 2485 ad
2141 2531 2205 2703 populi
2142 2737 2206 2976 frequen-

1976 1356 2028 1406 ῆς)
1977 1437 2032 1679 Ληκύθιον
1976 1723 2029 1940 appellari
1987 1983 2026 2170 alteram
1975 2201 2024 2373 partem
1985 2411 2027 2712 trimetrorum
1984 2755 2026 2973 iambico-

1909 1438 1945 1552 rum,
1907 1584 1946 1695 quae
1918 1727 1958 1923 detracta
1906 1956 1958 2304 penthemimere
1903 2335 1957 2621 relinquatur,
1915 2653 1956 2759 dicit
1913 2787 1953 2973 Tzetzes

1849 1435 1889 1480 in
1849 1521 1889 1718 Crameri
1848 1757 1888 1919 Anecd.
1848 1953 1887 1986 l.
1835 2029 1872 2069 p.
1836 2101 1888 2195 76„
1834 2239 1884 2352 quod
1846 2389 1881 2534 utrum
1845 2574 1871 2627 ex
1831 2667 1885 2974 Aristophanis

1778 1437 1817 1535 lusu
1767 1566 1819 1824 coniecerit,
1778 1867 1804 1921 an
1777 1952 1818 2140 alicuius
1777 2170 1817 2360 auctoris
1776 2389 1816 2636 testimonio
1774 2668 1814 2820 doctus
1773 2849 1809 2970 retu*

1698 1436 1748 1548 lcrit,
1702 1580 1749 1752 nesci03
1709 1795 1747 1878 hoe
1707 1909 1733 2015 vero
1691 2048 1747 2265 intelligo,
1692 2298 1745 2441 magis
1704 2478 1745 2652 fatuum
1704 2694 1744 2754 nil
1702 2786 1743 2973 inveniri

1625 1437 1665 1588 posse,
1626 1630 1665 1763 quam
1638 1803 1676 1892 tale
1622 1933 1677 2240 Aristophanis
1625 2284 1676 2546 artificium,
1634 2584 1674 2619 si
1632 2658 1673 2972 substituendis

1568 1435 1609 1585 verbis
1568 1624 1609 1889 inanissimis
1566 1928 1591 2083 versus
1552 2128 1605 2347 Euripidis
1551 2376 1604 2595 corrumpi
1550 2626 1590 2754 posse
1549 2784 1602 2969 putavit.

1486 1434 1541 1652 Aq'nvaog
1498 1696 1538 1790 sive
1484 1834 1536 2056 ληκύθιον
1482 2097 1534 2407 appellabatur
1484 2447 1532 2626 arcula,
1479 2678 1519 2763 qua
1481 2804 1529 2967 oleum,

1414 1432 1468 1660 pigmenta
1415 1690 1469 1902 sucusque
1413 1933 1464 2238 servabantur,
1413 2272 1465 2429 quibus
1411 2461 1462 2657 corporis
1422 2686 1462 2800 nitor
1409 2831 1448 2966 supra

1358 1434 1398 1637 habitum
1356 1669 1394 1915 naturalem
1340 1946 1387 2199 augeretur.
1355 2258 1394 2381 Unde
1353 2411 1394 2579 factum
1344 2611 1388 2698 est,
1351 2739 1387 2786 ut
1339 2827 1394 2966 λήκυ-

1280 1431 1326 1520 θος
1287 1550 1326 1683 etiam
1275 1716 1313 1794 pro
1286 1827 1326 1965 nitore
1272 1997 1324 2184 fucoque
1271 2217 1324 2335 ipso,
1272 2377 1325 2451 qui
1283 2494 1323 2612 succi
1268 2653 1323 2966 sanguinisque

1204 1431 1259 1667 incorrupti
1205 1698 1256 1891 speciem
1202 1934 1254 2190 corporibus
1203 2230 1253 2468 tribueret,
1198 2510 1245 2810 usurparetur.
1211 2871 1251 2962 Cic.

1147 1430 1187 1514 Att.
1137 1550 1186 1581 l,
1147 1616 1188 1694 l-‘l·:
1133 1746 1185 1891 „Quid
1144 1932 1184 2104 multa‘.e
1143 2158 1183 2317 Totum
1143 2350 1183 2465 hunc
1130 2496 1181 2670 locum,
1128 2715 1167 2846 quem
1126 2878 1167 2962 ego

1078 1428 1118 1553 varie
1078 1575 1118 1686 meis
1074 1717 1115 1986 orationibus
1073 2014 1111 2133 soleo
1058 2164 1113 2415 pingere,
1073 2451 1112 2502 de
1061 2534 1112 2729 flamma,
1071 2762 1110 2815 de
1070 2845 1111 2962 ferro

997 1430 1049 1564 (nosti
1008 1605 1048 1704 illas
992 1743 1049 1999 ληκύθους)
1002 2040 1041 2170 valde
988 2212 1042 2407 graviter
990 2447 1042 2709 pertexuit.⁷’
1000 2776 1040 2963 Tzetzes

940 1429 979 1457 l.
940 1488 979 1541 l.:
922 1584 980 1741 διόπερ
933 1782 975 1857 καὶ
917 1889 971 2173 ,Καλλίμαχος
918 2202 971 2315 λέγει
920 2344 975 2427 τήν
917 2457 971 2713 τραγῳδίαν
929 2745 971 2822 διὰ
921 2852 973 2962 τούς

857 1426 912 1632 θρήνους
865 1676 906 1751 καὶ
850 1792 905 2060 κλαυθμούς
848 2098 901 2435 „Annvraiav
860 2477 900 2767 Mofioavfi
859 2841 899 2961 Huic

799 1427 839 1590 nomini
795 1628 837 1839 Horatius
791 1881 832 2065 latinum
777 2107 830 2425 ampullam
778 2466 830 2711 substituit,
776 2755 829 2960 idemque

716 1427 766 1747 ampullari
724 1778 749 1829 eo
710 1860 749 2003 sensu,
707 2036 746 2119 quo
719 2151 761 2312 Graeci
708 2341 758 2613 ληκυθίζειν,
706 2643 758 2791 posuit
704 2817 758 2957 Epist.

651 1424 700 1456 ¹,
649 1485 700 1527 3,
658 1560 699 1633 14:
645 1666 696 1761 „An
638 1791 692 1964 tragica
648 1994 689 2189 desaevit
649 2219 686 2261 et
636 2290 688 2558 ampullatur
647 2585 689 2627 in
647 2659 683 2752 arte
649 2766 690 2816 ‘3”
