5010 3336
1047 2154 1103 2233 95

1272 2134 1339 2276 III.

1403 2832 1469 2971 De
1395 2046 1492 2757 philosophia
1397 1430 1488 1988 Euripidis

1502 1953 1570 2455 naturali

1609 758 1692 774 ...ἑκ
1702 757 1775 770 ςτε-

1768 2822 1814 2893 De
1766 2682 1812 2789 vitis
1765 2356 1827 2648 tragicorum
1770 2065 1827 2319 poetarum
1762 1924 1810 2030 sere
1778 1576 1826 1889 quaecunque
1764 1483 1810 1541 ab
1780 1364 1810 1446 an-
1756 703 1831 731 ξ

1846 2875 1909 3025 tiquis
1844 2517 1908 2839 grammaticis
1844 2213 1900 2479 tradantur,
1859 2121 1889 2175 ea
1843 1919 1905 2093 partim
1858 1828 1888 1887 ex
1842 1611 1889 1804 illorum
1843 1364 1905 1579 ipsorum

1925 2796 1988 3025 operibus
1923 2460 1970 2759 couiicieudo
1923 2204 1977 2424 collecta,
1924 1994 1985 2166 partim
1938 1898 1967 1957 ex
1922 1560 1968 1861 comicorum
1922 1364 1968 1523 crimi-

2004 2760 2051 3028 nationibus
2003 2551 2049 2723 hausta
2018 2405 2048 2515 esse
2003 2195 2050 2351 video·
2001 1801 2061 2125 Quamobrem
2001 1708 2046 1766 ad
2001 1361 2062 1671 intelligenda
1987 751 2020 757 ³

2083 2831 2145 3025 quidem
2087 2561 2128 2781 veterum
2074 2330 2128 2510 iudicia
2081 1931 2142 2295 cernendasque
2081 1648 2127 1896 hominum
2081 1360 2141 1612 opiniones

2161 2852 2207 3027 summi
2161 2686 2207 2807 mihi
2162 2409 2208 2638 momenti
2177 2227 2218 2363 esse,
2162 2118 2207 2177 ad
2162 1947 2207 2070 vitas
2160 1770 2223 1901 ipsas
2160 1358 2220 1721 cognoscendas

2241 2866 2301 3025 exigui
2241 2592 2287 2831 videntur.
2240 2278 2287 2518 Constitui
2241 2109 2304 2256 igitur
2240 1913 2286 2072 fontes
2239 1716 2301 1876 potius
2239 1539 2301 1689 ipsos,
2254 1360 2300 1502 quam

2319 2758 2366 3025 rivulorum
2319 2610 2366 2723 inde
2320 2255 2366 2575 deductorum
2320 2053 2364 2216 limum
2318 1854 2376 2016 adire,
2333 1653 2379 1808 neque
2318 1358 2379 1618 quidquam
2346 745 2422 760 Q

2413 2962 2443 3023 ex
2398 2853 2443 2927 his
2398 2606 2455 2817 haurire,
2398 2475 2443 2567 nisi
2415 2266 2460 2438 purum
2398 1901 2458 2242 sincerumque
2413 1757 2454 1881 esse,
2396 1494 2442 1720 collatum
2412 1358 2443 1466 cum

2477 2903 2535 3024 illis,
2478 2574 2527 2858 inveniatur.
2477 2345 2525 2493 Velut
2478 1984 2537 2298 Anaxagorae
2474 1692 2522 1934 audiendo
2476 1357 2536 1645 Euripidem
2466 718 2527 758 ἦ*

2542 2826 2619 3023 operam
2556 2572 2603 2771 dedisse
2557 2148 2617 2519 amplexumque
2570 1989 2600 2099 esse
2552 1808 2616 1942 quae'
2554 1726 2599 1775 in
2569 1528 2599 1692 rerum
2559 1355 2599 1491 natu-
2545 742 2595 757 l·

2651 2920 2683 3023 ram
2636 2599 2697 2886 inquirendo
2635 2480 2679 2552 vir
2650 2219 2679 2436 summus
2633 2123 2678 2184 de
2632 1889 2678 2088 deorum
2639 1656 2691 1852 natura,
2632 1547 2678 1608 de
2632 1356 2678 1512 hoini-
2623 749 2711 757 ξ
2645 690 2693 707 ᾗ.

2730 2910 2761 3025 num
2712 2440 2777 2861 superstitionibus
2713 2244 2774 2402 deque
2716 1908 2758 2209 ostentorum
2712 1652 2758 1861 vanitate
2710 1354 2771 1617 docuisset,
2739 750 2786 756 3
2704 686 2838 707 ἰι

2810 2962 2842 3022 ex
2795 2663 2841 2926 carminum
2791 2362 2853 2613 Euripidis
2795 2120 2849 2316 natura,
2791 1870 2837 2062 etiamsi
2792 1533 2853 1825 scriptorum
2806 1354 2839 1497 nemo
2772 703 2826 706 l

2880 2794 2931 3022 notasset,
2872 2473 2934 2757 perspicere
2871 2264 2919 2449 liceret.
2871 2036 2932 2205 Neque
2870 1838 2916 2010 minori
2870 1727 2916 1809 ille
2871 1525 2917 1699 ardore
2871 1354 2917 1499 etiam
2869 687 2906 690 Ι

2953 2959 2999 3020 ad
2952 2715 3013 2924 reliquas
2951 2342 3014 2679 philosophiae
2955 2112 3011 2304 parteS,
2949 1744 2995 2051 moralem
2949 1588 2995 1697 dico
2955 1488 2996 1536 et
2966 1354 2996 1441 ra-

3032 2687 3089 3021 tionalem,
3046 2515 3091 2637 quae
3029 2185 3076 2468 dialecticen
3034 2099 3074 2149 et
3027 1778 3075 2061 rhetoricen
3028 1352 3090 1741 comprehendit,

3111 2788 3160 3023 incubuit.
3110 2376 3170 2719 Quamobrem,
3108 2096 3172 2341 principes
3107 1826 3169 2059 cuiusque
3114 1469 3169 1791 auctoresque
3125 1354 3173 1441 po-

3197 2829 3245 3019 nenteS‚
3191 2668 3236 2793 hanc
3205 2606 3236 2633 a
3188 2285 3251 2571 Protagora,
3188 2122 3233 2249 illam
3203 2061 3232 2087 a
3186 1827 3232 2033 Prodico
3192 1750 3233 1800 et
3187 1521 3234 1723 Socrate
3186 1353 3251 1497 (quoss
3173 684 3221 715 ⁴*

3285 2912 3315 3019 rum
3274 2714 3313 2875 tamen
3268 2602 3312 2678 hic
3267 2288 3327 2565 quindecim
3266 2146 3312 2252 sere
3266 1960 3323 2110 aunis,
3281 1783 3326 1922 quam
3266 1476 3328 1753 Euripides,
3269 1352 3314 1441 mi-

3362 2930 3394 3019 nor
3345 2785 3392 2881 suit
3343 2608 3406 2739 natu)
3345 2315 3389 2542 traditam
3345 2210 3389 2255 ei
3359 2036 3389 2146 esse
3345 1686 3405 1989 grammatici
3345 1353 3393 1620 affirmant:
3354 712 3380 715 ¹
3349 652 3360 661 '

3416 2752 3487 3017 ἀναγνοὺς
3421 2648 3471 2703 δὲ
3418 2518 3472 2600 ἐπὶ
3419 2179 3485 2473 τραγῳδίαν
3417 1953 3482 2143 ἐτράπη
3419 1814 3469 1902 καὶ
3416 1553 3481 1779 πολλοὺς
3440 1350 3485 1511 προς-

3502 2844 3566 3015 εξεῦρε
3502 2604 3567 2811 λόγους,
3500 2093 3566 2568 φυσιολογίας,
3498 1683 3562 2056 ῥητορείας,
3501 1353 3566 1647 ἀναγνω-
3552 728 3555 729 ,

3582 2702 3647 3015 ρισμούς,
3582 2584 3641 2653 ὡς
3579 2472 3646 2536 δὴ
3578 2164 3645 2423 ἀκουστὴς
3579 1855 3643 2133 γενόμενος
3572 1351 3647 1806 Ἀναξαγόρου
3617 720 3635 730 τ

3662 2926 3714 3014 καὶ
3661 2527 3726 2889 Προδίκου
3660 2405 3712 2491 καὶ
3659 1890 3724 2375 Πρωταγόρου,
3657 1351 3725 1867 καὶΣωκροέτους

3740 2810 3806 3018 ἑταῖρος
3743 2627 3805 2757 (cod.
3743 2382 3791 2582 Mediol.
3743 2235 3792 2344 coll.
3742 1977 3788 2197 Ambros.
3742 1728 3803 1941 itemque
3744 1588 3789 1693 cod.
3744 1350 3809 1552 Πᾶνα).

3817 2722 3872 3014 -Ἕπειτα
3821 2617 3881 2687 εἰς
3821 2392 3886 2583 λόγους
3816 2105 3883 2356 ὡρμηκὼς
3817 1818 3884 2058 ἐφοίτησε
3820 1642 3883 1784 παρὰ
3815 1349 3884 1602 Ἀναξα-

3903 2843 3969 3015 γόρᾴ
3900 2674 3953 2787 καὶ
3901 2303 3967 2616 Προδίκῳ
3898 2134 3950 2243 καί
3910 1892 3948 2076 τισιν
3902 1599 3960 1829 ἄλλοις
3902 1352 3965 1550 (Thom.

3982 2864 4049 3015 Mag.)
3982 2768 4047 2833 *).
3984 2629 4031 2701 De
3985 2424 4045 2594 quibus
3983 2119 4030 2387 studiorum
3981 1836 4044 2091 generibus
3982 1605 4045 1806 siugulis
3983 1349 4045 1582 deinceps
3983 832 4011 848 ¹²

4127 2904 4177 2940 ‘)
4123 2790 4165 2873 His
4124 2578 4164 2761 testibus
4123 2437 4163 2548 adde
4136 2299 4175 2405 quos
4121 2069 4161 2271 Valcken.
4120 1894 4162 2021 diatr.
4134 1806 4173 1850 p.
4120 1720 4161 1774 25
4135 1573 4174 1691 seqq.
4120 1347 4175 1540 collegit,

4192 2763 4234 2874 Gen.
4194 2632 4245 2729 XV,
4192 2508 4243 2602 20„
4192 2370 4234 2460 cie.
4194 2206 4233 2340 Tusa.
4190 2089 4241 2177 ΙΙΙ,
4189 1974 4241 2059 14.,
4189 1755 4231 1933 Diodor.
4190 1628 4232 1714 Sic.
4191 1556 4230 1588 I.
4205 1475 4243 1514 p.
4188 1347 4236 1432 46„

3979 679 3994 681 -
4004 676 4148 684 -..,--·
4158 674 4182 681 ›-
4198 673 4233 682 0—
