5010 3336
1019 2175 1075 2257 49

1168 2664 1228 2922 Carminis,
1168 2499 1231 2628 quod
1164 2349 1214 2464 huic
1164 2188 1213 2316 actui
1163 1772 1223 2147 annectebatur,
1164 1532 1226 1720 partem
1160 1373 1211 1494 mihi

1248 2662 1315 3051 deprehendisse
1248 2463 1294 2629 videor
1245 2382 1292 2431 in
1245 2175 1308 2348 fragm.
1242 2043 1289 2138 inc.
1258 1962 1289 2007 n.
1244 1802 1290 1923 165:

1326 2660 1390 2923 παίδευμα
1324 2579 1375 2626 δ’
1317 2388 1387 2559 ’Έρως
1322 2138 1387 2354 σοφίας,
1320 1913 1386 2100 α’ρετῆς

1410 2679 1457 2923 πλεῖστον
1402 2400 1467 2635 ὑπάρχει,
1402 2260 1455 2351 καὶ
1403 1894 1466 2228 προςομιλεῖν

1479 2767 1546 2919 οὗτος
1485 2703 1536 2731 ὁ
1482 2462 1546 2667 δαίμων

1567 2710 1618 2924 πάντων
1563 2470 1630 2680 ἥδιστος
1561 2334 1626 2437 ἔφυ
1563 2073 1626 2307 θνητοῖς.

1647 2833 1697 2921 καὶ
1645 2706 1711 2805 γὰρ
1646 2474 1693 2680 ἄλυπον
1641 2269 1706 2450 τέρψιν
1644 2138 1692 2236 τιν’
1639 1968 1707 2101 ἔχων

1727 2855 1786 2925 εἰς
1724 2660 1776 2820 ἐλπίδ’
1726 2493 1789 2621 ἄγει.

1810 2818 1865 2926 τοῖς
1805 2738 1856 2783 δ’
1804 2416 1863 2701 ἀτελέστοις
1803 2276 1853 2384 τῶν
1801 2086 1852 2243 τοῦδε
1802 1878 1854 2060 πόνων

1887 2801 1953 2929 μήτε
1885 2552 1949 2767 συνείην
1882 2361 1950 2519 χωρίς
1885 2284 1933 2328 τ’
1882 2049 1948 2249 ἀγρίων

1967 2727 2033 2927 ναίοιμι
1966 2462 2031 2691 τρόπων.

2047 2860 2098 2930 τὸ
2047 2777 2097 2823 δ’
2046 2582 2110 2741 ἐρᾶν
2042 2236 2111 2549 προλέγω
2044 2019 2095 2201 τοῖσι
2040 1707 2093 1975 νέοισιν

2128 2842 2193 2928 μή
2144 2650 2178 2807 ποτε
2126 2310 2192 2607 φεύγειν,

2212 2623 2274 2926 χρῆσθαι
2206 2540 2257 2587 δ’
2206 2256 2272 2502 ὀρθῶς,
2201 2053 2254 2219 ὅταν
2203 1840 2269 2019 ἔλθῃ.

2289 2907 2338 3056 Redit
2290 2693 2337 2872 deinde
2290 2432 2336 2658 Theseus
2304 2334 2334 2394 ex
2286 2098 2333 2300 inseris:

2360 2885 2416 2925 ὦ
2366 2614 2430 2852 λαμπρὸς
2364 2418 2430 2579 αἰθὴρ
2362 2186 2430 2381 ἡμέρας
2364 2097 2413 2152 θ’
2358 1893 2427 2059 ἁγνὸν
2359 1704 2425 1859 φάος,

2445 2854 2505 2925 ὡς
2440 2718 2512 2822 ἡδὺ
2446 2448 2495 2683 λεύσσειν
2448 2305 2503 2415 τοῖς
2460 2218 2492 2271 τε
2443 1856 2507 2185 πράσσουσιν
2440 1641 2501 1813 καλῶς

2524 2837 2576 2927 καὶ
2530 2670 2575 2805 τοῖσι
2525 2272 2588 2636 δυςτυχοῦσιν,
2512 2160 2571 2234 ὧν
2522 1932 2585 2125 πέφυκ’
2520 1777 2586 1895 ἐγώ.

2605 2815 2655 3057 Miserum
2623 2724 2654 2778 se
2622 2579 2654 2689 esse
2606 2397 2653 2543 etiam
2604 2232 2667 2360 apud
2603 1959 2651 2196 Senecam
2602 1675 2651 1921 ostendit:

2686 2764 2747 2930 „Pars
2702 2624 2734 2730 una
2686 2448 2734 2590 vitae
2683 2225 2732 2415 mansit
2683 1960 2730 2188 extincto
2682 1799 2730 1926 mihi

2765 2731 2814 2925 Sensus
2794 2628 2801 2694 —

2845 2814 2893 2923 Sed
2848 2644 2910 2794 fessa
2846 2450 2894 2610 virtus
2843 2240 2892 2416 robore
2842 1994 2908 2205 antiquo
2847 1793 2903 1951 caret,

2925 2539 2991 2923 Trepidantque
2923 2254 2990 2506 gressu3.''

3005 2880 3054 3057 Statim
3006 2666 3053 2844 deinde
3006 2446 3053 2632 luctum
3009 2358 3052 2409 et
3004 2115 3050 2324 lamenta
3017 2021 3049 2080 ex
3002 1781 3050 1984 aedibus
3000 1583 3051 1746 audit:
3044 710 3084 718 ς

3084 2765 3146 2929 „Quis
3086 2497 3148 2745 fremitus
3100 2310 3131 2461 aures
3082 2092 3145 2288 flebilis
3082 1858 3147 2065 pepulit
3083 1645 3129 1824 meas?
3101 712 3135 719 g

3165 2634 3229 2928 Expromat
3165 2375 3229 2597 aliquis!
3163 2146 3211 2341 Luctus
3169 2059 3210 2108 et
3162 1774 3210 2021 lacrimae
3168 1686 3210 1736 et
3160 1492 3222 1651 dolor,
3154 711 3229 719 ξ

3244 2862 3291 2926 In
3245 2652 3291 2828 limine
3244 2510 3307 2618 ipso
3250 2276 3290 2476 maesta
3239 1895 3291 2243 lamentati0.'’
3229 656 3435 719 ἰπὶ

3437 714 3466 718 s

3335 3186 3388 3190 γ
3323 2945 3373 3058 Huc
3323 2770 3371 2910 traho
3322 2564 3385 2736 fragm.
3322 2436 3369 2527 inc.
3324 2270 3369 2396 195:

3398 2680 3449 2729 τί
3398 2498 3465 2647 χρέος
3398 2369 3461 2463 ἔβα
3398 2150 3463 2333 δῶμα,·

3482 2940 3532 3059 Inde
3480 2722 3529 2907 Seneca
3520 2688 3543 2701 ,
3481 2350 3546 2649 Sophoclem
3496 2074 3543 2313 sequenS,
3480 1751 3528 2024 Phaedram
3479 1572 3527 1716 finxit
3480 1384 3528 1537 vivam
3492 683 3548 717 ρ)
3469 641 3475 647 ’

3580 3029 3611 3058 a
3561 2798 3610 2996 Theseo
3567 2475 3609 2761 conventam
3577 2311 3623 2438 esse,
3560 1967 3609 2273 simulantem
3576 1876 3607 1931 se
3559 1730 3607 1855 mori
3560 1383 3608 1701 constituisse

3646 3006 3690 3059 et
3647 2860 3706 2973 post
3642 2650 3690 2827 multas
3642 2388 3705 2615 ambages
3646 2130 3704 2351 stuprum
3655 2003 3702 2093 per
3639 1874 3686 1971 vim
3639 1737 3687 1826 sibi
3640 1624 3688 1683 ab
3640 1384 3703 1575 Hippo—

3721 2954 3785 3060 lyto
3721 2706 3769 2907 inlatum
3737 2547 3769 2657 esse
3722 2136 3779 2500 criminantem,
3718 1790 3782 2077 prolatoque
3718 1598 3767 1745 huius
3719 1383 3781 1546 gladio

3801 2671 3849 3058 criminationem
3803 2321 3864 2620 probantem.
3799 2143 3847 2251 Alio
3799 1923 3846 2107 ducunt
3798 1634 3862 1891 Euripidis
3798 1383 3862 1588 vestigia

3887 3006 3929 3058 et
3880 2486 3944 2972 Pseudoplutarchus
3896 2340 3927 2449 cum
3879 2099 3942 2311 Hygino,
3879 1980 3941 2060 qui
3876 1700 3925 1962 manifesto
3877 1383 3941 1675 Euripidem

3964 2859 4008 3059 secutus
3966 2745 4008 2822 est
3960 2585 4023 2708 (fab.
3962 2419 4021 2549 47.):
3960 2190 4021 2383 „Quem
3972 2053 4004 2163 cum
3973 1930 4005 2024 non
3958 1651 4021 1895 potuisset
3956 1556 4004 1618 ad
3971 1384 4004 1522 suam

4040 2785 4103 3061 perducere
4039 2413 4097 2740 voluntatem,
4037 2084 4087 2355 tabellas
4038 1743 4101 2021 scriptas
4037 1611 4084 1683 ad
4051 1385 4083 1560 suum

4118 2855 4166 3061 virum
4119 2598 4179 2807 misit,
4136 2506 4168 2559 se
4122 2413 4168 2472 ab
4118 2109 4182 2380 Hippolyto
4132 1739 4182 2071 compressam
4131 1574 4176 1702 esse,
4131 1384 4178 1537 seque

4196 2953 4261 3062 ipsa
4199 2637 4262 2902 suspendio
4196 2346 4249 2590 necavit.’'
4195 2045 4261 2261 Πεύκην
4197 1834 4245 1994 nutrix
4196 1696 4245 1799 sive
4194 1388 4255 1634 tabellam,

4277 1638 4321 1668 4
