5010 3336
1011 2091 1067 2208 235

1181 2888 1215 2977 nec
1166 2804 1213 2854 in
1161 2523 1227 2771 impeditis
1176 2431 1208 2486 ac
1173 2231 1222 2397 regum
1155 1873 1203 2197 dominatione
1152 1604 1200 1839 devinctis
1151 1440 1198 1569 nasci
1166 1330 1199 1414 cu-

1246 2798 1309 2978 piditas
1243 2568 1290 2761 dicendi
1241 2382 1288 2533 solet:
1238 2216 1300 2346 pacis
1240 2105 1283 2179 est
1249 1907 1281 2070 comes
1232 1688 1293 1871 otiique
1230 1522 1278 1654 socia
1236 1449 1278 1499 et
1231 1330 1277 1421 iam

1326 2851 1372 2976 bene
1322 2526 1370 2815 constitutae
1317 2292 1365 2493 civitatis
1314 2118 1377 2254 qnasi
1313 1909 1358 2096 alumna
1312 1647 1373 1880 quaedam
1310 1328 1371 1617 eloquentia.

1402 2808 1465 2975 ltaque
1401 2707 1447 2773 ait
1397 2358 1453 2675 AristoteleS,
1410 2204 1441 2310 cum
1391 1967 1438 2166 sublatis
1391 1890 1436 1935 iu
1388 1694 1435 1854 Sicilia
1389 1442 1449 1659 tyrannis
1402 1327 1435 1407 res

1482 2764 1544 2974 privatae
1480 2598 1539 2740 longo
1474 2326 1523 2574 intervallo
1472 2108 1519 2299 iudiciis
1473 1728 1532 2084 repeterentur,
1472 1592 1514 1691 tum
1468 1327 1528 1554 primum,

1564 3298 1594 3314 ’ῑ
1558 2846 1621 2974 quod
1563 2692 1605 2821 esset
1561 2527 1603 2666 acuta
1555 2424 1600 2503 illa
1567 2285 1615 2402 gens
1558 2218 1598 2266 et
1548 1860 1597 2202 controversiis
1552 1719 1605 1843 nata,
1554 1551 1593 1703 artem
1551 1486 1592 1535 et
1562 1323 1609 1473 prae-

1640 3298 1670 3330 '4
1636 3174 1645 3175 ²
1643 2832 1701 2973 cepta
1636 2599 1683 2787 Siculos
1634 2316 1680 2548 Coracem
1635 2220 1676 2268 et
1630 2004 1677 2187 Tisiam
1622 1550 1688 1952 conscripsisse.''
1623 1321 1672 1483 Verba

1722 2862 1765 2973 sunt
1714 2572 1763 2819 Ciceronis
1713 2476 1759 2526 in
1712 2277 1757 2425 Bruto
1725 2198 1755 2240 c.
1710 2098 1753 2158 11
1723 1944 1769 2062 seq.,
1706 1736 1767 1907 quibus
1706 1552 1751 1700 addas
1719 1414 1767 1517 cap.
1706 1324 1750 1381 8:
1754 850 1759 851 ¹

1792 3299 1834 3323 2‘3
1796 2811 1854 2973 „Tum
1794 2498 1840 2764 Leontinus
1788 2202 1852 2437 Gorgias,
1785 1744 1847 2141 Thrasymachus
1783 1319 1844 1692 Chalcedonius,
1766 848 1815 857 {¹

1875 3298 1914 3333 t(
1874 2681 1934 2973 Protagoras
1871 2369 1925 2645 Abderites,
1867 2097 1914 2331 Prodicus
1866 1923 1923 2066 Ceus,
1863 1683 1926 1887 Hippias
1862 1508 1909 1656 Eleus
1863 1436 1908 1482 in
1863 1320 1909 1410 ho·
1778 844 1960 857 ἒ

1975 3300 1997 3331 1»-
1968 2853 1999 2972 nore
1951 2711 1998 2802 fnit
1949 2499 2011 2677 aliique
1948 2324 1995 2464 multi
1945 1987 2009 2289 temporibus
1943 1767 1990 1952 eisdem
1943 1554 1989 1731 docere
1956 1465 1988 1519 se
1956 1317 2004 1433 pro-

2048 3306 2075 3325 i·
2031 2695 2085 2972 fitebantnr,
2028 2327 2089 2660 arrogantibus
2040 2177 2072 2291 sane
2025 1968 2081 2142 verbis,
2022 1522 2084 1929 quemadmodum
2035 1316 2067 1485 caussa
1999 841 2160 854 Ξ

2133 3313 2148 3333 ·-
2110 2774 2157 2972 inferior
2104 2654 2172 2740 (ita
2108 2493 2154 2617 enim
2106 2113 2169 2457 loquebantur)
2103 1861 2151 2065 dicendo
2101 1718 2149 1825 fieri
2100 1461 2164 1683 superior
2114 1316 2163 1427 pos·
2125 842 2205 853 h

2195 2895 2237 2970 set
2183 2744 2249 2859 (τὸν
2185 2578 2252 2711 ἥττω
2185 2381 2249 2542 λόγον
2181 2139 2247 2347 κρείττω
2179 1845 2239 2093 ποιεῖν).”
2203 845 2230 851 Γ
2238 807 2240 810 v

2270 2649 2328 2838 Quanta
2266 2357 2328 2606 Euripidis
2270 2148 2311 2307 aetate
2263 1874 2309 2104 mentium
2273 1553 2319 1838 morumque
2258 1313 2306 1517 mutatio
2233 840 2310 851 l

2366 3301 2397 3332 nr
2347 2712 2410 2967 disciplina
2346 2266 2408 2683 philosophorum„
2344 2106 2390 2240 cuins
2341 1907 2403 2075 optimi
2339 1701 2402 1877 quique
2342 1626 2384 1674 et
2336 1311 2383 1601 nobilissimi
2316 839 2387 850 i
2322 796 2329 804 ¹

2434 3297 2478 3322 h
2426 2633 2473 2966 adolescentes
2424 2294 2486 2596 cupidissimi
2428 2107 2481 2258 crant„
2420 1894 2467 2070 effecta
2417 1704 2474 1871 fuerit,
2431 1560 2462 1669 cum
2416 1311 2463 1529 omnibus

2530 3297 2558 3331 -m
2505 2757 2559 2966 fabulis,
2508 2617 2549 2720 tum
2503 2346 2565 2582 imprimis
2501 2092 2549 2309 Nubibus
2498 1704 2561 2055 Aristophanes
2494 1413 2551 1654 ostendit,
2496 1308 2542 1360 in

2610 3301 2640 3325 1:
2586 2794 2647 2964 quibus
2582 2574 2630 2758 induxit
2582 2372 2628 2540 rustici
2581 2086 2628 2336 cuiusdam
2579 1866 2635 2050 filium,
2575 1736 2637 1817 qui
2572 1462 2621 1690 nobilium
2576 1307 2622 1426 ado-

2663 2680 2710 2966 lescentium
2676 2470 2707 2631 mores
2659 2177 2706 2408 imitando
2673 2020 2705 2125 rem
2655 1679 2703 1969 familiarem
2652 1307 2715 1622 perdidisset,

2758 2765 2805 2963 operam
2741 2537 2787 2728 dantem
2739 2194 2802 2500 philosophis
2737 2065 2783 2159 hoc
2736 1808 2796 2030 consilio,
2738 1704 2792 1773 ut,
2732 1430 2779 1655 iniustam
2733 1306 2780 1393 do-

2826 2857 2869 2964 ctus
2821 2526 2878 2820 orationem«,
2824 2320 2880 2490 posset
2818 2195 2865 2271 ius
2821 2098 2863 2147 et
2816 1829 2862 2053 iniuriam
2812 1440 2860 1782 confundendo
2828 1302 2860 1407 rem

2901 2721 2965 2966 perditam
2900 2409 2946 2688 restituere.
2897 2244 2944 2340 IIic
2896 2024 2958 2199 igitur,
2894 1911 2940 1971 ad
2893 1610 2941 1859 Socratem
2890 1301 2952 1559 deductuS,

2995 2870 3028 2964 non
2980 2680 3027 2835 solum
2978 2303 3025 2645 astronomiam
2981 2216 3023 2267 et
2974 1847 3037 2181 geometriam,
2972 1724 3019 1811 sed
2971 1551 3018 1694 etiam
2970 1301 3019 1521 dialecti-

3075 2856 3107 2962 cam
3064 2676 3120 2822 atque
3058 2348 3104 2643 rhetoricam
3056 2201 3102 2301 sive
3054 1893 3101 2165 orationum
3052 1553 3115 1857 spinosarum
3052 1300 3115 1515 argutias

3137 2764 3201 2961 (λόγων
3135 2497 3199 2730 ἀκριβῶν
3134 2053 3199 2461 σχινδαλάμους)
3133 1784 3179 2004 docetur.
3130 1564 3177 1713 Cuius
3130 1300 3194 1518 discipli-

3234 2869 3266 2960 nae
3216 2645 3264 2832 fructus
3232 2424 3262 2609 summa
3214 2114 3261 2387 disserendi
3212 1805 3274 2077 agendique
3210 1622 3257 1772 libido
3214 1494 3259 1586 est.
3209 1297 3257 1431 Nihil

3298 2829 3345 2959 enim
3311 2594 3353 2793 eorum,
3310 2425 3355 2546 quae
3294 2179 3356 2374 publice
3292 1962 3337 2142 sancita
3294 1786 3349 1926 sunt,
3305 1536 3348 1735 verum,
3295 1296 3337 1486 certum

3378 2664 3436 2958 firmumque
3389 2518 3419 2627 esse
3373 2275 3427 2481 ridetur,
3371 2150 3417 2237 sed
3386 1968 3431 2113 quum
3375 1882 3416 1930 et
3370 1713 3415 1847 initio
3368 1388 3415 1676 disserendo
3373 1295 3414 1367 at-

3471 2860 3519 2957 que
3452 2475 3518 2814 persuadendo
3452 2260 3497 2418 omnia
3450 1993 3496 2213 instituta
3464 1839 3495 1949 esse
3448 1550 3494 1804 videantur
3452 1466 3493 1514 et
3452 1294 3509 1432 post-

3534 2759 3584 2957 modum
3533 2433 3595 2710 opinionum
3530 2128 3578 2385 tenacitate
3535 1932 3590 2077 atque
3526 1528 3574 1882 consuetudine
3526 1291 3572 1474 contir-

3620 2812 3670 2957 mata,
3628 2629 3675 2777 posse
3613 2448 3658 2593 etiam
3608 2123 3657 2411 disserendo
3608 1962 3663 2087 tolli,
3611 1695 3670 1926 apparet3
3606 1594 3653 1655 cf.
3621 1519 3653 1561 v.
3608 1323 3653 1481 1421:

3688 2389 3704 2403 ‘-

3693 2622 3741 2822 οὔκουν
3688 2454 3754 2586 ἀνὴρ
3708 2390 3739 2416 0
3688 2262 3737 2353 τὸν
3688 2070 3751 2236 νόμον
3684 1930 3744 2042 θεὶς
3690 1713 3735 1903 τοῦτον
3678 1623 3749 1689 ἦν
3684 1544 3734 1602 τὸ
3685 1292 3746 1517 πρῶτον,

3768 2658 3834 2822 ὥςπερ
3763 2556 3819 2619 σὺ
3769 2361 3833 2519 κάγώ,
3766 2240 3819 2325 καὶ
3765 2039 3831 2205 λέγων
3764 1833 3815 2003 ἔπειθε
3760 1675 3823 1799 τοὺς
3764 1359 3823 1641 §vastamus-‚-

3841 2663 3915 2819 ἧττον
3850 2582 3899 2630 τί
3850 2437 3915 2547 δῆτ’
3848 2243 3910 2399 ἔξεστι
3845 2053 3913 2209 κάμοὶ
3845 1834 3896 2019 καινὸν
3841 1731 3895 1797 αὖ
3842 1639 3895 1696 τὸ
3846 1418 3895 1603 λοιπὸν

3934 2647 3979 2821 θεῖναι
3931 2446 3993 2613 νόμον
3934 2304 3989 2413 τοῖς
3928 2090 3988 2269 υἱέσιν,
3921 1932 3985 2054 τοὺς
3926 1674 3989 1899 πατέρας
3924 1290 3982 1645 ἅντιτύπτεινς

4010 2836 4057 2951 lude
4027 2691 4058 2798 cum
4014 2365 4059 2655 auctoritate
4028 2139 4057 2326 morum
4026 2078 4056 2103 a
4008 1780 4055 2043 maioribus
4007 1454 4054 1743 traditorum
4022 1289 4052 1421 cum-

4106 2853 4150 2947 que
4089 2660 4151 2817 legum
4092 2367 4137 2621 sanctitate
4091 2188 4137 2330 simul
4090 1950 4136 2151 deorum
4087 1650 4135 1902 veneratio
4085 1387 4142 1602 tollitur,
4090 1286 4131 1336 et
4100 807 4179 823 Ι

4169 2898 4216 2948 in
4168 2704 4216 2862 locum
4171 2393 4227 2668 numinum,
4186 2222 4231 2344 quae
4169 2052 4216 2169 colit
4168 1828 4231 2017 vulgus,
4167 1698 4214 1793 tria
4165 1287 4222 1662 substituuntur,

3701 745 3787 753 ,για-κ
3842 743 3882 753 .·⁷

3832 779 3845 786 ο

3892 741 3917 750 ⁴
3944 743 3964 747 -—
3981 739 4187 750 ,α-.«ο.ο-.-·ς
