5010 3336
2091 3248 2122 3311 αι’ωᾎ

1140 2091 1197 2210 363

1299 2898 1342 2974 tas
1305 2698 1340 2869 omnes
1288 2396 1353 2672 superabat.
1285 2154 1334 2360 Dicendi
1283 1851 1332 2131 facultatem
1281 1578 1345 1828 Euripidis
1295 1315 1328 1553 summam

1387 2734 1436 2973 apparere
1369 2595 1429 2699 Dio,
1374 2508 1416 2563 ut
1373 2300 1426 2479 orator,
1380 1969 1429 2262 magnopere
1362 1668 1426 1945 praedicat;
1362 1559 1409 1620 de
1360 1315 1423 1530 philoso—

1452 2857 1516 2973 phia
1451 2703 1498 2832 idem
1465 2613 1496 2673 ne
1450 2382 1496 2580 verbum
1446 2145 1508 2352 quidem.
1443 1947 1504 2095 Atqui
1442 1815 1505 1923 plus
1443 1641 1489 1783 etiam
1441 1487 1499 1614 huic,
1455 1312 1502 1454 quam

1533 2889 1590 2971 illi,
1532 2795 1577 2853 ab
1528 2528 1591 2759 Euripide
1529 2265 1575 2494 tributum
1523 2068 1571 2222 fuisse
1522 1886 1569 2033 facile
1526 1778 1568 1852 est
1522 1480 1568 1743 intellectu.
1519 1309 1567 1432 Nam

1612 2764 1673 2970 Ulysses
1608 2534 1670 2727 quidem
1608 2427 1653 2494 illi
1605 2229 1652 2392 studet
1604 2072 1649 2194 adeo
1602 1745 1664 2035 sapiensque
1601 1533 1647 1704 haberi
1600 1432 1647 1498 ita
1599 1310 1662 1409 pri-

1706 2841 1736 2971 mum
1704 2693 1735 2803 esse
1688 2507 1745 2657 ducit,
1692 2418 1732 2470 ut
1684 2324 1731 2384 ad
1683 1946 1747 2288 philosophiae
1681 1752 1728 1910 lucem
1681 1558 1726 1714 omnia
1683 1309 1737 1522 revocet,

1768 2907 1814 2967 ad
1769 2740 1814 2869 illius
1772 2442 1830 2703 praecepta
1765 2264 1811 2407 vitam
1763 2100 1826 2240 plane
1764 1878 1823 2064 dirigat.
1760 1507 1807 1806 Philoctetes
1765 1307 1805 1471 autem

1853 2781 1895 2968 tantum
1864 2684 1894 2743 ex
1846 2343 1909 2648 philosophia
1844 2088 1890 2306 utilitatis
1846 1771 1889 2060 consecutus
1846 1642 1895 1733 est,
1845 1553 1887 1605 ut
1839 1306 1903 1520 primum

1928 2733 1974 2967 maximas
1926 2508 1972 2696 divitias
1939 2154 1986 2469 summosque
1925 1891 1979 2119 honores,
1937 1814 1967 1841 a
1919 1549 1967 1778 Troianis
1918 1304 1977 1512 oblatos,

2012 2739 2068 2968 tanquam
2006 2535 2051 2704 inanes
2020 2342 2066 2499 neque
2003 2247 2048 2306 ad
2003 2018 2049 2208 beatam
2001 1822 2047 1970 vitam
2001 1511 2062 1771 quidquam
1997 1303 2045 1473 confe-

2092 2786 2141 2968 rentes,
2089 2460 2147 2766 aspernetur,
2082 2259 2129 2437 deinde
2083 2085 2129 2229 etiam
2082 1899 2128 2058 animo
2082 1620 2142 1878 imperare,
2079 1302 2126 1602 iracundiam

2166 2702 2229 2967 deponere,
2165 2423 2226 2677 ignoscere
2163 2115 2208 2398 iniuriarum
2160 1793 2219 2093 auctoribus,
2159 1508 2220 1770 gratificari
2158 1300 2221 1486 patriae

2246 2801 2293 2966 odium
2258 2615 2291 2753 suum
2241 2322 2289 2564 didicerit.
2240 2139 2286 2249 Hoc
2244 2011 2285 2087 est
2239 1834 2298 1978 illud,
2244 1575 2301 1779 propter
2238 1397 2298 1528 quod
2237 1299 2284 1350 in

2325 2630 2373 2966 mendicorum
2327 2543 2369 2593 et
2335 2184 2384 2510 pannosorum
2334 1893 2365 2146 numerum
2318 1782 2364 1840 ab
2317 1417 2380 1745 Aristophane
2332 1298 2364 1382 re-

2405 2838 2451 2967 latus
2410 2711 2461 2802 est,
2419 2644 2448 2671 a
2402 2295 2449 2608 mendicitate
2394 1904 2445 2259 alienissimus!
2398 1615 2444 1849 Actorem
2413 1385 2460 1579 quoque
2402 1297 2444 1348 et

2483 2678 2530 2964 Diomedem
2482 2434 2528 2655 honestis
2480 2060 2543 2409 generosisque
2478 1807 2525 2021 moribus
2471 1493 2539 1778 cohspicuos
2476 1297 2524 1453 fuisse

2563 2650 2609 2964 manifestum
2566 2539 2609 2628 est.
2560 2174 2619 2500 Quamobrem
2559 1968 2610 2135 miror,
2557 1800 2618 1929 quod
2557 1666 2613 1771 Dio,
2574 1520 2604 1628 cum
2556 1298 2619 1491 Sopho-

2642 2873 2690 2961 clis
2656 2529 2705 2845 personarum
2641 2171 2694 2499 severitatem,
2638 1802 2700 2148 ingenuitatem
2638 1295 2700 1769 generositatemque

2722 2635 2786 2963 praedicaret,
2721 2536 2766 2597 de
2719 2273 2781 2508 Euripide
2718 2067 2780 2238 partim
2722 1897 2764 2029 tacet
2718 1688 2780 1863 partim
2717 1499 2764 1655 innuit
2732 1391 2776 1463 ea,
2732 1294 2765 1354 ex

2803 2787 2864 2962 quibus
2801 2621 2847 2750 illam
2799 2393 2845 2585 laudem
2798 2129 2860 2354 personis
2798 1992 2843 2093 eius
2797 1739 2843 1956 abfuisse
2796 1424 2858 1704 suspiceris.

2881 2606 2943 2834 Magnam
2878 2442 2941 2570 apud
2877 2184 2923 2405 homines
2877 1975 2923 2147 doctos
2876 1809 2923 1951 huius
2875 1585 2922 1776 fabulae
2876 1294 2923 1557 auctorita—

2967 2862 3010 2963 tem
2959 2673 3007 2826 fuisse
2957 2526 3004 2640 inde
2960 2270 3020 2491 apparet,
2956 2102 3018 2232 quod
2956 2005 3001 2064 ad
2972 1862 3002 1966 eam
2955 1550 3018 1838 saepissime
2971 1292 3018 1527 respexe-

3047 2834 3101 2964 runt,
3040 2662 3087 2797 velut
3037 2321 3095 2629 Aristoteles,
3036 2131 3094 2284 Plato,
3035 1786 3094 2095 Plutarchus,
3034 1558 3091 1749 Cicero,
3036 1291 3095 1518 Quincti-

3121 2788 3178 2963 lianus,
3119 2509 3181 2749 Diogenes
3116 2280 3171 2460 Laert„
3116 2012 3162 2240 Clemens
3116 1808 3175 1975 Alex.,
3131 1567 3178 1770 quorum
3117 1292 3163 1528 Aristote-

3201 2856 3256 2961 leS,
3215 2696 3246 2805 cum
3202 2508 3243 2659 artem
3195 2273 3242 2468 dicendi
3196 2059 3242 2237 docere
3196 1717 3252 2025 institueret,
3202 1519 3241 1679 motus
3196 1292 3243 1480 Isocra-

3280 2896 3327 2960 tis
3278 2650 3325 2861 rhetoris
3276 2432 3337 2615 gloria,
3290 2251 3321 2395 versu
3274 2130 3320 2215 illo
3275 1879 3337 2094 paullum
3276 1586 3321 1840 immutato
3291 1433 3323 1551 usus
3280 1290 3323 1395 est:

3354 2613 3420 2827 αἰσχρὸν
3357 2358 3411 2578 σιωπᾶν,
3345 2026 3416 2328 Ἰσοκράτην
3352 1940 3402 1987 δ’
3350 1810 3403 1902 ἐᾶν
3352 1596 3417 1776 λέγειν.

3437 2794 3486 2958 Attius
3452 2643 3483 2759 vero
3451 2514 3482 2608 non
3434 2218 3497 2475 Sophoclis
3451 2026 3495 2183 neque
3435 1761 3497 1990 Aeschyli
3450 1584 3497 1724 quam
3434 1290 3497 1541 Euripidis

3517 2629 3564 2957 Philoctetem
3515 2363 3562 2571 theatris
3514 1974 3561 2300 Romanorum
3514 1544 3561 1915 accommodare
3514 1290 3574 1476 maluit,

3613 2833 3660 2957 quae
3595 2637 3643 2797 versio
3611 2508 3642 2603 non
3595 2315 3640 2471 minus
3594 2033 3651 2279 studiose,
3610 1853 3656 1994 quam
3610 1592 3658 1817 graecum
3594 1288 3657 1552 exemplar,

3677 2631 3724 2957 lectitabatur.
3675 2498 3721 2561 Et
3679 2283 3736 2461 quanto
3673 1962 3735 2262 Aeschylum
3674 1675 3737 1935 Euripides
3690 1482 3721 1646 rerum
3674 1286 3722 1455 inven-

3761 2797 3804 2957 tarum
3754 2430 3819 2759 implicatione
3759 2346 3801 2393 et
3754 2031 3801 2311 necessario
3754 1784 3801 1995 decursu
3754 1492 3817 1747 superarit,
3753 1285 3815 1440 quivis

3836 2713 3900 2956 intelligit.
3834 2458 3897 2631 Neque
3834 2340 3881 2424 ille
3841 2118 3881 2306 temere
3850 2005 3881 2083 res
3834 1670 3892 1968 immutavit,
3833 1532 3880 1619 sed
3833 1284 3880 1486 retinuit

3931 2636 3978 2955 quaecunque
3916 2406 3962 2605 retineri
3919 2109 3977 2367 potuerunt
3914 2014 3962 2073 ad
3915 1686 3961 1977 movendum
3912 1285 3960 1649 delectandum-

4011 2858 4056 2953 que
4002 2699 4057 2823 apta.
3994 2494 4054 2617 Quin
3996 2315 4041 2457 etiam
3996 2022 4055 2265 integrum
4010 1795 4042 1987 versum
3994 1490 4056 1755 paullulum
4008 1285 4041 1452 corre-

4080 2820 4121 2951 ctum
4090 2725 4120 2784 ex
4074 2446 4136 2692 Aeschylo
4074 2148 4136 2407 Euripides
4075 1861 4136 2109 adoptavit
4075 1608 4120 1824 huncce:

4151 2510 4215 2821 φαγέδαινα,
4151 2442 4217 2475 ἤ
4170 2318 4215 2407 μοι
4152 2088 4215 2282 σάρκας
4149 1891 4202 2052 ἐσθίει
4152 1679 4210 1859 ποδός,

4248 2810 4293 2951 quam
4235 2404 4290 2771 correctionem,
4241 2316 4281 2366 ut
4242 2084 4281 2280 ornatus
4235 1802 4282 2044 commodi
4232 1499 4296 1766 exemplar,
4232 1285 4279 1462 merito

4310 2785 4358 2949 laudat
4312 2462 4359 2750 Aristoteles
4313 2290 4361 2427 Poet.
4312 2098 4373 2250 XXll,
4316 2017 4361 2061 7.
