<?xml version="1.0" encoding="UTF-8"?>
<!DOCTYPE html PUBLIC "-//W3C//DTD XHTML 1.0 Transitional//EN"
    "http://www.w3.org/TR/xhtml1/DTD/xhtml1-transitional.dtd">
<html xmlns="http://www.w3.org/1999/xhtml" xml:lang="en" lang="en">
 <head>
  <title>
</title>
<meta http-equiv="Content-Type" content="text/html;charset=utf-8" />
  <meta name='ocr-system' content='tesseract 3.04.00' />
  <meta name='ocr-capabilities' content='ocr_page ocr_carea ocr_par ocr_line ocrx_word'/>
</head>
<body>
  <div class='ocr_page' id='page_1' title='image "./euripidesrestitu00hartuoft_raw_0269.png"; bbox 0 0 5010 3336; ppageno 0'>
   <div class='ocr_carea' id='block_1_1' title="bbox 1506 3332 4277 3336">
    <p class='ocr_par' dir='ltr' id='par_1_1' title="bbox 1506 3332 4277 3336">
     <span class='ocr_line' id='line_1_1' title="bbox 1506 3332 4277 3336; textangle 90"><span class='ocrx_word' id='word_1_1' title='bbox 1506 3332 4277 3336; x_wconf 95' lang='lat' dir='ltr'><strong> </strong></span> 
     </span>
    </p>
   </div>
   <div class='ocr_carea' id='block_1_2' title="bbox 1956 3292 1977 3323">
    <p class='ocr_par' dir='ltr' id='par_1_2' title="bbox 1956 3292 1977 3323">
     <span class='ocr_line' id='line_1_2' title="bbox 1956 3292 1977 3323; textangle 90"><span class='ocrx_word' id='word_1_2' title='bbox 1956 3292 1977 3323; x_wconf 61' lang='grc' dir='ltr'><strong>ΔΜ</strong></span> 
     </span>
    </p>
   </div>
   <div class='ocr_carea' id='block_1_3' title="bbox 1865 3238 1898 3319">
    <p class='ocr_par' dir='ltr' id='par_1_3' title="bbox 1865 3238 1898 3319">
     <span class='ocr_line' id='line_1_3' title="bbox 1865 3238 1898 3319; textangle 90"><span class='ocrx_word' id='word_1_3' title='bbox 1865 3307 1890 3319; x_wconf 75' lang='grc' dir='ltr'>ἰ</span> <span class='ocrx_word' id='word_1_4' title='bbox 1871 3238 1898 3289; x_wconf 48' lang='grc' dir='ltr'><strong>λι·</strong></span> 
     </span>
    </p>
   </div>
   <div class='ocr_carea' id='block_1_4' title="bbox 1954 3231 1981 3286">
    <p class='ocr_par' dir='ltr' id='par_1_4' title="bbox 1954 3231 1981 3286">
     <span class='ocr_line' id='line_1_4' title="bbox 1954 3231 1981 3286; textangle 90"><span class='ocrx_word' id='word_1_5' title='bbox 1954 3231 1981 3286; x_wconf 69' lang='grc' dir='ltr'><em>...Μ’</em></span> 
     </span>
    </p>
   </div>
   <div class='ocr_carea' id='block_1_5' title="bbox 4 3336 3336 3336">
    <p class='ocr_par' dir='ltr' id='par_1_5' title="bbox 4 3336 3336 3336">
     <span class='ocr_line' id='line_1_5' title="bbox 4 3336 1127 3336; textangle 90"><span class='ocrx_word' id='word_1_6' title='bbox 4 3336 515 3336; x_wconf 95' lang='lat' dir='ltr'><strong> </strong></span> <span class='ocrx_word' id='word_1_7' title='bbox 4 3336 1127 3336; x_wconf 95' lang='lat' dir='ltr'><strong> </strong></span> 
     </span>
     <span class='ocr_line' id='line_1_6' title="bbox 4 3336 3336 3336; textangle 90"><span class='ocrx_word' id='word_1_8' title='bbox 4 3336 3336 3336; x_wconf 95' lang='lat' dir='ltr'><strong>                                               </strong></span> 
     </span>
    </p>
   </div>
   <div class='ocr_carea' id='block_1_6' title="bbox 990 2092 1048 2209">
    <p class='ocr_par' dir='ltr' id='par_1_6' title="bbox 990 2092 1048 2209">
     <span class='ocr_line' id='line_1_7' title="bbox 990 2092 1048 2209; textangle 90"><span class='ocrx_word' id='word_1_9' title='bbox 990 2092 1048 2209; x_wconf 80' lang='lat'><strong>251</strong></span> 
     </span>
    </p>
   </div>
   <div class='ocr_carea' id='block_1_7' title="bbox 1136 1305 3117 2981">
    <p class='ocr_par' dir='ltr' id='par_1_7' title="bbox 1136 1322 1520 2981">
     <span class='ocr_line' id='line_1_8' title="bbox 1136 1324 1204 2980; textangle 90"><span class='ocrx_word' id='word_1_10' title='bbox 1147 2742 1191 2980; x_wconf 90' lang='lat' dir='ltr'><strong>moestum</strong></span> <span class='ocrx_word' id='word_1_11' title='bbox 1140 2521 1200 2705; x_wconf 86' lang='lat' dir='ltr'><strong>volens,</strong></span> <span class='ocrx_word' id='word_1_12' title='bbox 1155 2391 1188 2485; x_wconf 93' lang='lat' dir='ltr'><strong>non</strong></span> <span class='ocrx_word' id='word_1_13' title='bbox 1153 2245 1186 2355; x_wconf 87' lang='lat' dir='ltr'><strong>esse</strong></span> <span class='ocrx_word' id='word_1_14' title='bbox 1137 2079 1185 2213; x_wconf 88' lang='lat' dir='ltr'><strong>illum</strong></span> <span class='ocrx_word' id='word_1_15' title='bbox 1153 2015 1184 2042; x_wconf 89' lang='lat' dir='ltr'><strong>a</strong></span> <span class='ocrx_word' id='word_1_16' title='bbox 1136 1804 1200 1989; x_wconf 81' lang='lat' dir='ltr'>Polybo</span> <span class='ocrx_word' id='word_1_17' title='bbox 1144 1470 1201 1776; x_wconf 88' lang='lat' dir='ltr'><strong>procreatum</strong></span> <span class='ocrx_word' id='word_1_18' title='bbox 1156 1324 1204 1439; x_wconf 86' lang='lat' dir='ltr'><strong>ape·</strong></span> 
     </span>
     <span class='ocr_line' id='line_1_9' title="bbox 1216 1325 1285 2981; textangle 90"><span class='ocrx_word' id='word_1_19' title='bbox 1223 2915 1271 2981; x_wconf 87' lang='lat' dir='ltr'><strong>rit</strong></span> <span class='ocrx_word' id='word_1_20' title='bbox 1222 2824 1285 2891; x_wconf 80' lang='lat'><strong>*).</strong></span> <span class='ocrx_word' id='word_1_21' title='bbox 1220 2627 1270 2754; x_wconf 88' lang='lat' dir='ltr'><strong>Tum</strong></span> <span class='ocrx_word' id='word_1_22' title='bbox 1236 2479 1268 2593; x_wconf 90' lang='lat' dir='ltr'><strong>vero</strong></span> <span class='ocrx_word' id='word_1_23' title='bbox 1219 2186 1282 2432; x_wconf 88' lang='lat' dir='ltr'><strong>Oedipus,</strong></span> <span class='ocrx_word' id='word_1_24' title='bbox 1216 1718 1280 2139; x_wconf 88' lang='lat' dir='ltr'><strong>splendidissimos</strong></span> <span class='ocrx_word' id='word_1_25' title='bbox 1220 1487 1267 1671; x_wconf 85' lang='lat' dir='ltr'><strong>natales</strong></span> <span class='ocrx_word' id='word_1_26' title='bbox 1237 1325 1268 1439; x_wconf 90' lang='lat' dir='ltr'><strong>suos</strong></span> 
     </span>
     <span class='ocr_line' id='line_1_10' title="bbox 1296 1325 1362 2981; textangle 90"><span class='ocrx_word' id='word_1_27' title='bbox 1302 2826 1349 2981; x_wconf 90' lang='lat' dir='ltr'><strong>fuisse</strong></span> <span class='ocrx_word' id='word_1_28' title='bbox 1307 2711 1348 2793; x_wconf 85' lang='lat' dir='ltr'><strong>aut</strong></span> <span class='ocrx_word' id='word_1_29' title='bbox 1301 2536 1348 2679; x_wconf 87' lang='lat' dir='ltr'><strong>etiam</strong></span> <span class='ocrx_word' id='word_1_30' title='bbox 1299 2340 1345 2499; x_wconf 83' lang='lat' dir='ltr'><strong>divina</strong></span> <span class='ocrx_word' id='word_1_31' title='bbox 1298 2153 1360 2305; x_wconf 82' lang='lat' dir='ltr'><strong>stirpe</strong></span> <span class='ocrx_word' id='word_1_32' title='bbox 1311 2046 1343 2101; x_wconf 90' lang='lat' dir='ltr'><strong>se</strong></span> <span class='ocrx_word' id='word_1_33' title='bbox 1296 1748 1344 2002; x_wconf 90' lang='lat' dir='ltr'><strong>oriundum</strong></span> <span class='ocrx_word' id='word_1_34' title='bbox 1314 1593 1346 1703; x_wconf 89' lang='lat' dir='ltr'><strong>esse</strong></span> <span class='ocrx_word' id='word_1_35' title='bbox 1316 1325 1362 1543; x_wconf 85' lang='lat' dir='ltr'><strong>sperans,</strong></span> 
     </span>
     <span class='ocr_line' id='line_1_11' title="bbox 1376 1322 1443 2978; textangle 90"><span class='ocrx_word' id='word_1_36' title='bbox 1388 2927 1429 2978; x_wconf 90' lang='lat' dir='ltr'><strong>et</strong></span> <span class='ocrx_word' id='word_1_37' title='bbox 1382 2758 1442 2893; x_wconf 85' lang='lat' dir='ltr'><strong>sore,</strong></span> <span class='ocrx_word' id='word_1_38' title='bbox 1385 2659 1427 2711; x_wconf 88' lang='lat' dir='ltr'><strong>ut</strong></span> <span class='ocrx_word' id='word_1_39' title='bbox 1379 2424 1441 2623; x_wconf 79' lang='lat' dir='ltr'><strong>cognitis</strong></span> <span class='ocrx_word' id='word_1_40' title='bbox 1376 2106 1441 2390; x_wconf 83' lang='lat' dir='ltr'><strong>parentibus</strong></span> <span class='ocrx_word' id='word_1_41' title='bbox 1383 1865 1438 2070; x_wconf 87' lang='lat' dir='ltr'><strong>repente</strong></span> <span class='ocrx_word' id='word_1_42' title='bbox 1378 1785 1423 1831; x_wconf 90' lang='lat' dir='ltr'><strong>in</strong></span> <span class='ocrx_word' id='word_1_43' title='bbox 1377 1462 1427 1751; x_wconf 88' lang='lat' dir='ltr'><strong>altissimum</strong></span> <span class='ocrx_word' id='word_1_44' title='bbox 1381 1322 1443 1427; x_wconf 87' lang='lat' dir='ltr'><strong>glo-</strong></span> 
     </span>
     <span class='ocr_line' id='line_1_12' title="bbox 1455 1901 1520 2979; textangle 90"><span class='ocrx_word' id='word_1_45' title='bbox 1461 2876 1508 2979; x_wconf 84' lang='lat' dir='ltr'>riae</span> <span class='ocrx_word' id='word_1_46' title='bbox 1459 2546 1520 2844; x_wconf 81' lang='lat' dir='ltr'><strong>honorisque</strong></span> <span class='ocrx_word' id='word_1_47' title='bbox 1456 2268 1518 2513; x_wconf 75' lang='lat' dir='ltr'>fastigium</span> <span class='ocrx_word' id='word_1_48' title='bbox 1455 1997 1503 2231; x_wconf 84' lang='lat' dir='ltr'><strong>evehatur</strong></span> <span class='ocrx_word' id='word_1_49' title='bbox 1481 1901 1488 1963; x_wconf 92' lang='lat'><strong>—-</strong></span> 
     </span>
    </p>

    <p class='ocr_par' dir='ltr' id='par_1_8' title="bbox 1532 1675 1599 2847">
     <span class='ocr_line' id='line_1_13' title="bbox 1532 1675 1599 2847; textangle 90"><span class='ocrx_word' id='word_1_50' title='bbox 1536 2791 1588 2847; x_wconf 80' lang='grc' dir='ltr'><strong>ἐκ</strong></span> <span class='ocrx_word' id='word_1_51' title='bbox 1538 2652 1587 2758; x_wconf 82' lang='grc' dir='ltr'><strong>τῶν</strong></span> <span class='ocrx_word' id='word_1_52' title='bbox 1533 2385 1586 2619; x_wconf 75' lang='grc' dir='ltr'><em>ἀέλπτων</em></span> <span class='ocrx_word' id='word_1_53' title='bbox 1534 2319 1599 2353; x_wconf 79' lang='grc' dir='ltr'><em>ἡ</em></span> <span class='ocrx_word' id='word_1_54' title='bbox 1532 2140 1599 2286; x_wconf 77' lang='grc' dir='ltr'><em>χάρις</em></span> <span class='ocrx_word' id='word_1_55' title='bbox 1532 1919 1599 2106; x_wconf 78' lang='grc' dir='ltr'><em>μείζων</em></span> <span class='ocrx_word' id='word_1_56' title='bbox 1532 1675 1598 1884; x_wconf 79' lang='grc' dir='ltr'><em>βροτοῖς</em></span> 
     </span>
    </p>

    <p class='ocr_par' dir='ltr' id='par_1_9' title="bbox 1612 1314 2240 2977">
     <span class='ocr_line' id='line_1_14' title="bbox 1612 1650 1682 2845; textangle 90"><span class='ocrx_word' id='word_1_57' title='bbox 1620 2606 1682 2845; x_wconf 76' lang='grc' dir='ltr'><em>φανεῖσα,</em></span> <span class='ocrx_word' id='word_1_58' title='bbox 1617 2374 1679 2570; x_wconf 80' lang='grc' dir='ltr'><em>μᾶλλον</em></span> <span class='ocrx_word' id='word_1_59' title='bbox 1612 2309 1680 2341; x_wconf 77' lang='grc' dir='ltr'>ἢ</span> <span class='ocrx_word' id='word_1_60' title='bbox 1613 2216 1664 2274; x_wconf 91' lang='grc' dir='ltr'><strong>τὸ</strong></span> <span class='ocrx_word' id='word_1_61' title='bbox 1613 1747 1679 2181; x_wconf 79' lang='grc' dir='ltr'><em>προςὸοκώμενον</em></span> <span class='ocrx_word' id='word_1_62' title='bbox 1643 1650 1650 1710; x_wconf 91' lang='grc'>-</span> 
     </span>
     <span class='ocr_line' id='line_1_15' title="bbox 1695 1317 1762 2976; textangle 90"><span class='ocrx_word' id='word_1_63' title='bbox 1715 2884 1747 2976; x_wconf 89' lang='lat' dir='ltr'><strong>non</strong></span> <span class='ocrx_word' id='word_1_64' title='bbox 1701 2597 1762 2849; x_wconf 81' lang='lat' dir='ltr'><strong>quiescere</strong></span> <span class='ocrx_word' id='word_1_65' title='bbox 1696 2280 1756 2562; x_wconf 73' lang='lat' dir='ltr'><strong>constituit,</strong></span> <span class='ocrx_word' id='word_1_66' title='bbox 1696 2075 1744 2231; x_wconf 89' lang='lat' dir='ltr'><strong>donec</strong></span> <span class='ocrx_word' id='word_1_67' title='bbox 1712 1918 1759 2040; x_wconf 91' lang='lat' dir='ltr'><strong>quae</strong></span> <span class='ocrx_word' id='word_1_68' title='bbox 1695 1731 1744 1884; x_wconf 87' lang='lat' dir='ltr'><strong>latent</strong></span> <span class='ocrx_word' id='word_1_69' title='bbox 1695 1449 1759 1697; x_wconf 86' lang='lat' dir='ltr'><strong>patefacta</strong></span> <span class='ocrx_word' id='word_1_70' title='bbox 1698 1317 1746 1415; x_wconf 89' lang='lat' dir='ltr'><strong>sint</strong></span> 
     </span>
     <span class='ocr_line' id='line_1_16' title="bbox 1775 1316 1842 2976; textangle 90"><span class='ocrx_word' id='word_1_71' title='bbox 1795 2756 1842 2976; x_wconf 86' lang='lat' dir='ltr'><strong>quaeque</strong></span> <span class='ocrx_word' id='word_1_72' title='bbox 1778 2504 1841 2694; x_wconf 82' lang='lat' dir='ltr'><strong>ignorat</strong></span> <span class='ocrx_word' id='word_1_73' title='bbox 1777 2140 1840 2451; x_wconf 88' lang='lat' dir='ltr'><strong>compererit.</strong></span> <span class='ocrx_word' id='word_1_74' title='bbox 1775 1809 1823 2052; x_wconf 88' lang='lat' dir='ltr'><strong>Intellexit</strong></span> <span class='ocrx_word' id='word_1_75' title='bbox 1775 1564 1823 1759; x_wconf 88' lang='lat' dir='ltr'><strong>interim</strong></span> <span class='ocrx_word' id='word_1_76' title='bbox 1776 1316 1826 1506; x_wconf 80' lang='lat' dir='ltr'><strong>Iocaste</strong></span> 
     </span>
     <span class='ocr_line' id='line_1_17' title="bbox 1855 1315 1923 2977; textangle 90"><span class='ocrx_word' id='word_1_77' title='bbox 1866 2754 1923 2977; x_wconf 79' lang='lat' dir='ltr'><strong>tempus,</strong></span> <span class='ocrx_word' id='word_1_78' title='bbox 1874 2627 1921 2719; x_wconf 85' lang='lat' dir='ltr'><strong>quo</strong></span> <span class='ocrx_word' id='word_1_79' title='bbox 1856 2371 1920 2591; x_wconf 87' lang='lat' dir='ltr'><strong>Oedipus</strong></span> <span class='ocrx_word' id='word_1_80' title='bbox 1873 2297 1903 2323; x_wconf 90' lang='lat' dir='ltr'><strong>a</strong></span> <span class='ocrx_word' id='word_1_81' title='bbox 1857 2025 1904 2262; x_wconf 83' lang='lat' dir='ltr'><strong>Periboea</strong></span> <span class='ocrx_word' id='word_1_82' title='bbox 1855 1775 1903 1989; x_wconf 91' lang='lat' dir='ltr'><strong>sublatus</strong></span> <span class='ocrx_word' id='word_1_83' title='bbox 1855 1629 1910 1722; x_wconf 91' lang='lat' dir='ltr'><strong>sit,</strong></span> <span class='ocrx_word' id='word_1_84' title='bbox 1871 1315 1917 1580; x_wconf 80' lang='lat' dir='ltr'><strong>congruere</strong></span> 
     </span>
     <span class='ocr_line' id='line_1_18' title="bbox 1936 1314 2001 2975; textangle 90"><span class='ocrx_word' id='word_1_85' title='bbox 1954 2867 1985 2975; x_wconf 91' lang='lat' dir='ltr'><strong>cum</strong></span> <span class='ocrx_word' id='word_1_86' title='bbox 1955 2771 1985 2829; x_wconf 92' lang='lat' dir='ltr'><strong>eo</strong></span> <span class='ocrx_word' id='word_1_87' title='bbox 1944 2490 2001 2736; x_wconf 86' lang='lat' dir='ltr'><strong>tempore,</strong></span> <span class='ocrx_word' id='word_1_88' title='bbox 1952 2335 2000 2430; x_wconf 88' lang='lat' dir='ltr'><strong>quo</strong></span> <span class='ocrx_word' id='word_1_89' title='bbox 1937 2183 2001 2288; x_wconf 89' lang='lat' dir='ltr'><strong>ipsa</strong></span> <span class='ocrx_word' id='word_1_90' title='bbox 1936 1905 1984 2137; x_wconf 85' lang='lat' dir='ltr'><strong>infantem</strong></span> <span class='ocrx_word' id='word_1_91' title='bbox 1950 1683 1982 1854; x_wconf 90' lang='lat' dir='ltr'><strong>recens</strong></span> <span class='ocrx_word' id='word_1_92' title='bbox 1941 1485 1982 1649; x_wconf 86' lang='lat' dir='ltr'><strong>natum</strong></span> <span class='ocrx_word' id='word_1_93' title='bbox 1937 1314 1985 1450; x_wconf 89' lang='lat' dir='ltr'><strong>iussu</strong></span> 
     </span>
     <span class='ocr_line' id='line_1_19' title="bbox 2014 1314 2082 2976; textangle 90"><span class='ocrx_word' id='word_1_94' title='bbox 2019 2817 2066 2976; x_wconf 87' lang='lat' dir='ltr'><strong>mariti</strong></span> <span class='ocrx_word' id='word_1_95' title='bbox 2016 2470 2082 2783; x_wconf 82' lang='lat' dir='ltr'><strong>exposuerit:</strong></span> <span class='ocrx_word' id='word_1_96' title='bbox 2017 2343 2064 2434; x_wconf 87' lang='lat' dir='ltr'><strong>iam</strong></span> <span class='ocrx_word' id='word_1_97' title='bbox 2017 2157 2081 2306; x_wconf 87' lang='lat' dir='ltr'><strong>igitur</strong></span> <span class='ocrx_word' id='word_1_98' title='bbox 2016 2020 2063 2122; x_wconf 85' lang='lat' dir='ltr'><strong>dira</strong></span> <span class='ocrx_word' id='word_1_99' title='bbox 2014 1889 2062 1987; x_wconf 81' lang='lat' dir='ltr'><strong>fata</strong></span> <span class='ocrx_word' id='word_1_100' title='bbox 2014 1542 2062 1853; x_wconf 88' lang='lat' dir='ltr'><strong>coniiciendis</strong></span> <span class='ocrx_word' id='word_1_101' title='bbox 2015 1314 2065 1506; x_wconf 89' lang='lat' dir='ltr'><strong>indiciis</strong></span> 
     </span>
     <span class='ocr_line' id='line_1_20' title="bbox 2094 1315 2161 2975; textangle 90"><span class='ocrx_word' id='word_1_102' title='bbox 2098 2723 2161 2975; x_wconf 84' lang='lat' dir='ltr'><strong>perspicit.</strong></span> <span class='ocrx_word' id='word_1_103' title='bbox 2096 2327 2157 2653; x_wconf 77' lang='lat' dir='ltr'><strong>Quamobrem</strong></span> <span class='ocrx_word' id='word_1_104' title='bbox 2097 2005 2145 2289; x_wconf 83' lang='lat' dir='ltr'><strong>abstrahere</strong></span> <span class='ocrx_word' id='word_1_105' title='bbox 2112 1944 2142 1971; x_wconf 90' lang='lat' dir='ltr'><strong>a</strong></span> <span class='ocrx_word' id='word_1_106' title='bbox 2094 1746 2142 1909; x_wconf 89' lang='lat' dir='ltr'><strong>studio</strong></span> <span class='ocrx_word' id='word_1_107' title='bbox 2094 1527 2143 1712; x_wconf 86' lang='lat' dir='ltr'><strong>natales</strong></span> <span class='ocrx_word' id='word_1_108' title='bbox 2111 1315 2158 1494; x_wconf 88' lang='lat' dir='ltr'><strong>cogno-</strong></span> 
     </span>
     <span class='ocr_line' id='line_1_21' title="bbox 2176 2261 2240 2973; textangle 90"><span class='ocrx_word' id='word_1_109' title='bbox 2178 2804 2225 2973; x_wconf 87' lang='lat' dir='ltr'><strong>scendi</strong></span> <span class='ocrx_word' id='word_1_110' title='bbox 2176 2527 2240 2770; x_wconf 86' lang='lat' dir='ltr'><strong>Oedipum</strong></span> <span class='ocrx_word' id='word_1_111' title='bbox 2182 2261 2224 2489; x_wconf 86' lang='lat' dir='ltr'><strong>conatur:</strong></span> 
     </span>
    </p>

    <p class='ocr_par' dir='ltr' id='par_1_10' title="bbox 2251 1644 2320 2843">
     <span class='ocr_line' id='line_1_22' title="bbox 2251 1644 2320 2843; textangle 90"><span class='ocrx_word' id='word_1_112' title='bbox 2252 2501 2320 2843; x_wconf 54' lang='grc' dir='ltr'><em>ἐπιμαρτυρεῖν</em></span> <span class='ocrx_word' id='word_1_113' title='bbox 2254 2367 2318 2467; x_wconf 78' lang='grc' dir='ltr'><strong>γὰρ</strong></span> <span class='ocrx_word' id='word_1_114' title='bbox 2254 2162 2317 2332; x_wconf 80' lang='grc' dir='ltr'><em>ἄνδρα</em></span> <span class='ocrx_word' id='word_1_115' title='bbox 2252 2038 2312 2130; x_wconf 80' lang='grc' dir='ltr'><strong>τὰς</strong></span> <span class='ocrx_word' id='word_1_116' title='bbox 2251 1837 2302 2001; x_wconf 74' lang='grc' dir='ltr'><em>αὑτοῦ</em></span> <span class='ocrx_word' id='word_1_117' title='bbox 2251 1644 2317 1803; x_wconf 80' lang='grc' dir='ltr'><strong><em>τύχας</em></strong></span> 
     </span>
    </p>

    <p class='ocr_par' dir='ltr' id='par_1_11' title="bbox 2331 1305 3117 2970">
     <span class='ocr_line' id='line_1_23' title="bbox 2331 1333 2397 2843; textangle 90"><span class='ocrx_word' id='word_1_118' title='bbox 2335 2772 2394 2843; x_wconf 84' lang='grc' dir='ltr'><strong>εἰς</strong></span> <span class='ocrx_word' id='word_1_119' title='bbox 2334 2542 2393 2739; x_wconf 79' lang='grc' dir='ltr'><em>πάντας</em></span> <span class='ocrx_word' id='word_1_120' title='bbox 2332 2283 2397 2508; x_wconf 71' lang='grc' dir='ltr'><em>ἀμαθές,</em></span> <span class='ocrx_word' id='word_1_121' title='bbox 2333 2188 2383 2245; x_wconf 90' lang='grc' dir='ltr'><strong>τὸ</strong></span> <span class='ocrx_word' id='word_1_122' title='bbox 2333 2107 2383 2151; x_wconf 86' lang='grc' dir='ltr'><strong>δ’</strong></span> <span class='ocrx_word' id='word_1_123' title='bbox 2332 1662 2396 2068; x_wconf 77' lang='grc' dir='ltr'><em>ἐπικρύπτεσθαι</em></span> <span class='ocrx_word' id='word_1_124' title='bbox 2331 1454 2395 1627; x_wconf 82' lang='grc' dir='ltr'><em>σοφόν</em></span> <span class='ocrx_word' id='word_1_125' title='bbox 2334 1333 2397 1427; x_wconf 76' lang='lat'><strong>²¹²²³²).</strong></span> 
     </span>
     <span class='ocr_line' id='line_1_24' title="bbox 2413 1311 2478 2970; textangle 90"><span class='ocrx_word' id='word_1_126' title='bbox 2416 2874 2464 2970; x_wconf 86' lang='lat' dir='ltr'><strong>Sed</strong></span> <span class='ocrx_word' id='word_1_127' title='bbox 2417 2744 2463 2838; x_wconf 85' lang='lat' dir='ltr'><strong>iam</strong></span> <span class='ocrx_word' id='word_1_128' title='bbox 2417 2658 2463 2708; x_wconf 91' lang='lat' dir='ltr'><strong>iu</strong></span> <span class='ocrx_word' id='word_1_129' title='bbox 2417 2391 2475 2622; x_wconf 81' lang='lat' dir='ltr'><strong>eandem,</strong></span> <span class='ocrx_word' id='word_1_130' title='bbox 2431 2200 2478 2340; x_wconf 82' lang='lat' dir='ltr'><strong>quam</strong></span> <span class='ocrx_word' id='word_1_131' title='bbox 2415 1935 2474 2148; x_wconf 78' lang='lat' dir='ltr'><strong>Iocaste,</strong></span> <span class='ocrx_word' id='word_1_132' title='bbox 2414 1570 2477 1890; x_wconf 84' lang='lat' dir='ltr'><strong>suspicionem</strong></span> <span class='ocrx_word' id='word_1_133' title='bbox 2413 1311 2477 1532; x_wconf 83' lang='lat' dir='ltr'><strong>Oedipus</strong></span> 
     </span>
     <span class='ocr_line' id='line_1_25' title="bbox 2494 1310 2559 2970; textangle 90"><span class='ocrx_word' id='word_1_134' title='bbox 2497 2680 2559 2970; x_wconf 77' lang='lat' dir='ltr'><strong>inquirendo</strong></span> <span class='ocrx_word' id='word_1_135' title='bbox 2496 2549 2559 2654; x_wconf 89' lang='lat' dir='ltr'><strong>ipse</strong></span> <span class='ocrx_word' id='word_1_136' title='bbox 2512 2335 2559 2526; x_wconf 86' lang='lat' dir='ltr'><strong>quoque</strong></span> <span class='ocrx_word' id='word_1_137' title='bbox 2496 2071 2542 2310; x_wconf 89' lang='lat' dir='ltr'><strong>deductus</strong></span> <span class='ocrx_word' id='word_1_138' title='bbox 2500 1966 2542 2056; x_wconf 85' lang='lat' dir='ltr'><strong>est.</strong></span> <span class='ocrx_word' id='word_1_139' title='bbox 2494 1799 2554 1928; x_wconf 82' lang='lat' dir='ltr'><strong>Quid</strong></span> <span class='ocrx_word' id='word_1_140' title='bbox 2494 1596 2541 1784; x_wconf 65' lang='lat' dir='ltr'><strong>multa?</strong></span> <span class='ocrx_word' id='word_1_141' title='bbox 2494 1310 2542 1574; x_wconf 83' lang='lat' dir='ltr'><strong>arcessitur</strong></span> 
     </span>
     <span class='ocr_line' id='line_1_26' title="bbox 2573 1309 2637 2970; textangle 90"><span class='ocrx_word' id='word_1_142' title='bbox 2576 2744 2636 2970; x_wconf 89' lang='lat' dir='ltr'><strong>famulus,</strong></span> <span class='ocrx_word' id='word_1_143' title='bbox 2577 2617 2622 2692; x_wconf 90' lang='lat' dir='ltr'><strong>cui</strong></span> <span class='ocrx_word' id='word_1_144' title='bbox 2576 2399 2623 2583; x_wconf 86' lang='lat' dir='ltr'><strong>Iocaste</strong></span> <span class='ocrx_word' id='word_1_145' title='bbox 2575 2134 2622 2365; x_wconf 81' lang='lat' dir='ltr'><strong>infantem</strong></span> <span class='ocrx_word' id='word_1_146' title='bbox 2573 1759 2636 2096; x_wconf 87' lang='lat' dir='ltr'><strong>exponendum</strong></span> <span class='ocrx_word' id='word_1_147' title='bbox 2573 1497 2632 1723; x_wconf 77' lang='lat' dir='ltr'><strong>tradidit,</strong></span> <span class='ocrx_word' id='word_1_148' title='bbox 2574 1309 2637 1449; x_wconf 88' lang='lat' dir='ltr'><strong>isque</strong></span> 
     </span>
     <span class='ocr_line' id='line_1_27' title="bbox 2652 1308 2718 2968; textangle 90"><span class='ocrx_word' id='word_1_149' title='bbox 2672 2909 2703 2968; x_wconf 89' lang='lat' dir='ltr'><strong>ex</strong></span> <span class='ocrx_word' id='word_1_150' title='bbox 2655 2656 2718 2874; x_wconf 90' lang='lat' dir='ltr'><strong>corporis</strong></span> <span class='ocrx_word' id='word_1_151' title='bbox 2655 2333 2716 2621; x_wconf 86' lang='lat' dir='ltr'><strong>quibusdam</strong></span> <span class='ocrx_word' id='word_1_152' title='bbox 2655 2148 2718 2295; x_wconf 85' lang='lat' dir='ltr'><strong>signis</strong></span> <span class='ocrx_word' id='word_1_153' title='bbox 2654 1868 2715 2111; x_wconf 89' lang='lat' dir='ltr'><strong>Oedipum</strong></span> <span class='ocrx_word' id='word_1_154' title='bbox 2653 1616 2700 1832; x_wconf 87' lang='lat' dir='ltr'><strong>locastae</strong></span> <span class='ocrx_word' id='word_1_155' title='bbox 2652 1447 2699 1597; x_wconf 91' lang='lat' dir='ltr'><strong>filium</strong></span> <span class='ocrx_word' id='word_1_156' title='bbox 2669 1308 2701 1419; x_wconf 86' lang='lat' dir='ltr'><strong>esse</strong></span> 
     </span>
     <span class='ocr_line' id='line_1_28' title="bbox 2729 1309 2798 2969; textangle 90"><span class='ocrx_word' id='word_1_157' title='bbox 2735 2700 2782 2969; x_wconf 87' lang='lat' dir='ltr'><strong>confirmat.</strong></span> <span class='ocrx_word' id='word_1_158' title='bbox 2734 2377 2798 2629; x_wconf 84' lang='lat' dir='ltr'><strong>Hyginus:</strong></span> <span class='ocrx_word' id='word_1_159' title='bbox 2734 2240 2793 2331; x_wconf 88' lang='lat' dir='ltr'><strong>„Id</strong></span> <span class='ocrx_word' id='word_1_160' title='bbox 2733 1962 2780 2194; x_wconf 88' lang='lat' dir='ltr'><strong>Itemalus</strong></span> <span class='ocrx_word' id='word_1_161' title='bbox 2749 1764 2780 1915; x_wconf 86' lang='lat' dir='ltr'><strong>senex</strong></span> <span class='ocrx_word' id='word_1_162' title='bbox 2729 1599 2793 1738; x_wconf 85' lang='lat'><strong>***),</strong></span> <span class='ocrx_word' id='word_1_163' title='bbox 2733 1468 2795 1550; x_wconf 89' lang='lat' dir='ltr'><strong>qui</strong></span> <span class='ocrx_word' id='word_1_164' title='bbox 2749 1309 2780 1419; x_wconf 89' lang='lat' dir='ltr'><strong>eum</strong></span> 
     </span>
     <span class='ocr_line' id='line_1_29' title="bbox 2813 1307 2879 2969; textangle 90"><span class='ocrx_word' id='word_1_165' title='bbox 2819 2649 2877 2969; x_wconf 71' lang='lat' dir='ltr'><strong>exposuerat,</strong></span> <span class='ocrx_word' id='word_1_166' title='bbox 2830 2553 2861 2613; x_wconf 88' lang='lat' dir='ltr'><strong>ex</strong></span> <span class='ocrx_word' id='word_1_167' title='bbox 2815 2339 2879 2518; x_wconf 88' lang='lat' dir='ltr'><strong>pedum</strong></span> <span class='ocrx_word' id='word_1_168' title='bbox 2813 1993 2861 2302; x_wconf 85' lang='lat' dir='ltr'><strong>cicatricibus</strong></span> <span class='ocrx_word' id='word_1_169' title='bbox 2819 1908 2860 1957; x_wconf 91' lang='lat' dir='ltr'><strong>et</strong></span> <span class='ocrx_word' id='word_1_170' title='bbox 2813 1666 2860 1875; x_wconf 84' lang='lat' dir='ltr'><strong>talorum</strong></span> <span class='ocrx_word' id='word_1_171' title='bbox 2813 1434 2877 1628; x_wconf 82' lang='lat' dir='ltr'><strong>agnovit</strong></span> <span class='ocrx_word' id='word_1_172' title='bbox 2813 1307 2860 1409; x_wconf 84' lang='lat' dir='ltr'><strong>Laii</strong></span> 
     </span>
     <span class='ocr_line' id='line_1_30' title="bbox 2891 1308 2957 2969; textangle 90"><span class='ocrx_word' id='word_1_173' title='bbox 2894 2817 2941 2969; x_wconf 91' lang='lat' dir='ltr'><strong>filium</strong></span> <span class='ocrx_word' id='word_1_174' title='bbox 2893 2628 2941 2789; x_wconf 86' lang='lat' dir='ltr'><strong>esse.&#39;&#39;</strong></span> <span class='ocrx_word' id='word_1_175' title='bbox 2893 2480 2941 2591; x_wconf 91' lang='lat' dir='ltr'><strong>Huc</strong></span> <span class='ocrx_word' id='word_1_176' title='bbox 2895 2209 2957 2451; x_wconf 88' lang='lat' dir='ltr'><strong>pertinere</strong></span> <span class='ocrx_word' id='word_1_177' title='bbox 2898 2022 2956 2186; x_wconf 90' lang='lat' dir='ltr'><strong>potest</strong></span> <span class='ocrx_word' id='word_1_178' title='bbox 2891 1825 2955 1996; x_wconf 85' lang='lat' dir='ltr'><strong>fragm.</strong></span> <span class='ocrx_word' id='word_1_179' title='bbox 2895 1705 2940 1794; x_wconf 74' lang='lat'><strong>17:</strong></span> <span class='ocrx_word' id='word_1_180' title='bbox 2894 1308 2956 1670; x_wconf 77' lang='grc' dir='ltr'><em>ἄναρθρος,</em></span> 
     </span>
     <span class='ocr_line' id='line_1_31' title="bbox 2970 1305 3037 2970; textangle 90"><span class='ocrx_word' id='word_1_181' title='bbox 2975 2757 3032 2970; x_wconf 80' lang='grc' dir='ltr'><em>ἄτονος,</em></span> <span class='ocrx_word' id='word_1_182' title='bbox 2971 2461 3037 2712; x_wconf 73' lang='grc' dir='ltr'><em>ἀσθενής·</em></span> <span class='ocrx_word' id='word_1_183' title='bbox 2971 2108 3037 2402; x_wconf 81' lang='grc' dir='ltr'><em>Εὐριπίδης</em></span> <span class='ocrx_word' id='word_1_184' title='bbox 2970 1788 3022 2045; x_wconf 80' lang='grc' dir='ltr'><em>Οἰδίποδι.</em></span> <span class='ocrx_word' id='word_1_185' title='bbox 2974 1631 3021 1707; x_wconf 82' lang='lat' dir='ltr'><strong>Ex</strong></span> <span class='ocrx_word' id='word_1_186' title='bbox 2975 1495 3022 1586; x_wconf 87' lang='lat' dir='ltr'><strong>hac</strong></span> <span class='ocrx_word' id='word_1_187' title='bbox 2980 1305 3037 1447; x_wconf 89' lang='lat' dir='ltr'><strong>parte</strong></span> 
     </span>
     <span class='ocr_line' id='line_1_32' title="bbox 3052 1697 3117 2969; textangle 90"><span class='ocrx_word' id='word_1_188' title='bbox 3055 2734 3103 2969; x_wconf 87' lang='lat' dir='ltr'><strong>dramatis</strong></span> <span class='ocrx_word' id='word_1_189' title='bbox 3054 2554 3102 2700; x_wconf 91' lang='lat' dir='ltr'><strong>sumti</strong></span> <span class='ocrx_word' id='word_1_190' title='bbox 3061 2315 3117 2519; x_wconf 89' lang='lat' dir='ltr'><strong>possunt</strong></span> <span class='ocrx_word' id='word_1_191' title='bbox 3071 2176 3102 2287; x_wconf 90' lang='lat' dir='ltr'><strong>esse</strong></span> <span class='ocrx_word' id='word_1_192' title='bbox 3069 1974 3102 2143; x_wconf 90' lang='lat' dir='ltr'><strong>versus</strong></span> <span class='ocrx_word' id='word_1_193' title='bbox 3052 1697 3116 1938; x_wconf 85' lang='lat' dir='ltr'><strong>hi)</strong></span> 
     </span>
    </p>
   </div>
   <div class='ocr_carea' id='block_1_8' title="bbox 2240 648 2275 659">
    <p class='ocr_par' dir='ltr' id='par_1_12' title="bbox 2240 648 2275 659">
     <span class='ocr_line' id='line_1_33' title="bbox 2240 648 2275 659; baseline 0 -3"><span class='ocrx_word' id='word_1_194' title='bbox 2240 648 2275 659; x_wconf 33' lang='grc' dir='ltr'><strong>μι</strong></span> 
     </span>
    </p>
   </div>
   <div class='ocr_carea' id='block_1_9' title="bbox 1898 720 2508 777">
    <p class='ocr_par' dir='ltr' id='par_1_13' title="bbox 1898 720 2508 777">
     <span class='ocr_line' id='line_1_34' title="bbox 1898 720 2501 736; baseline -0.017 1"><span class='ocrx_word' id='word_1_195' title='bbox 1898 728 1907 736; x_wconf 66' lang='grc' dir='ltr'><strong>ι</strong></span> <span class='ocrx_word' id='word_1_196' title='bbox 1926 729 1930 733; x_wconf 86' lang='grc'><strong>-</strong></span> <span class='ocrx_word' id='word_1_197' title='bbox 1953 724 2195 736; x_wconf 47' lang='grc' dir='ltr'><strong>“-“*..-.ι</strong></span> <span class='ocrx_word' id='word_1_198' title='bbox 2215 722 2360 732; x_wconf 33' lang='grc' dir='ltr'><strong>ι&gt;“.-,.-</strong></span> <span class='ocrx_word' id='word_1_199' title='bbox 2406 725 2434 729; x_wconf 74' lang='grc'><strong>-..</strong></span> <span class='ocrx_word' id='word_1_200' title='bbox 2495 720 2501 722; x_wconf 97' lang='grc'>-</span> 
     </span>
     <span class='ocr_line' id='line_1_35' title="bbox 1906 742 2508 777; baseline -0.007 -15"><span class='ocrx_word' id='word_1_201' title='bbox 1906 759 1908 762; x_wconf 75' lang='grc'>,</span> <span class='ocrx_word' id='word_1_202' title='bbox 1956 773 1963 777; x_wconf 26' lang='grc'>1</span> <span class='ocrx_word' id='word_1_203' title='bbox 2054 773 2058 775; x_wconf 19' lang='grc' dir='ltr'>μ</span> <span class='ocrx_word' id='word_1_204' title='bbox 2117 742 2329 775; x_wconf 20' lang='grc' dir='ltr'><strong>ιλᾲγῃῖἴῖἵ</strong></span> <span class='ocrx_word' id='word_1_205' title='bbox 2427 756 2508 773; x_wconf 21' lang='grc'><strong>17-.-</strong></span> 
     </span>
    </p>
   </div>
   <div class='ocr_carea' id='block_1_10' title="bbox 3140 2817 3146 2968">
    <p class='ocr_par' dir='ltr' id='par_1_14' title="bbox 3140 2817 3146 2968">
     <span class='ocr_line' id='line_1_36' title="bbox 3140 2817 3146 2968; textangle 90"><span class='ocrx_word' id='word_1_206' title='bbox 3140 2817 3146 2968; x_wconf 95' lang='lat' dir='ltr'><strong> </strong></span> 
     </span>
    </p>
   </div>
   <div class='ocr_carea' id='block_1_11' title="bbox 3165 1298 4273 2961">
    <p class='ocr_par' dir='ltr' id='par_1_15' title="bbox 3165 1303 3431 2910">
     <span class='ocr_line' id='line_1_37' title="bbox 3165 1304 3223 2910; textangle 90"><span class='ocrx_word' id='word_1_207' title='bbox 3168 2862 3222 2910; x_wconf 64' lang='grc'><strong>*)</strong></span> <span class='ocrx_word' id='word_1_208' title='bbox 3167 2601 3223 2830; x_wconf 81' lang='lat' dir='ltr'><strong>Hyginus:</strong></span> <span class='ocrx_word' id='word_1_209' title='bbox 3168 2414 3218 2557; x_wconf 93' lang='lat' dir='ltr'><strong>„Dum</strong></span> <span class='ocrx_word' id='word_1_210' title='bbox 3168 2261 3208 2375; x_wconf 89' lang='lat' dir='ltr'><strong>hacc</strong></span> <span class='ocrx_word' id='word_1_211' title='bbox 3166 2063 3209 2233; x_wconf 79' lang='lat' dir='ltr'><strong>Thebis</strong></span> <span class='ocrx_word' id='word_1_212' title='bbox 3169 1793 3221 2025; x_wconf 83' lang='lat' dir='ltr'><strong>geruntur,</strong></span> <span class='ocrx_word' id='word_1_213' title='bbox 3165 1542 3207 1751; x_wconf 86' lang='lat' dir='ltr'><strong>Corintho</strong></span> <span class='ocrx_word' id='word_1_214' title='bbox 3166 1304 3221 1501; x_wconf 78' lang='lat' dir='ltr'><strong>Polybus</strong></span> 
     </span>
     <span class='ocr_line' id='line_1_38' title="bbox 3236 1306 3290 2827; textangle 90"><span class='ocrx_word' id='word_1_215' title='bbox 3238 2641 3279 2827; x_wconf 86' lang='lat' dir='ltr'><strong>decedit.</strong></span> <span class='ocrx_word' id='word_1_216' title='bbox 3237 2486 3289 2582; x_wconf 84' lang='lat' dir='ltr'><strong>Quo</strong></span> <span class='ocrx_word' id='word_1_217' title='bbox 3236 2282 3282 2454; x_wconf 83' lang='lat' dir='ltr'><strong>audito,</strong></span> <span class='ocrx_word' id='word_1_218' title='bbox 3237 2042 3290 2236; x_wconf 88' lang='lat' dir='ltr'><strong>Oedipus</strong></span> <span class='ocrx_word' id='word_1_219' title='bbox 3239 1827 3277 2012; x_wconf 88' lang='lat' dir='ltr'><strong>moleste</strong></span> <span class='ocrx_word' id='word_1_220' title='bbox 3237 1681 3277 1797; x_wconf 85' lang='lat' dir='ltr'><strong>ferre</strong></span> <span class='ocrx_word' id='word_1_221' title='bbox 3236 1482 3290 1651; x_wconf 87' lang='lat' dir='ltr'><strong>coepit,</strong></span> <span class='ocrx_word' id='word_1_222' title='bbox 3236 1306 3277 1438; x_wconf 82' lang='lat' dir='ltr'><strong>aesti-</strong></span> 
     </span>
     <span class='ocr_line' id='line_1_39' title="bbox 3306 1303 3361 2826; textangle 90"><span class='ocrx_word' id='word_1_223' title='bbox 3322 2701 3349 2826; x_wconf 87' lang='lat' dir='ltr'><strong>mans</strong></span> <span class='ocrx_word' id='word_1_224' title='bbox 3311 2500 3361 2672; x_wconf 85' lang='lat' dir='ltr'><strong>patrem</strong></span> <span class='ocrx_word' id='word_1_225' title='bbox 3320 2343 3346 2471; x_wconf 90' lang='lat' dir='ltr'><strong>suum</strong></span> <span class='ocrx_word' id='word_1_226' title='bbox 3306 2155 3347 2313; x_wconf 89' lang='lat' dir='ltr'><strong>obisse.</strong></span> <span class='ocrx_word' id='word_1_227' title='bbox 3306 2012 3347 2094; x_wconf 87' lang='lat' dir='ltr'><strong>Cui</strong></span> <span class='ocrx_word' id='word_1_228' title='bbox 3306 1756 3347 1974; x_wconf 82' lang='lat' dir='ltr'><strong>Periboea</strong></span> <span class='ocrx_word' id='word_1_229' title='bbox 3308 1658 3347 1711; x_wconf 91' lang='lat' dir='ltr'><strong>de</strong></span> <span class='ocrx_word' id='word_1_230' title='bbox 3307 1537 3348 1629; x_wconf 90' lang='lat' dir='ltr'><strong>eius</strong></span> <span class='ocrx_word' id='word_1_231' title='bbox 3307 1303 3360 1509; x_wconf 86' lang='lat' dir='ltr'><strong>supposi-</strong></span> 
     </span>
     <span class='ocr_line' id='line_1_40' title="bbox 3376 2352 3431 2825; textangle 90"><span class='ocrx_word' id='word_1_232' title='bbox 3378 2709 3419 2825; x_wconf 83' lang='lat' dir='ltr'><strong>tione</strong></span> <span class='ocrx_word' id='word_1_233' title='bbox 3379 2530 3431 2679; x_wconf 83' lang='lat' dir='ltr'><strong>palam</strong></span> <span class='ocrx_word' id='word_1_234' title='bbox 3376 2352 3417 2500; x_wconf 80' lang='lat' dir='ltr'><strong>fecit.&#39;⁷</strong></span> 
     </span>
    </p>

    <p class='ocr_par' dir='ltr' id='par_1_16' title="bbox 3443 1299 3784 2935">
     <span class='ocr_line' id='line_1_41' title="bbox 3443 1302 3502 2935; textangle 90"><span class='ocrx_word' id='word_1_235' title='bbox 3448 2857 3502 2935; x_wconf 27' lang='grc' dir='ltr'><strong>ῆιῆι)</strong></span> <span class='ocrx_word' id='word_1_236' title='bbox 3448 2756 3489 2825; x_wconf 89' lang='lat' dir='ltr'><strong>Cf.</strong></span> <span class='ocrx_word' id='word_1_237' title='bbox 3447 2643 3488 2727; x_wconf 92' lang='lat' dir='ltr'><strong>Dio</strong></span> <span class='ocrx_word' id='word_1_238' title='bbox 3452 2504 3489 2611; x_wconf 85' lang='lat' dir='ltr'><strong>orat.</strong></span> <span class='ocrx_word' id='word_1_239' title='bbox 3448 2398 3489 2471; x_wconf 84' lang='lat' dir='ltr'><strong>XI.</strong></span> <span class='ocrx_word' id='word_1_240' title='bbox 3462 2324 3501 2365; x_wconf 91' lang='lat' dir='ltr'><strong>p.</strong></span> <span class='ocrx_word' id='word_1_241' title='bbox 3446 2210 3487 2291; x_wconf 84' lang='lat'><strong>150</strong></span> <span class='ocrx_word' id='word_1_242' title='bbox 3460 2065 3499 2179; x_wconf 89' lang='lat' dir='ltr'><strong>seq.:</strong></span> <span class='ocrx_word' id='word_1_243' title='bbox 3443 1929 3488 2033; x_wconf 81' lang='grc' dir='ltr'><em>δέον</em></span> <span class='ocrx_word' id='word_1_244' title='bbox 3446 1792 3495 1897; x_wconf 82' lang='grc' dir='ltr'><em>ἴσως</em></span> <span class='ocrx_word' id='word_1_245' title='bbox 3443 1473 3501 1762; x_wconf 76' lang='grc' dir='ltr'><em>ἐπικρύπτειν</em></span> <span class='ocrx_word' id='word_1_246' title='bbox 3446 1302 3488 1444; x_wconf 81' lang='grc' dir='ltr'><em>τοῦτο</em></span> 
     </span>
     <span class='ocr_line' id='line_1_42' title="bbox 3512 1302 3573 2829; textangle 90"><span class='ocrx_word' id='word_1_247' title='bbox 3512 2799 3572 2829; x_wconf 79' lang='grc' dir='ltr'><em>ἢ</em></span> <span class='ocrx_word' id='word_1_248' title='bbox 3518 2580 3571 2769; x_wconf 83' lang='grc' dir='ltr'><em>ποιῆσαι</em></span> <span class='ocrx_word' id='word_1_249' title='bbox 3515 2359 3572 2550; x_wconf 87' lang='grc' dir='ltr'><em>νόμιμον</em></span> <span class='ocrx_word' id='word_1_250' title='bbox 3521 2235 3565 2330; x_wconf 84' lang='grc' dir='ltr'><em>τοῖς</em></span> <span class='ocrx_word' id='word_1_251' title='bbox 3517 1971 3573 2203; x_wconf 83' lang='grc' dir='ltr'><em>Θηβαίοις,</em></span> <span class='ocrx_word' id='word_1_252' title='bbox 3517 1763 3573 1942; x_wconf 71' lang='grc' dir='ltr'><em>πρῶτον</em></span> <span class='ocrx_word' id='word_1_253' title='bbox 3515 1660 3571 1741; x_wconf 79' lang='grc' dir='ltr'><strong>μὲν</strong></span> <span class='ocrx_word' id='word_1_254' title='bbox 3516 1502 3557 1640; x_wconf 78' lang='grc' dir='ltr'><em>πᾶσιν</em></span> <span class='ocrx_word' id='word_1_255' title='bbox 3514 1302 3570 1487; x_wconf 79' lang='grc' dir='ltr'><em>ἐποίησε</em></span> 
     </span>
     <span class='ocr_line' id='line_1_43' title="bbox 3581 1306 3644 2827; textangle 90"><span class='ocrx_word' id='word_1_256' title='bbox 3586 2603 3644 2827; x_wconf 75' lang='grc' dir='ltr'><em>φανερόν,</em></span> <span class='ocrx_word' id='word_1_257' title='bbox 3586 2405 3630 2559; x_wconf 73' lang='grc' dir='ltr'><em>ἔπειτα</em></span> <span class='ocrx_word' id='word_1_258' title='bbox 3584 2130 3643 2376; x_wconf 76' lang='grc' dir='ltr'><em>ἠγανάκτει</em></span> <span class='ocrx_word' id='word_1_259' title='bbox 3587 2024 3629 2100; x_wconf 83' lang='grc' dir='ltr'><em>καὶ</em></span> <span class='ocrx_word' id='word_1_260' title='bbox 3586 1884 3643 1994; x_wconf 81' lang='grc' dir='ltr'><em>ἐβόα</em></span> <span class='ocrx_word' id='word_1_261' title='bbox 3586 1660 3642 1857; x_wconf 81' lang='grc' dir='ltr'><em>μεγάλα,</em></span> <span class='ocrx_word' id='word_1_262' title='bbox 3582 1544 3629 1614; x_wconf 74' lang='grc' dir='ltr'><strong>ὅτι</strong></span> <span class='ocrx_word' id='word_1_263' title='bbox 3587 1423 3629 1514; x_wconf 76' lang='grc' dir='ltr'><strong>τῶν</strong></span> <span class='ocrx_word' id='word_1_264' title='bbox 3581 1306 3628 1392; x_wconf 74' lang='grc' dir='ltr'><em>αὔ-</em></span> 
     </span>
     <span class='ocr_line' id='line_1_44' title="bbox 3654 1299 3714 2829; textangle 90"><span class='ocrx_word' id='word_1_265' title='bbox 3659 2738 3701 2829; x_wconf 79' lang='grc' dir='ltr'><strong>τῶν</strong></span> <span class='ocrx_word' id='word_1_266' title='bbox 3658 2550 3714 2699; x_wconf 83' lang='grc' dir='ltr'><em>πατήρ</em></span> <span class='ocrx_word' id='word_1_267' title='bbox 3657 2464 3701 2513; x_wconf 78' lang='grc' dir='ltr'><em>τέ</em></span> <span class='ocrx_word' id='word_1_268' title='bbox 3657 2334 3702 2423; x_wconf 78' lang='grc' dir='ltr'><em>ἐστι</em></span> <span class='ocrx_word' id='word_1_269' title='bbox 3658 2214 3701 2289; x_wconf 85' lang='grc' dir='ltr'><em>καὶ</em></span> <span class='ocrx_word' id='word_1_270' title='bbox 3655 1971 3713 2169; x_wconf 69' lang='grc' dir='ltr'><em>ἁδελφὸς</em></span> <span class='ocrx_word' id='word_1_271' title='bbox 3656 1856 3700 1931; x_wconf 79' lang='grc' dir='ltr'><em>καὶ</em></span> <span class='ocrx_word' id='word_1_272' title='bbox 3659 1732 3712 1812; x_wconf 83' lang='grc' dir='ltr'><strong>τῆς</strong></span> <span class='ocrx_word' id='word_1_273' title='bbox 3655 1546 3713 1690; x_wconf 78' lang='grc' dir='ltr'><em>αὐτῆς</em></span> <span class='ocrx_word' id='word_1_274' title='bbox 3654 1299 3711 1519; x_wconf 69' lang='grc' dir='ltr'><em>γυναικὸς</em></span> 
     </span>
     <span class='ocr_line' id='line_1_45' title="bbox 3726 2460 3784 2827; textangle 90"><span class='ocrx_word' id='word_1_275' title='bbox 3726 2711 3784 2827; x_wconf 73' lang='grc' dir='ltr'><em>ἀνὴρ</em></span> <span class='ocrx_word' id='word_1_276' title='bbox 3730 2605 3771 2679; x_wconf 79' lang='grc' dir='ltr'><em>καὶ</em></span> <span class='ocrx_word' id='word_1_277' title='bbox 3729 2460 3773 2574; x_wconf 74' lang='grc' dir='ltr'>υἱός.</span> 
     </span>
    </p>

    <p class='ocr_par' dir='ltr' id='par_1_17' title="bbox 3797 1369 3853 2961">
     <span class='ocr_line' id='line_1_46' title="bbox 3797 1369 3853 2961; textangle 90"><span class='ocrx_word' id='word_1_278' title='bbox 3799 2852 3853 2961; x_wconf 37' lang='grc' dir='ltr'><strong>ΧΗ)</strong></span> <span class='ocrx_word' id='word_1_279' title='bbox 3800 2595 3841 2823; x_wconf 83' lang='lat' dir='ltr'><strong>Fortasse:</strong></span> <span class='ocrx_word' id='word_1_280' title='bbox 3801 2484 3852 2563; x_wconf 82' lang='lat' dir='ltr'><strong>„ld</strong></span> <span class='ocrx_word' id='word_1_281' title='bbox 3800 2351 3841 2457; x_wconf 91' lang='lat' dir='ltr'><strong>item</strong></span> <span class='ocrx_word' id='word_1_282' title='bbox 3799 2192 3848 2320; x_wconf 80' lang='lat' dir='ltr'><strong>alius,</strong></span> <span class='ocrx_word' id='word_1_283' title='bbox 3812 2030 3839 2162; x_wconf 88' lang='lat' dir='ltr'><strong>senex</strong></span> <span class='ocrx_word' id='word_1_284' title='bbox 3798 1929 3852 2001; x_wconf 88' lang='lat' dir='ltr'><strong>qui</strong></span> <span class='ocrx_word' id='word_1_285' title='bbox 3813 1800 3839 1900; x_wconf 90' lang='lat' dir='ltr'><strong>eum</strong></span> <span class='ocrx_word' id='word_1_286' title='bbox 3797 1480 3853 1769; x_wconf 86' lang='lat' dir='ltr'><strong>exposuerat&#39;&#39;</strong></span> <span class='ocrx_word' id='word_1_287' title='bbox 3801 1369 3839 1451; x_wconf 74' lang='lat' dir='ltr'><strong>etc.</strong></span> 
     </span>
    </p>

    <p class='ocr_par' dir='ltr' id='par_1_18' title="bbox 3868 1298 4273 2959">
     <span class='ocr_line' id='line_1_47' title="bbox 3868 1298 3924 2959; textangle 90"><span class='ocrx_word' id='word_1_288' title='bbox 3870 2852 3923 2959; x_wconf 74' lang='lat'><strong>&#39;***)</strong></span> <span class='ocrx_word' id='word_1_289' title='bbox 3872 2679 3924 2821; x_wconf 81' lang='lat' dir='ltr'><strong>Quem</strong></span> <span class='ocrx_word' id='word_1_290' title='bbox 3871 2480 3911 2650; x_wconf 87' lang='lat' dir='ltr'><strong>Welck.</strong></span> <span class='ocrx_word' id='word_1_291' title='bbox 3886 2397 3924 2438; x_wconf 89' lang='lat' dir='ltr'><strong>p.</strong></span> <span class='ocrx_word' id='word_1_292' title='bbox 3869 2233 3911 2356; x_wconf 77' lang='lat'>1328.</span> <span class='ocrx_word' id='word_1_293' title='bbox 3883 2013 3910 2191; x_wconf 86' lang='lat' dir='ltr'><strong>versum</strong></span> <span class='ocrx_word' id='word_1_294' title='bbox 3883 1922 3910 1975; x_wconf 85' lang='lat' dir='ltr'><strong>ex</strong></span> <span class='ocrx_word' id='word_1_295' title='bbox 3869 1706 3911 1882; x_wconf 88' lang='lat' dir='ltr'><strong>Sueton.</strong></span> <span class='ocrx_word' id='word_1_296' title='bbox 3870 1573 3910 1665; x_wconf 80' lang='lat' dir='ltr'><strong>vita</strong></span> <span class='ocrx_word' id='word_1_297' title='bbox 3868 1380 3910 1538; x_wconf 77' lang='lat' dir='ltr'><strong>Neron.</strong></span> <span class='ocrx_word' id='word_1_298' title='bbox 3882 1298 3908 1340; x_wconf 79' lang='lat' dir='ltr'><strong>c.</strong></span> 
     </span>
     <span class='ocr_line' id='line_1_48' title="bbox 3937 1301 3994 2828; textangle 90"><span class='ocrx_word' id='word_1_299' title='bbox 3939 2758 3984 2828; x_wconf 86' lang='lat'><strong>46.</strong></span> <span class='ocrx_word' id='word_1_300' title='bbox 3941 2546 3994 2727; x_wconf 86' lang='lat' dir='ltr'><strong>petitum</strong></span> <span class='ocrx_word' id='word_1_301' title='bbox 3939 2385 3980 2518; x_wconf 87' lang='lat' dir='ltr'><strong>huius</strong></span> <span class='ocrx_word' id='word_1_302' title='bbox 3939 2269 3981 2355; x_wconf 86' lang='lat' dir='ltr'><strong>loci</strong></span> <span class='ocrx_word' id='word_1_303' title='bbox 3940 2072 3994 2242; x_wconf 88' lang='lat' dir='ltr'><strong>putavit</strong></span> <span class='ocrx_word' id='word_1_304' title='bbox 3954 1915 3990 2034; x_wconf 85' lang='lat' dir='ltr'><strong>esse,</strong></span> <span class='ocrx_word' id='word_1_305' title='bbox 3954 1768 3980 1868; x_wconf 88' lang='lat' dir='ltr'><strong>eum</strong></span> <span class='ocrx_word' id='word_1_306' title='bbox 3954 1642 3980 1726; x_wconf 91' lang='lat' dir='ltr'><strong>non</strong></span> <span class='ocrx_word' id='word_1_307' title='bbox 3939 1465 3979 1601; x_wconf 86' lang='lat' dir='ltr'><strong>fuisse</strong></span> <span class='ocrx_word' id='word_1_308' title='bbox 3937 1301 3979 1435; x_wconf 85' lang='lat' dir='ltr'><strong>huius</strong></span> 
     </span>
     <span class='ocr_line' id='line_1_49' title="bbox 4008 1304 4064 2823; textangle 90"><span class='ocrx_word' id='word_1_309' title='bbox 4010 2613 4051 2823; x_wconf 83' lang='lat' dir='ltr'><strong>dramatis</strong></span> <span class='ocrx_word' id='word_1_310' title='bbox 4010 2342 4051 2574; x_wconf 87' lang='lat' dir='ltr'><strong>Suetonius</strong></span> <span class='ocrx_word' id='word_1_311' title='bbox 4010 2183 4051 2289; x_wconf 87' lang='lat' dir='ltr'><strong>satis</strong></span> <span class='ocrx_word' id='word_1_312' title='bbox 4008 1898 4064 2139; x_wconf 87' lang='lat' dir='ltr'><strong>perspicuis</strong></span> <span class='ocrx_word' id='word_1_313' title='bbox 4009 1704 4050 1851; x_wconf 85' lang='lat' dir='ltr'><strong>verbis</strong></span> <span class='ocrx_word' id='word_1_314' title='bbox 4010 1571 4064 1664; x_wconf 89' lang='lat' dir='ltr'><strong>ipse</strong></span> <span class='ocrx_word' id='word_1_315' title='bbox 4009 1304 4050 1525; x_wconf 81' lang='lat' dir='ltr'><strong>declarat:</strong></span> 
     </span>
     <span class='ocr_line' id='line_1_50' title="bbox 4079 1303 4134 2821; textangle 90"><span class='ocrx_word' id='word_1_316' title='bbox 4081 2666 4121 2821; x_wconf 82' lang='lat' dir='ltr'><strong>exsul</strong></span> <span class='ocrx_word' id='word_1_317' title='bbox 4080 2514 4122 2628; x_wconf 87' lang='lat' dir='ltr'><strong>enim</strong></span> <span class='ocrx_word' id='word_1_318' title='bbox 4080 2296 4133 2489; x_wconf 87' lang='lat' dir='ltr'><strong>Oedipus</strong></span> <span class='ocrx_word' id='word_1_319' title='bbox 4079 2183 4121 2266; x_wconf 85' lang='lat' dir='ltr'><strong>fuit</strong></span> <span class='ocrx_word' id='word_1_320' title='bbox 4079 2099 4133 2154; x_wconf 85' lang='lat' dir='ltr'><strong>is,</strong></span> <span class='ocrx_word' id='word_1_321' title='bbox 4094 1933 4133 2062; x_wconf 90' lang='lat' dir='ltr'><strong>quem</strong></span> <span class='ocrx_word' id='word_1_322' title='bbox 4080 1649 4134 1895; x_wconf 83' lang='lat' dir='ltr'><strong>Sophocles</strong></span> <span class='ocrx_word' id='word_1_323' title='bbox 4080 1303 4120 1608; x_wconf 83' lang='lat' dir='ltr'><strong>Coloneum</strong></span> 
     </span>
     <span class='ocr_line' id='line_1_51' title="bbox 4148 1301 4206 2823; textangle 90"><span class='ocrx_word' id='word_1_324' title='bbox 4148 2560 4202 2823; x_wconf 84' lang='lat' dir='ltr'><strong>nominavit,</strong></span> <span class='ocrx_word' id='word_1_325' title='bbox 4149 2307 4203 2530; x_wconf 83' lang='lat' dir='ltr'><strong>Euripidis</strong></span> <span class='ocrx_word' id='word_1_326' title='bbox 4156 2140 4192 2286; x_wconf 85' lang='lat' dir='ltr'><strong>autem</strong></span> <span class='ocrx_word' id='word_1_327' title='bbox 4151 1953 4194 2109; x_wconf 84' lang='lat' dir='ltr'><strong>drama</strong></span> <span class='ocrx_word' id='word_1_328' title='bbox 4154 1700 4206 1933; x_wconf 81' lang='lat' dir='ltr'><strong>tyrannum</strong></span> <span class='ocrx_word' id='word_1_329' title='bbox 4149 1463 4204 1680; x_wconf 86' lang='lat' dir='ltr'><strong>Oedipum</strong></span> <span class='ocrx_word' id='word_1_330' title='bbox 4180 1435 4200 1447; x_wconf 84' lang='grc'><em>,</em></span> <span class='ocrx_word' id='word_1_331' title='bbox 4161 1301 4190 1387; x_wconf 89' lang='lat' dir='ltr'><strong>non</strong></span> 
     </span>
     <span class='ocr_line' id='line_1_52' title="bbox 4209 1929 4273 2821; textangle 90"><span class='ocrx_word' id='word_1_332' title='bbox 4219 2612 4271 2821; x_wconf 80' lang='lat' dir='ltr'><strong>exsulem,</strong></span> <span class='ocrx_word' id='word_1_333' title='bbox 4221 2213 4273 2588; x_wconf 84' lang='lat' dir='ltr'><strong>repraesentabat·</strong></span> <span class='ocrx_word' id='word_1_334' title='bbox 4209 2110 4220 2120; x_wconf 54' lang='lat'><em>⁶</em></span> <span class='ocrx_word' id='word_1_335' title='bbox 4227 1929 4230 1932; x_wconf 82' lang='grc'><strong>’</strong></span> 
     </span>
    </p>
   </div>
   <div class='ocr_carea' id='block_1_12' title="bbox 3795 772 4356 776">
    <p class='ocr_par' dir='ltr' id='par_1_19' title="bbox 3795 772 4356 776">
     <span class='ocr_line' id='line_1_53' title="bbox 3795 772 4356 776; textangle 90"><span class='ocrx_word' id='word_1_336' title='bbox 3795 772 4356 776; x_wconf 95' lang='lat' dir='ltr'><strong> </strong></span> 
     </span>
    </p>
   </div>
  </div>
 </body>
</html>
