5010 3336
3954 2076 4008 2197 16&

3810 1283 3875 1610 maritumque
3823 1645 3873 1752 eius
3801 1789 3868 2076 exagitavit,
3799 2127 3846 2221 qua
3796 2268 3861 2425 ipsius
3803 2473 3839 2652 nomen
3785 2698 3848 2983 turpissime

3731 1284 3796 1568 depravavit
3731 1582 3797 1662 *)‚
3726 1698 3790 1939 flagitium
3719 1977 3784 2226 mulieris,
3732 2262 3779 2303 si
3727 2340 3777 2491 ullum
3711 2526 3773 2732 fuisset,
3715 2770 3765 2982 omissu-

3668 1281 3700 1388 rum
3665 1426 3715 1582 fuisse
3648 1619 3706 1886 putamus?
3654 1958 3705 2161 Scilicet
3635 2196 3695 2539 opportunitas
3627 2578 3690 2736 stupri
3636 2764 3672 2979 comme-

3588 1280 3635 1504 morandi
3585 1536 3632 1668 nulla
3579 1716 3629 1921 dabatur
3575 1968 3608 2026 eo
3559 2071 3622 2210 loco,
3555 2268 3601 2362 quo
3563 2418 3616 2709 foedissima
3543 2755 3593 2980 quaeque

3507 1276 3556 1539 mulierum
3501 1585 3554 1804 facinora
3491 1850 3537 2185 recensentur.
3489 2276 3538 2359 Sin
3469 2405 3535 2646 fingamus
3475 2700 3528 2981 Choerillae

3428 1275 3461 1454 nomen
3424 1509 3458 1619 cum
3418 1670 3471 1948 Melittonis
3400 1994 3454 2329 permutatum
3407 2380 3439 2492 6886
3406 2543 3436 2568 3
3378 2628 3444 2977 grammaticis,

3335 1275 3382 1483 quorum
3344 1521 3391 1670 verba
3324 1708 3373 1856 supra
3320 1892 3383 2178 posuimus3
3330 2217 3376 2255 si
3325 2286 3360 2533 sumamus
3318 2571 3372 2845 Melittonis
3315 2885 3363 2977 im-

3254 1273 3316 1563 pudicitiam
3261 1599 3295 1823 caussam
3256 1860 3306 2018 fuisse
3234 2052 3302 2315 Hippolyti
3244 2352 3295 2546 fabulae
3226 2584 3287 2890 scribendae,
3234 2928 3278 2978 et

3175 1270 3233 1536 posteriori
3181 1599 3232 1801 demum
3160 1862 3219 2114 tempore,
3150 2177 3219 2708 'l'licsmophoriazusis
3156 2767 3205 2863 iam
3153 2925 3202 2974 111

3108 1270 3157 1466 11163110
3088 1515 3153 1777 exhibitis,
3094 1837 3146 2139 Cliocrillam
3091 2189 3121 2214 a
3067 2262 3136 2665 Cephisophonte
3060 2703 3120 2974 stupratam

3016 1268 3063 1397 6886,
3025 1433 3074 1579 11111118
3020 1616 3065 1780 autem
3018 1818 3063 2038 mulieris
3012 2073 3061 2277 libidine
3005 2317 3054 2500 tactum
2990 2540 3032 2684 esse,
2998 2724 3038 2777 ut
2996 2813 3027 2840 e
2979 2876 3025 2973 pa-

2951 1265 2997 1356 tria
2930 1392 2995 1658 Euripides
2937 1697 2988 1991 decederet:
2932 2039 2976 2253 aetatem
2914 2302 2978 2457 ipsam
2919 2512 2967 2731 mulieris
2914 2781 2964 2972 libidini

2866 1265 2918 1519 obstitisse
2861 1554 2910 1847 videbimus.
2857 1918 2906 2045 Tres
2851 2083 2900 2214 enim
2850 2252 2881 2312 ex
2842 2361 2895 2606 Choerilla
2824 2644 2886 2790 filios,
2820 2824 2876 2970 patre

2790 1262 2822 1359 non
2772 1394 2836 1648 indignos,
2763 1706 2829 1933 Euripidi
2772 1971 2821 2187 sublatos
2769 2226 2802 2337 esse
2758 2387 2808 2715 consentienti
2740 2753 2801 2969 scripto-

2710 1261 2743 1367 rum
2703 1419 2753 1705 testimonio
2698 1751 2746 1984 traditum
2693 2035 2734 2112 681
2677 2138 2741 2248 **):
2674 2315 2719 2525 quorum
2678 2576 2728 2803 minimus
2673 2849 2717 2967 natu

2628 1260 2678 1479 dramata
2610 1515 2670 1672 patris
2620 1709 2668 1890 docere
2598 1928 2660 2091 coepit
2613 2130 2660 2207 01.
2595 2245 2654 2390 9:3‚4.
2605 2428 2637 2551 anno
2580 2588 2647 2819 404202037.
2594 2890 2641 2966 ΕΟ

2536 1258 2601 1400 igitur
2528 1436 2590 1662 tempore
2540 1698 2589 1836 illum
2521 1876 2584 2073 triginta
2527 2119 2563 2353 annorum
2523 2408 2573 2565 fuisse
2517 2616 2553 2820 necesse
2500 2871 2556 2964 est,

2452 1255 2511 1524 natumque
2459 1572 2508 1784 eundem
2455 1837 2506 1992 fuisse
2451 2042 2483 2166 anno
2446 2213 2493 2325 4:34.
2443 2398 2492 2544 Unde
2437 2597 2479 2804 matrem
2431 2856 2481 2964 eius

2373 1254 2439 1484 Euripidi
2366 1531 2427 1761 nupsisse
2375 1815 2414 1927 ante
2371 1979 2404 2155 annum
2364 2192 2413 2306 440.
2365 2345 2411 2421 vcl
2362 2471 2411 2548 Ol.
2350 2577 2405 2716 8454.
2350 2754 2385 2962 11606886

2310 1255 2351 1344 681.
2305 1415 2353 1555 Anno
2300 1592 2343 1752 autem
2295 1785 2343 1897 407.
2294 1936 2339 2011 vel
2291 2047 2337 2161 408.
2269 2205 2335 2494 Euripidem
2281 2531 2328 2579 in
2270 2614 2325 2959 Macedoniam

2223 1254 2272 1562 concessisse
2217 1600 2261 1806 constat.
2197 1876 2263 2011 Ergo
2195 2050 2259 2314 Choerilla,
2189 2358 2235 2452 qno
2184 2480 2243 2704 tempore
2178 2731 2235 2958 stuprum

2134 1251 2180 1398 passa
2144 1434 2176 1546 esse
2125 1582 2189 1810 fingitur,
2120 1866 2182 1975 plus
2112 2014 2178 2361 quinquaginta
2121 2398 2154 2546 annos
2116 2597 2158 2707 nata
2111 2754 2154 2861 crat
2108 2910 2151 2959 et

2055 1250 2116 1360 111118
2051 1396 2113 1598 triginta
2058 1641 2091 1793 3111108
2053 1840 2102 1990 fidem
2045 2028 2094 2320 111311111101111
2024 2354 2090 2690 incorruptam
2028 2728 2066 2954 servave-

1989 1247 2031 1338 rat.
1981 1408 2034 1633 Hoccine
1974 1652 2024 1891 credibile
1971 1917 2017 2033 est?
1952 2084 2017 2347 Purgatam
1946 2373 2009 2524 igitur
1954 2552 2003 2752 crimine
1948 2782 1999 2953 Choe-

1907 1247 1957 1408 rillam
1902 1445 1936 1556 esse
1879 1591 1947 1839 intelligis.
1875 1909 1941 2223 Relinquitur
1882 2257 1932 2456 Melitto
1876 2495 1926 2682 crimini
1863 2720 1919 2951 obnoxia.

1826 1246 1878 1419 Potest
1821 1454 1869 1581 enim
1814 1620 1866 1870 Choerilla
1797 1907 1858 2068 paullo
1793 2105 1849 2232 post,
1789 2272 1835 2414 quam
1798 2451 1848 2614 fabula
1774 2652 1841 2949 Aristopha-

1748 1243 1795 1320 nis
1743 1358 1794 1505 docta
1727 1541 1779 1662 erat,
1737 1702 1768 1730 e
1733 1763 1781 1861 vita
1714 1898 1778 2220 discessisse;
1708 2258 1763 2426 potest
1718 2463 1767 2604 dolor
1700 2629 1759 2812 probae
1707 2839 1740 2948 mu-

1653 1241 1716 1376 lieri„
1648 1427 1694 1576 quum
1658 1622 1701 1673 et
1655 1721 1687 1775 se
1653 1822 1694 1873 et
1636 1906 1693 2099 patrem
1647 2138 1688 2189 et
1640 2224 1688 2452 maritum
1640 2491 1670 2517 3
1621 2553 1676 2699 poeta
1614 2734 1678 2948 impudi—

1584 1241 1635 1439 cissimo
1565 1468 1629 1666 indigne
1571 1691 1619 1932 tractatos
1569 1965 1602 2076 6886
1550 2100 1613 2382 audivisset,
1555 2420 1598 2629 mortem
1537 2661 1590 2946 praematu-

1506 1239 1537 1344 ram
1488 1380 1549 1635 attulisse,
1479 1686 1527 1842 eaque
1487 1886 1538 2119 defuncta
1482 2166 1533 2366 Melitto
1480 2413 1510 2437 a
1462 2475 1516 2647 poeta,
1456 2694 1516 2943 grandiori

1416 1238 1468 1372 natu,
1420 1413 1469 1559 ducta
1417 1593 1465 1641 in
1409 1678 1459 2043 matrimonium
1405 2080 1438 2208 esse.
1385 2277 1450 2452 Neque
1381 2488 1442 2665 1111161,
1391 2704 1437 2746 81
1386 2782 1435 2940 minus

1341 1237 1394 1485 delectata
1338 1533 1386 1596 sit
1318 1646 1383 1784 virgo
1329 1830 1376 2003 marito
1326 2059 1370 2109 et
1324 2145 1357 2263 86116
1322 2300 1364 2349 61
1319 2382 1365 2457 rei
1310 2491 1364 2747 familiaris
1290 2784 1354 2940 negli-

1198 1317 1249 1353 *)
1206 1385 1249 1514 Facit
1203 1544 1244 1659 enim
1194 1700 1242 2027 Mnesilochum
1179 2071 1229 2246 patrem

1125 1371 1178 1437 (v.
1121 1468 1178 1610 2890:

1063 1483 1105 1562 καὶ
1050 1590 1107 1674 τήν
1041 1703 1100 1941 θυγατέρα
1036 1971 1091 2195 Χοῖρον
1033 2225 1092 2394 ἀνδρός
1029 2425 1067 2504 μοι
1025 2536 1076 2688 τυχεῖν

977 1480 1031 1808 πλουτοῦντος,
976 1839 1030 1983 ἄλλως
980 2010 1026 2050 τ’
967 2080 1021 2270 ἠλιθίου
958 2300 1020 2587 κᾶβελτέρου.

914 1274 968 1339 **)
912 1371 967 1550 Suidac‚
904 1570 962 1873 Moschopuli,
909 1901 954 2107 Thomac
896 2132 948 2212 M„
903 2236 947 2360 Vitae
900 2384 940 2480 cod.
895 2508 938 2654 IIavn.
894 2677 933 2720 ct
890 2742 936 2927 Mediol.

843 1242 898 1335 ***)
852 1365 896 1537 Fratris
848 1568 892 1710 filium
844 1739 889 1877 fuisse
841 1907 870 2019 unus
835 2049 875 2220 tantum
818 2258 873 2527 scriptorum
822 2557 866 2718 Suidas
809 2758 862 2926 reform

782 1369 825 1424 cf.
778 1456 823 1655 Bocckh.
775 1690 817 1744 dc
761 1774 802 1844 gr.
755 1875 811 1990 trag.
754 2022 809 2162 princ.
751 2193 791 2235 p.
759 2266 806 2364 225.

1182 2288 1228 2543 Choerillac
1166 2587 1212 2841 precantem
1171 2873 1213 2938 sic
