5010 3336
2520 3270 2561 3333 vm

1018 2134 1071 2209 31

1179 2805 1225 2991 remota
1170 2563 1220 2772 videntis
1175 2464 1214 2514 et
1167 2383 1213 2431 in
1166 2172 1210 2357 remota
1160 2033 1208 2138 loca
1173 1834 1204 1999 vocem
1155 1529 1214 1792 mittentis,
1153 1346 1215 1481 quasi

1270 2895 1303 2991 uno
1253 2740 1300 2847 loco
1256 2643 1297 2693 et
1251 2550 1295 2597 in
1247 2254 1307 2514 conspectu
1241 2146 1303 2219 agi
1239 1849 1285 2112 videantur.
1235 1555 1283 1781 Ceterum
1231 1344 1296 1517 cubilia

1333 2834 1380 2989 Rhesi
1330 2662 1393 2789 iungi
1324 2389 1374 2613 Hectoris
1320 2107 1367 2343 cubilibus
1314 1842 1379 2061 potuisse
1314 1685 1360 1797 inde
1312 1345 1374 1639 intelligitur,

1411 2859 1475 2989 quod
1416 2610 1457 2824 extremo
1410 2309 1452 2575 castrorum
1400 2166 1447 2273 loco
1397 2050 1445 2132 hic
1410 1833 1457 2026 quoque
1393 1545 1439 1808 collocatus
1391 1343 1438 1520 fuerat.

1491 2897 1537 2989 His
1489 2702 1552 2848 igitur
1484 2420 1533 2657 cubilibus
1498 2357 1527 2383 a
1480 2232 1526 2321 dea
1474 1886 1531 2197 monstratis,
1472 1623 1518 1843 contiuuo
1470 1341 1517 1577 duumviri

1570 2924 1616 2986 ad
1568 2658 1615 2877 Thraces
1580 2562 1611 2613 se
1560 2234 1617 2515 conferunt,
1555 1994 1620 2189 partitis
1550 1708 1613 1943 negotiiS,
1556 1604 1596 1658 ut
1550 1341 1595 1558 Rhesum

1664 2876 1694 2984 cum
1646 2612 1693 2842 militibus
1657 2438 1704 2579 quam
1637 2185 1702 2403 plurimis
1633 1891 1680 2148 Diomedes
1629 1522 1684 1855 interficeret,
1643 1335 1689 1485 equos

1732 2825 1774 2984 autem
1722 2525 1770 2789 abduceret
1721 2280 1781 2502 UlysseS.
1712 1912 1763 2214 Abeuntibus
1725 1723 1771 1875 paene
1709 1642 1754 1688 in
1723 1441 1754 1607 manus
1707 1334 1752 1406 in-

1804 2830 1852 2982 currit
1802 2644 1863 2800 Paris,
1800 2549 1848 2609 ad
1798 2288 1846 2514 Hectoris
1793 2090 1841 2250 cubile
1790 1836 1838 2056 tendens.
1788 1626 1834 1772 Cuius
1786 1328 1833 1588 adhibendi

1898 2783 1932 2980 caussae
1880 2524 1943 2747 Euripidi
1879 2327 1941 2491 plures
1876 2076 1921 2293 fuerunt.
1868 1793 1917 2010 Primum
1866 1619 1914 1745 enim
1866 1330 1927 1572 principes

1962 2766 2010 2981 hostium
1975 2564 2007 2730 omnes
1958 2482 2004 2529 in
1954 2180 2020 2447 periculum
1953 1896 1997 2145 incurrere
1947 1689 2009 1861 capitis
1945 1483 2003 1661 voluit,
1960 1329 2007 1448 quoa

2043 2851 2089 2979 niam
2039 2664 2086 2818 Dolon
2044 2569 2085 2618 et
2038 2416 2101 2523 ipse
2033 2163 2098 2373 optimos
2043 1910 2092 2128 quosque
2027 1782 2073 1877 suit
2024 1443 2072 1746 Graecorum
2039 1327 2071 1409 oc-

2122 2772 2169 2976 cisurus,
2117 2520 2167 2705 Deinde
2115 2190 2181 2485 periculum,
2110 2098 2155 2147 in
2123 1958 2169 2052 quo
2106 1717 2167 1923 Ulysses
2104 1323 2165 1683 Diomedesque

2201 2642 2259 2976 versabantur,
2194 2251 2243 2606 ostendendum
2188 2122 2236 2216 suit
2188 1998 2246 2085 sic,
2190 1910 2232 1965 ut
2199 1733 2248 1875 quam
2184 1491 2230 1700 maxima
2181 1322 2229 1455 solli—

2278 2760 2326 2973 citudine
2282 2421 2340 2724 spectatores
2273 2045 2319 2386 afficerentur:
2266 1884 2312 2013 venit
2263 1722 2310 1850 enim
2263 1555 2310 1688 Paris
2267 1320 2324 1521 propter

2372 2730 2404 2975 rumorem
2371 2472 2417 2692 sparsum
2349 2075 2415 2435 speculatorum
2345 1990 2391 2039 in
2347 1798 2390 1955 castra
2341 1403 2403 1765 ingressorum,
2346 1319 2388 1369 et

2440 2680 2499 2971 conspectos
2436 2539 2481 2645 illos
2448 2400 2480 2508 csse
2430 2256 2477 2375 dicit
2445 2204 2474 2229 a
2423 1895 2490 2182 quibusdam
2421 1656 2483 1870 vigilum,
2419 1513 2477 1619 sed,
2420 1318 2483 1477 prius-

2530 2827 2578 2970 quam
2515 2674 2575 2778 capi
2516 2402 2577 2629 possent,
2510 2186 2555 2355 turbae
2504 1897 2551 2140 immixtos
2517 1827 2547 1853 e
2505 1526 2563 1791 conspectu
2499 1316 2548 1491 abisse.

2592 2750 2655 2971 Denique
2592 2607 2638 2717 ideo
2586 2231 2653 2574 producendus
2585 2103 2631 2197 fuit
2582 1954 2630 2068 belli
2585 1735 2639 1921 auctor,
2584 1646 2625 1703 ut
2578 1316 2640 1612 intelligere—

2678 2858 2733 2969 tur,
2676 2644 2734 2823 quanto
2668 2289 2717 2608 Troianorum
2679 2109 2727 2253 quam
2662 1781 2708 2081 Graecorum
2674 1578 2704 1748 caussa
2658 1411 2720 1550 peior
2673 1314 2703 1391 es—

2756 2890 2799 2966 set
2756 2568 2814 2841 quantoque
2748 2365 2795 2521 minus
2745 2174 2806 2317 digna
2742 1906 2788 2131 victoria:
2738 1810 2785 1858 id
2738 1629 2799 1758 quod
2737 1310 2784 1586 declaratur

2830 2775 2878 2966 Paridis
2829 2554 2884 2742 verbis,
2826 2343 2889 2518 quibus
2823 2218 2871 2308 sibi
2821 1892 2885 2183 gratulatur,
2817 1718 2881 1847 quod
2815 1442 2866 1685 Venerem
2815 1310 2862 1405 Mi*

2926 2772 2965 2965 nervae,
2909 2690 2956 2737 id
2911 2576 2955 2652 est
2906 2249 2968 2545 voluptatem
2900 2031 2957 2212 virtuti,
2897 1640 2961 1995 praeposuerit.
2897 1431 2944 1574 Hunc
2895 1309 2956 1397 igi-

2996 2884 3037 2962 tur
2988 2606 3036 2857 fallacibus
2983 2248 3047 2581 ambiguisque
2981 2064 3027 2224 verbis
2979 1799 3034 2036 Minerva,
2974 1519 3023 1762 Venerem
2991 1442 3021 1495 se
2990 1306 3021 1417 esse

3069 2702 3126 2959 simulans,
3065 2484 3128 2665 decipit
3068 2400 3110 2450 et
3079 2339 3109 2365 a
3059 2090 3122 2307 vestigiis
3056 1692 3121 2054 speculatorum
3054 1428 3102 1656 deducit:
3070 1305 3099 1390 ne-

3163 2862 3210 2958 que
3148 2735 3195 2830 hoc
3148 2544 3194 2700 solum
3142 2291 3207 2508 periculo
3139 1976 3187 2255 duumviros
3137 1741 3195 1940 liberat„
3134 1617 3181 1705 sed
3135 1408 3192 1581 etiam,
3132 1305 3178 1374 vi-

3226 2812 3289 2957 giles,
3242 2724 3272 2779 re
3224 2330 3277 2688 animadversa,
3226 2131 3266 2294 contra
3218 1986 3264 2095 illos
3216 1746 3263 1951 tendere
3214 1518 3273 1711 videns,
3216 1304 3269 1482 monet,

3310 2877 3365 2954 ut,
3306 2684 3351 2831 finem
3302 2413 3348 2651 facientes
3299 2123 3354 2376 caedibus,
3296 1914 3342 2074 occiso
3296 1786 3340 1879 iam
3293 1584 3340 1750 Rheso
3293 1301 3354 1549 captisque

3385 2784 3447 2952 equis,
3381 2512 3429 2736 celeriter
3377 2223 3438 2468 effugiant.
3374 1984 3433 2156 Neque
3379 1778 3418 1938 tamen
3387 1601 3417 1743 omne
3370 1301 3434 1567 periculum

3466 2848 3528 2954 ipsa
3460 2535 3526 2817 propulsat,
3458 2396 3516 2499 sed,
3454 2136 3517 2359 quoniam
3452 1945 3497 2100 sortes
3456 1724 3497 1910 tantum
3466 1662 3495 1688 a
3449 1434 3495 1629 fortuna
3448 1298 3494 1399 sive

3561 2924 3592 2952 a
3542 2798 3590 2891 diis
3538 2551 3589 2764 adiuvari
3534 2259 3602 2516 proverbio
3534 1971 3586 2224 dicuntur,
3529 1764 3576 1925 locum
3528 1488 3590 1717 relinquit
3527 1299 3574 1443 etiam

3622 2786 3671 2951 virtuti
3624 2702 3667 2751 et
3618 2451 3666 2667 consilio.
3610 1880 3678 2393 Appropiuquantibus
3608 1681 3671 1846 igitur,
3608 1517 3655 1645 sicut
3605 1295 3653 1482 monuit

3702 2826 3764 2949 dea,
3699 2543 3763 2792 vigilibus,
3711 2360 3758 2509 quum
3693 2058 3741 2325 timendum
3690 1934 3748 2022 sit,
3703 1808 3745 1896 ne,
3688 1623 3750 1759 equis
3686 1296 3748 1579 exuviisque

3779 2703 3845 2946 impediti,
3778 2530 3824 2670 ambo
3777 2446 3822 2495 in
3774 2203 3821 2413 hostium
3774 1877 3834 2167 potestatem
3768 1555 3832 1852 perveniant,
3764 1296 3827 1519 Ulysses.¹

3860 2778 3925 2945 spoliis
3857 2522 3904 2743 omnibus
3854 2271 3901 2498 Diomedi
3850 1975 3907 2236 concessis,
3852 1883 3895 1938 ut
3849 1794 3893 1850 ab
3847 1614 3894 1757 huius
3846 1424 3908 1587 specie
3845 1297 3890 1393 ani-

3955 2839 3987 2944 mos
3936 2593 3985 2806 hostium
3938 2351 3993 2558 avertat,
3932 2174 3979 2302 ultro
3945 2084 3976 2137 se
3928 1832 3992 2052 vigilibus
3927 1622 3983 1794 offert,
3929 1523 3971 1573 et
3923 1295 3984 1488 quidem

4018 2783 4065 2942 Rhesi
4032 2698 4063 2752 se
4015 2463 4063 2666 militem
4028 2318 4059 2428 esse
4008 2054 4068 2273 simulat,
4007 1949 4054 1997 in
4007 1778 4053 1913 cuius
4004 1504 4052 1741 cubilibus
4003 1293 4063 1468 depre-

4097 2759 4145 2941 hensns
4099 2634 4145 2726 est.
4094 2391 4158 2575 Captus
4090 2214 4153 2358 igitur
4103 2010 4151 2180 magno
4102 1865 4135 1974 cum
4085 1623 4133 1832 tumultu
4086 1536 4129 1589 et
4081 1291 4128 1502 clamore
