5010 3336
3878 2090 3935 2213 312

3731 1299 3795 1440 parte
3734 1466 3798 1755 sceleribuS,
3745 1784 3793 1844 ab
3742 1871 3793 2029 altera
3736 2051 3789 2311 virtutibus
3718 2334 3783 2529 positiS,
3726 2551 3779 2721 alteris
3717 2744 3759 2989 summum

3658 1297 3716 1495 odium,
3667 1550 3717 1720 alteris
3662 1756 3698 2003 summum
3657 2039 3692 2259 amorem
3649 2296 3699 2558 conciliare
3643 2595 3692 2778 studet.
3636 2846 3688 2991 Mera

3589 1296 3637 1427 enim
3588 1449 3637 1565 vitia
3588 1589 3630 1639 et
3585 1673 3619 1835 meras
3568 1859 3632 2045 laudes,
3577 2078 3627 2206 sicut
3561 2241 3622 2429 nigrum
3550 2462 3618 2727 albumque
3545 2756 3610 2989 colorem,

3493 1294 3541 1386 per
3509 1404 3541 1460 se
3492 1490 3556 1715 quilibet,
3490 1739 3550 1959 quamvis
3501 1984 3548 2050 sit
3494 2078 3547 2342 hebetibus
3489 2374 3536 2553 mentis
3473 2590 3532 2762 oculis,
3479 2802 3529 2989 discer-

3429 1292 3461 1413 nere
3412 1446 3470 1634 potest,
3409 1683 3459 1846 neque
3421 1883 3469 1994 talia
3416 2018 3467 2252 intuendo
3412 2284 3455 2367 aut
3404 2405 3459 2736 delectatione
3401 2772 3450 2870 ulla
3398 2905 3442 2990 aut

3348 1293 3398 1459 studio
3332 1479 3391 1825 cognoscendi,
3327 1849 3374 1944 quo
3323 1970 3387 2262 obscuritas,
3313 2282 3379 2575 ambiguitas
3304 2599 3371 2889 novitasque
3317 2907 3350 2988 re-

3269 1291 3303 1398 rum
3267 1423 3299 1512 nos
3253 1530 3315 1723 imbuit,
3259 1742 3306 1984 tenemur.
3256 2022 3307 2149 Tum
3255 2164 3301 2224 ad
3253 2241 3301 2335 odii
3230 2355 3296 2633 amorisque
3239 2654 3291 2886 affectum
3238 2909 3270 2988 sa-

3189 1289 3237 1356 tis
3186 1398 3231 1571 natura
3170 1599 3234 1706 ipsa
3182 1736 3216 1907 omnes
3164 1947 3223 2180 propensi
3157 2207 3206 2404 sumus,
3169 2441 3211 2495 ut
3162 2534 3212 2735 minime
3143 2771 3193 2895 opus
3156 2922 3205 2986 sit

3094 1287 3141 1440 opera
3090 1456 3149 1712 poetarum
3102 1742 3150 1803 ad
3101 1824 3150 1936 illos
3090 1961 3147 2285 incitantium.
3073 2318 3140 2618 Intelligere,
3081 2644 3131 2760 inte
3062 2787 3112 2986 quoque

3027 1286 3076 1469 cadere
3025 1502 3073 1651 animi
3004 1688 3069 2128 perturbationem,
3000 2164 3047 2258 qua
2993 2294 3057 2483 abrepti
2984 2522 3051 2877 obcoecatique
2996 2905 3045 2986 alii

2932 1286 2993 1617 peccaverint,
2929 1653 2992 1912 ignoscere
2926 1947 2986 2096 vitiis,
2921 2133 2967 2259 quae
2931 2295 2963 2357 ne
2929 2390 2961 2416 a
2926 2454 2971 2536 tua
2909 2574 2971 2774 quidem
2915 2811 2960 2984 natura

2868 1285 2917 1444 aliena
2866 1480 2898 1592 esse
2851 1629 2911 1912 arbitreris,
2842 1951 2906 2156 diligere
2853 2191 2895 2240 et
2847 2274 2897 2496 miserari
2843 2531 2891 2676 etiarn
2829 2716 2872 2818 eos,
2823 2857 2869 2981 quos

2773 1283 2835 1485 propria
2768 1523 2833 1664 culpa
2783 1699 2831 1748 in
2781 1784 2828 1911 mala
2775 1948 2826 2210 devenisse
2755 2246 2809 2503 appareat,
2760 2553 2811 2818 humanum
2744 2871 2799 2980 est3

2704 1282 2757 1587 humanitate
2701 1623 2745 1786 autem
2698 1824 2747 2011 animos
2683 2047 2744 2287 imbuere,
2687 2326 2736 2516 mollire
2679 2553 2733 2818 duritatem
2678 2855 2726 2979 feri-

2610 1282 2672 1535 tatemque
2605 1571 2672 1893 ingeniorum,
2601 1928 2659 2189 poetarum
2608 2227 2659 2450 officium
2605 2480 2647 2559 est
2589 2586 2650 2797 primum
2582 2834 2640 2980 atque

2530 1280 2593 1696 antiquissimum.

2464 1411 2512 1477 At
2461 1513 2494 1609 non
2458 1645 2506 1807 omnia
2440 1842 2501 2091 aequitate
2448 2127 2497 2275 animi
2430 2313 2489 2460 atque
2425 2496 2487 2852 tranquillitate
2422 2876 2483 2973 illa,

2371 1276 2419 1404 quae
2383 1437 2430 1497 ab
2382 1533 2429 1605 ira
2362 1641 2426 1906 studioque
2371 1943 2419 2101 aliena
2359 2138 2410 2232 est,
2366 2270 2413 2318 in
2364 2353 2411 2451 vita
2360 2488 2410 2698 humana
2343 2725 2403 2973 perficere

2305 1274 2349 1326 et
2304 1359 2352 1420 ad
2301 1460 2349 1642 exitum
2293 1681 2345 1929 adducere
2278 1964 2340 2117 licet,
2288 2171 2335 2258 sed
2282 2308 2333 2550 interdum
2279 2599 2328 2744 etiam
2274 2797 2323 2975 ardore

2209 1273 2269 1423 atque
2215 1459 2270 1843 inflammatione
2212 1879 2259 2026 animi
2193 2063 2241 2185 opus
2194 2224 2249 2329 est,
2189 2380 2235 2503 quae
2199 2549 2232 2644 non
2182 2683 2239 2849 potest
2194 2883 2226 2972 un-

2130 1272 2179 1418 quam
2125 1456 2188 1711 iniquitate
2134 1746 2184 1919 iudicii
2129 1955 2163 2144 vacare.
2116 2216 2176 2385 Velut,
2123 2423 2164 2475 ut
2104 2501 2165 2727 exemplo
2116 2755 2147 2859 rem
2115 2882 2147 2968 ex-

2050 1269 2112 1483 planem,
2045 1521 2091 1616 quo
2041 1650 2100 1877 tempore
2055 1902 2085 1927 a
2049 1952 2095 2251 nostratibus
2043 2284 2089 2549 evertendo
2025 2578 2072 2783 regnum
2020 2820 2067 2967 pere-

1970 1267 2033 1520 grinorum
1981 1556 2029 1605 in
1976 1641 2028 1918 libertatem
1955 1957 2019 2127 populi
1966 2175 2017 2452 vindicandi
1947 2502 2010 2733 fuerunt,
1940 2792 2002 2967 optimi

1889 1268 1953 1453 quique
1885 1488 1949 1824 probaverunt
1891 1857 1943 2085 ardorem
1886 2123 1937 2395 animorum
1865 2425 1931 2764 impetumque
1876 2793 1918 2843 et
1874 2864 1922 2966 odii

1808 1266 1871 1543 acritatem,
1806 1581 1852 1676 qua
1814 1712 1867 1937 homines
1810 1973 1845 2068 non
1809 2094 1857 2215 vitia
1795 2243 1850 2449 tantum,
1803 2488 1849 2575 sed
1798 2606 1847 2815 virtutes
1780 2837 1827 2964 quo-

1731 1265 1779 1363 que
1740 1398 1791 1619 hostium
1722 1670 1786 1837 inique
1728 1889 1781 2201 damnabant.
1723 2274 1775 2479 Talibus
1704 2534 1765 2839 temporibus
1698 2876 1746 2963 pa-

1664 1263 1698 1373 rum
1645 1420 1708 1521 apti
1658 1572 1701 1686 sunt
1638 1737 1687 2012 parumque
1647 2058 1696 2287 utilitatis
1642 2335 1692 2551 afferunt
1625 2598 1681 2773 poetae
1633 2806 1683 2963 instar

1582 1262 1633 1470 deorum
1564 1507 1629 1867 Epicureorum
1556 1905 1616 2151 tranquilli
1548 2188 1613 2567 sapientesque,
1558 2621 1607 2708 sed
1544 2758 1604 2819 ii,
1539 2878 1601 2961 qui

1489 1260 1538 1423 neque
1484 1458 1546 1670 partium
1494 1710 1541 1874 studia
1489 1910 1541 2165 fastidiant
1470 2199 1518 2359 neque
1482 2396 1528 2563 turbas
1458 2595 1526 2957 tumultumque

1411 1258 1474 1514 horreant,
1419 1567 1460 1618 et
1412 1669 1463 1955 efficaciora
1395 1991 1441 2135 quam
1404 2173 1450 2453 venustiora
1398 2498 1445 2713 carmina
1379 2748 1428 2956 compo-

1343 1258 1379 1380 nere
1338 1416 1387 1601 malint.
1335 1674 1384 1749 Ex
1332 1786 1381 1881 hoc
1316 1917 1363 2100 genere
1326 2135 1376 2230 fuit
1307 2265 1373 2562 Euripides,
1318 2616 1360 2666 et
1317 2699 1365 2788 tali
1314 2822 1359 2954 tem·-

1249 1256 1297 1379 pore
1259 1414 1309 1582 docuit
1250 1616 1304 1925 Heraclidas,

1175 1388 1227 1734 Aemulatione
1156 1769 1220 1970 impulsi
1151 2005 1218 2251 Spartani,
1150 2290 1197 2439 quum
1161 2475 1209 2609 nulla
1144 2647 1206 2740 ipsi
1152 2774 1205 2951 iniuria

1103 1254 1151 1314 ab
1094 1350 1149 1742 Atheniensibus
1091 1780 1139 1901 laesi
1074 1951 1129 2145 essent,
1083 2195 1133 2377 bellum
1067 2423 1122 2712 moverunt,
1073 2774 1108 2950 caussa

1023 1251 1057 1349 non
1005 1396 1067 1616 meliori,
1001 1672 1047 1815 quam
996 1867 1042 1962 qua
1006 2011 1054 2191 ductus
1003 2240 1052 2508 Herculem
1001 2558 1042 2607 et
993 2654 1047 2947 Heraclidas

929 1249 990 1465 perdere
936 1500 986 1693 studuit
916 1728 982 2064 Eurystheus.
908 2132 973 2328 Legatis
903 2364 968 2792 praeconibusque
914 2824 959 2946 mis-

864 1250 912 1319 sis
844 1356 910 1663 imperarunt
846 1698 902 2083 Atheniensibus
832 2122 877 2207 ea,
829 2246 875 2371 quae
841 2404 890 2590 liberae
836 2627 886 2813 civitati
834 2847 882 2941 im-

770 1248 817 1425 perare
778 1459 827 1600 nefas
772 1636 817 1758 erat.
752 1829 819 2051 Denique
747 2093 797 2236 reges
751 2273 796 2461 eorum,
760 2499 807 2547 in
758 2582 807 2706 fines
753 2744 803 2941 Atticae

702 1247 753 1399 ducto
682 1435 745 1675 exercitu,
690 1712 742 1909 infestis
686 1944 734 2091 armis
681 2125 732 2408 invaserunt
665 2442 723 2645 terram,
661 2681 709 2805 quae
672 2835 706 2936 ma-

1278 3168 1418 3173 d-——.
1432 3169 1517 3173 ..-μγ
1530 3169 1661 3176 -q--o
