5010 3336
3839 2057 3895 2180 430

3696 1283 3739 1337 ut
3682 1386 3747 1642 Sophoclis
3684 1707 3734 1857 opere
3699 1907 3749 2268 obscuraretur.
3699 2354 3750 2546 Maiora
3697 2605 3746 2736 enim
3693 2795 3741 2957 studia

3602 1284 3666 1591 Sophocleae
3604 1625 3652 1868 personae
3620 1903 3668 2149 defunctis
3605 2182 3668 2547 immorientes,
3603 2582 3651 2723 quam
3598 2761 3665 2958 Euripi-

3537 1282 3583 1404 deae
3540 1441 3587 1520 dei
3540 1539 3587 1777 beneficio
3528 1804 3581 2045 servatae,
3528 2074 3586 2366 excitarunt,
3539 2403 3587 2542 cuius
3538 2567 3586 2642 rei
3537 2659 3580 2814 testes
3534 2845 3579 2960 sunt

3458 1283 3504 1480 Ovidius
3457 1517 3508 1672 Trist.
3449 1713 3507 1777 ll„
3460 1814 3505 1926 402.
3458 1962 3506 2080 ibid.
3458 2117 3503 2226 563.
3459 2277 3500 2325 et
3443 2359 3506 2648 Propertius
3445 2684 3505 2755 Π,
3446 2791 3500 2839 7,
3454 2879 3500 2958 83.

3377 1282 3424 1515 Ceterum
3378 1562 3426 1791 iniuriam
3361 1835 3428 2205 τραγικωτάτῳ
3362 2251 3419 2429 poetae
3378 2474 3425 2583 fieri
3376 2629 3423 2688 ab
3363 2736 3423 2824 iis,
3360 2875 3423 2958 qui

3296 1280 3327 1390 eum
3298 1427 3346 1750 insatiabilem
3297 1786 3344 2093 miseriarum
3297 2127 3344 2282 fuisse
3284 2320 3344 2660 criminentur,
3296 2706 3328 2799 non
3295 2833 3343 2959 llaec

3205 1279 3263 1413 sola7
3218 1450 3265 1536 sed
3202 1571 3265 1865 reliquarum
3202 1904 3248 2095 quoque
3199 2132 3264 2493 tragoediarum
3217 2529 3249 2626 non
3200 2661 3248 2847 paucae
3215 2882 3258 2958 te-

3136 1280 3179 1483 stantur.
3138 1566 3186 1666 Sed
3137 1712 3184 1886 horum
3136 1936 3183 2110 iudicia
3137 2175 3184 2404 omittere
3123 2470 3169 2610 qnam
3120 2660 3182 2959 redarguere

3039 1278 3100 1524 praestat:
3041 1561 3105 1786 plerique
3056 1822 3102 1947 enim
3040 1984 3103 2314 descriptione
3041 2346 3104 2616 argumenti
3040 2647 3087 2816 parum
3039 2843 3087 2958 per-

2960 1279 3017 1447 specta
2978 1483 3024 1576 hoc
2978 1613 3024 1779 drama
2968 1817 3024 2120 damnarunt,
2976 2158 3023 2347 scilicet
2961 2376 3009 2466 pro
2976 2503 3019 2639 certo
2960 2676 3023 2956 explorato-

2880 1278 2927 1372 que
2897 1397 2944 1635 habentes
2896 1672 2943 1849 vitiosa
2896 1896 2928 2009 esse
2881 2038 2938 2266 oportere
2881 2292 2929 2612 quaecunque
2896 2640 2927 2666 a
2879 2692 2944 2955 Sophoclis

2815 1275 2863 1463 ratione
2801 1499 2864 1855 discreparent.

2458 1775 2511 1839 l).
2438 1939 2514 2451 Cyclops.

2327 1411 2375 1602 Silenus
2328 1639 2376 1831 vetulus
2329 1868 2370 2078 rastrum
2318 2114 2370 2317 tenens„
2315 2365 2362 2461 quo
2330 2498 2379 2820 cummaxime
2332 2854 2375 2955 sta-

2246 1272 2295 1385 bula
2232 1413 2294 1641 Cyclopis
2231 1676 2290 1881 purgat,
2249 1933 2295 1981 in
2232 2019 2295 2282 speluncae
2249 2314 2297 2514 introitu
2233 2550 2297 2848 conspicitur
2250 2881 2297 2954 in-

2151 1274 2207 1448 terque
2150 1471 2198 1595 opus
2167 1626 2206 1674 et
2167 1703 2213 1765 de
2167 1802 2214 2065 virtutibus
2169 2103 2215 2204 suis
2168 2242 2209 2291 et
2170 2327 2216 2389 de
2168 2420 2215 2546 vitae
2169 2583 2216 2775 casibus
2170 2810 2217 2952 thea-

2085 1274 2128 1402 trum
2087 1452 2133 1641 edocet.
2087 1712 2134 1778 Et
2086 1811 2134 2005 sortiter
2074 2040 2136 2235 quidem
2089 2283 2136 2526 factorum
2089 2564 2137 2952 illustrissimum

1996 1272 2046 1379 est,
1991 1427 2054 1555 quod
2008 1591 2053 1639 in
1991 1683 2054 1933 gigantum
1992 1970 2055 2159 proelio
2009 2196 2057 2445 Encelado
2010 2481 2041 2508 a
2010 2542 2058 2765 Minerva
2010 2798 2057 2951 inter-

1926 1271 1973 1407 fecto
1914 1446 1975 1533 (cf.
1928 1572 1975 1673 Ion.
1925 1710 1959 1755 v.
1912 1792 1975 1928 209.)
1928 1965 1960 2095 arma
1919 2133 1977 2368 detraxit,
1914 2418 1961 2543 quae
1913 2590 1977 2746 spolia
1930 2782 1973 2950 osten-

1845 1272 1894 1432 dendo
1847 1477 1893 1612 illum
1848 1665 1879 1752 sua
1847 1798 1879 1943 manu
1848 1992 1895 2209 occisum
1849 2259 1881 2370 esse
1849 2417 1891 2469 et
1849 2515 1897 2709 Baccho
1849 2756 1893 2805 et
1850 2855 1898 2950 sibi

1749 1272 1814 1369 ipsi
1749 1404 1813 1664 persuasit.
1768 1731 1815 1926 Baccho
1767 1962 1797 1988 a
1768 2023 1816 2293 latronibus
1754 2328 1818 2605 Tyrrhenis
1755 2658 1813 2800 capto
1769 2833 1802 2950 ven-

1670 1273 1733 1498 ditoque,
1671 1534 1733 1643 ipse
1686 1677 1734 2016 dulcissimum
1688 2053 1735 2302 dominum
1674 2338 1736 2646 quaesiturus
1689 2682 1721 2795 cum
1689 2828 1737 2950 libe-

1606 1273 1652 1340 ris
1606 1377 1653 1475 suis
1606 1510 1637 1680 navem
1595 1719 1654 2030 conscendit;
1592 2082 1651 2380 tempestate
1609 2427 1650 2595 coorta
1609 2646 1656 2707 ad
1608 2762 1656 2950 Aetnae

1509 1272 1556 1446 rupem
1526 1484 1573 1670 delatus
1525 1707 1572 1756 in
1526 1790 1573 2075 servitutem
1513 2112 1574 2333 pervenit
1512 2356 1576 2666 Polyphemi,
1512 2703 1575 2784 qui
1529 2820 1577 2949 mul-

1444 1271 1485 1377 tum
1445 1412 1493 1605 Baccho
1429 1643 1493 1806 dispar
1446 1840 1493 1989 duros
1446 2025 1494 2217 labores
1432 2254 1480 2342 pro
1448 2379 1496 2801 comissationibus
1433 2835 1480 2948 per-

1347 1272 1408 1423 petuo
1364 1460 1412 1681 omnibus
1349 1732 1412 1967 iniungit:
1352 2018 1414 2171 satyri
1367 2206 1414 2333 enim
1351 2378 1399 2553 greges
1368 2588 1415 2709 foris
1353 2746 1400 2948 pascere

1274 1272 1330 1518 iubentur,
1284 1556 1332 1747 Silenus
1285 1775 1327 1935 autem
1286 1971 1333 2103 domi
1270 2139 1334 2418 speluncam
1287 2453 1319 2654 verrere
1273 2687 1330 2832 atque
1287 2867 1319 2948 re-

1204 1273 1235 1475 versuro
1204 1501 1252 1697 domino
1188 1726 1252 1898 epulas
1189 1925 1237 2189 apponere.
1206 2242 1254 2439 lnterim
1193 2466 1254 2617 satyri
1206 2649 1239 2760 cum
1192 2784 1255 2946 gregi-

1123 1272 1171 1364 bus
1124 1400 1171 1459 ad
1123 1498 1171 1742 stabulum
1112 1778 1167 2107 revertuntur,
1110 2144 1173 2243 qui,
1126 2282 1174 2396 dum
1127 2431 1174 2480 in
1111 2515 1174 2798 speluncam
1111 2833 1159 2945 gre-

1027 1273 1075 1361 ges
1028 1399 1091 1726 compellunt,
1044 1763 1076 2006 memores
1028 2041 1092 2350 pristinarum
1046 2385 1078 2548 rerum
1036 2584 1094 2843 laetarum,
1048 2879 1094 2944 si-

963 1275 1011 1437 cinnin
965 1485 1012 1704 saltando
949 1754 1011 2090 cantandoque
963 2141 1012 2464 delectantur.
966 2535 1014 2748 Carmini
967 2795 999 2944 venu-

883 1276 931 1493 stissima
883 1527 931 1653 inest
884 1688 927 1738 et
884 1772 932 2075 stabulorum
884 2112 927 2161 et
869 2196 916 2427 pecorum
886 2463 929 2513 et
871 2539 928 2792 pastorum
886 2828 919 2944 con—

803 1275 851 1472 ditionis
787 1509 851 1791 descriptio.
788 1861 851 2026 Imago
787 2064 851 2352 exprimitur
790 2386 854 2650 speluncae
791 2684 853 2792 rupi
806 2827 852 2944 sub-

709 1273 771 1447 iectae,
723 1484 753 1510 a
722 1545 770 1701 ventis
712 1737 767 1901 tutae,
722 1937 769 2074 cuius
724 2109 770 2169 ad
724 2205 772 2457 introitum
710 2489 773 2703 gramina
717 2738 773 2943 vireant,

642 1272 691 1437 fontes
629 1472 691 1753 decurrant,
641 1790 691 1911 alvei
627 1944 686 2117 potum
626 2150 692 2408 pecoribus
629 2444 692 2726 praebeant,
639 2762 694 2943 ovium,
