5010 3336
1072 2139 1128 2259 5⁴7

1231 2938 1279 3033 suit
1227 2628 1283 2894 Hecubae,
1227 2523 1271 2577 ut
1222 2331 1269 2475 facile
1221 2136 1267 2281 etiam
1234 1986 1264 2078 una
1218 1892 1263 1938 in
1216 1599 1262 1843 theatrum
1212 1367 1260 1554 deferri

1308 2806 1372 3037 potuerit.
1304 2280 1367 2757 Repraesentabatur
1300 2119 1345 2245 enim
1313 1908 1360 2082 parens
1311 1682 1341 1870 summa
1292 1366 1340 1657 erudelitate

1387 2868 1434 3035 liberis
1386 2611 1431 2809 orbatus
1382 2307 1441 2546 simulque
1380 2150 1441 2257 ipse
1378 1967 1424 2102 honis
1390 1667 1437 1917 regnoque
1372 1368 1434 1604 privatus,

1468 2898 1528 3038 isque
1465 2710 1520 2861 mala,
1464 2483 1524 2656 quibus
1462 2233 1514 2442 laborat,
1459 2150 1502 2194 in
1474 1972 1512 2112 eum„
1472 1910 1500 1934 a
1468 1778 1515 1871 quo
1453 1520 1499 1740 iniuriam
1465 1368 1511 1483 pas-

1562 2955 1592 3036 sus
1550 2812 1600 2917 est,
1544 2600 1589 2758 onmia
1540 2338 1587 2554 revolvit.
1537 2107 1582 2267 llomo
1534 1824 1590 2069 nefarius,
1532 1696 1593 1774 qui
1530 1525 1592 1659 regni
1529 1367 1575 1489 divi-

1626 2763 1685 3037 tiarumque
1622 2486 1684 2714 cupidine
1617 2381 1663 2439 ad
1614 1986 1661 2333 immanissima
1612 1749 1658 1937 scelera
1607 1365 1655 1714 committenda

1705 2804 1765 3037 abreptus
1707 2664 1759 2767 est,
1701 2499 1746 2610 dum
1698 2283 1742 2461 liberos
1709 2007 1755 2244 quaerens
1691 1778 1737 1970 oracula
1690 1503 1745 1739 consulit,
1688 1368 1733 1455 ho—

1799 2928 1829 3037 rum
1784 2654 1844 2875 ipsorum
1780 2458 1825 2603 ductu
1774 2354 1820 2413 ad
1773 2039 1820 2301 orbitatem
1775 1939 1817 1989 et
1769 1631 1831 1892 perniciem
1766 1368 1827 1593 adigitur.

1861 2755 1910 3036 Verisimile
1860 2594 1907 2719 enim
1860 2480 1902 2555 est
1855 2227 1901 2430 Atreum
1852 2053 1897 2180 malo
1850 1845 1911 2006 aliquo
1847 1695 1893 1796 sive
1845 1364 1893 1659 necessitate

1943 2974 1989 3035 ad
1940 2609 2003 2937 quaerendum
1936 2417 1982 2573 filium
1932 1950 1990 2381 reducendumque
1928 1658 1989 1931 Thyestem
1924 1365 1986 1630 impulsum

2036 2923 2067 3035 esse
2035 2737 2080 2892 eoque
2033 2551 2064 2714 rerum
2012 2206 2061 2526 sanandarum
2010 2014 2055 2177 studio
2024 1825 2054 1987 ansam
2004 1520 2068 1805 praebuisse
2001 1363 2047 1503 fratri

2099 2838 2147 3034 ultionis
2096 2472 2159 2787 repetendae.
2092 2250 2137 2399 Certe
2090 2035 2136 2204 similia
2090 1928 2134 1985 ab
2087 1778 2131 1881 aliis
2084 1584 2146 1740 poetis
2082 1362 2144 1547 scripta

2178 2881 2224 3038 fuisse
2192 2775 2223 2835 ex
2175 2558 2237 2739 Hygini
2172 2246 2219 2520 narratione
2185 2169 2215 2209 c.
2171 2055 2213 2133 88.
2166 1695 2228 2015 intelligitur,
2162 1564 2209 1642 cui
2162 1362 2207 1527 insunt

2258 2828 2304 3036 haecce:
2254 2526 2312 2765 „Interim
2251 2233 2297 2464 sterilitas
2247 1959 2309 2183 Mycenis
2245 1715 2304 1909 frugum
2258 1611 2288 1667 ac
2240 1362 2304 1563 penuria

2338 2884 2382 3037 oritur
2335 2789 2381 2850 ob
2333 2614 2382 2753 Atrei
2332 2390 2378 2568 scelus.
2330 2250 2375 2320 Ibi
2341 1914 2389 2201 responsum
2328 1772 2378 1875 est,
2328 1671 2369 1727 ut
2322 1362 2381 1637 Thyestem

2416 2989 2461 3038 iu
2430 2735 2476 2939 reguum
2410 2382 2459 2689 reduceret.''
2409 2078 2468 2299 Itemque
2406 1882 2450 2028 haec:
2401 1593 2461 1831 „Interim
2400 1363 2445 1542 Atreus

2494 2886 2540 3037 mittit
2493 2428 2554 2841 Agamemnonem
2493 2328 2535 2378 et
2486 2002 2533 2282 Menelaum
2484 1829 2529 1955 filios
2483 1733 2527 1791 ad
2479 1362 2542 1694 quaerendum

2573 2739 2636 3037 Thyestem:
2571 2583 2631 2664 qui
2568 2291 2630 2508 Delphos
2566 1977 2628 2227 petierunt
2563 1593 2608 1911 sciscitatum.
2556 1360 2603 1489 Casu

2652 2786 2714 3036 Thyestes
2666 2692 2697 2749 eo
2654 2457 2695 2655 venerat
2648 2361 2693 2421 ad
2650 2167 2692 2324 sortes
2642 1890 2689 2131 tollendas
2643 1791 2687 1853 de
2639 1575 2685 1759 ultione
2636 1361 2693 1547 fratris,

2731 2548 2792 3036 comprehensusque
2730 2444 2773 2501 ab
2727 2324 2772 2392 eis
2726 2214 2770 2273 ad
2727 1959 2771 2165 Atreum
2718 1607 2782 1910 perducitur.
2716 1360 2775 1518 Quem

2813 2855 2857 3035 Atreus
2811 2757 2855 2804 iu
2807 2434 2854 2706 custodiam
2805 2212 2852 2384 coniici
2802 1996 2857 2165 iussit,
2798 1553 2859 1943 Aegistbumque
2798 1360 2852 1518 vocat,

2890 2774 2935 3035 aestimans
2902 2586 2933 2726 suum
2886 2383 2930 2538 filium
2898 2198 2939 2334 esse,
2885 2097 2925 2147 et
2879 1912 2924 2061 mittit
2893 1768 2922 1877 eum
2877 1670 2921 1732 ad
2874 1358 2935 1635 Thyestem

2967 2642 3026 3037 interficiendum
2963 2457 3010 2586 etc.’'
2961 2278 3009 2354 Ad
2958 1925 3021 2217 Aegisthum
2956 1826 3001 1875 iu
2955 1681 3000 1774 hac
2953 1358 3000 1634 narratione

3047 2803 3093 3035 translata
3048 2658 3089 2768 sunt
3059 2538 3098 2623 ea,
3057 2362 3101 2487 quae
3037 2084 3085 2324 I’listheni
3035 1877 3081 2049 tribuit
3039 1660 3081 1844 noster.
3032 1357 3079 1590 Ceterum

3125 2846 3172 3033 caussis
3139 2646 3169 2810 rerum
3120 2435 3166 2611 iisdem
3120 2328 3165 2398 uti
3117 2108 3180 2293 potuit,
3130 1913 3176 2071 neque
3112 1836 3160 1882 ci
3113 1496 3160 1807 coniecturae
3109 1359 3157 1459 sra-

3208 2837 3269 3033 gmeuta
3203 2469 3251 2803 adversantur.

3532 1795 3587 2606 D.-'l*hcseus.

3678 2686 3725 2899 Caedem
3676 2373 3723 2641 Minotauri
3681 2178 3737 2326 atque
3687 1916 3719 2130 amorem
3667 1626 3717 1870 Ariadnae
3665 1492 3711 1583 hac
3669 1358 3710 1456 tra-

3756 2853 3822 3029 goedia
3763 2428 3818 2795 repraesentata
3756 2206 3802 2361 fuisse
3752 1870 3815 2147 fragmenta
3745 1542 3794 1821 ostendunt.
3743 1356 3789 1460 Eae

3853 2949 3883 3030 res
3851 2803 3883 2910 cum
3853 2739 3882 2765 a
3836 2486 3898 2704 pluribus
3834 2128 3898 2449 scriptoribus
3832 1908 3878 2093 relatae
3828 1751 3885 1872 siut,
3840 1564 3871 1706 nemo
3838 1356 3870 1525 eorum

3916 2776 3978 3027 Euripidis
3916 2520 3978 2741 vestigiis
3914 2211 3961 2482 accuratius
3912 1906 3969 2175 institisse,
3908 1766 3954 1856 sed
3904 1450 3968 1734 respexisse
3900 1356 3947 1417 ad

4010 2912 4041 3023 eum
3995 2656 4057 2879 plerique
3996 2395 4043 2624 videntur
3992 2307 4055 2375 *).

4159 2915 4212 2966 Ν)
4158 2814 4198 2882 Cf·
4158 2618 4200 2785 Welck.
4175 2544 4213 2586 p.
4159 2429 4201 2514 733
4173 2271 4211 2389 seq.a
4158 2160 4211 2231 qui
4156 1972 4197 2119 omisit
4154 1733 4195 1932 Malalae
4151 1445 4201 1692 Chronogr.
4145 1354 4186 1405 L.

4228 2815 4269 2886 IV.
4243 2742 4282 2783 p.
4228 2616 4271 2711 107.
4230 2495 4283 2586 (87.
4230 2310 4283 2461 Nieb.)
4232 2237 4271 2279 et
4227 2033 4271 2207 Tzctzis
4224 1886 4267 2001 Chil.
4224 1779 4266 1856 xl.
4235 1705 4261 1747 v.
4218 1588 4260 1673 549
4231 1439 4271 1558 seqq.

4293 1715 4340 1777 35
4292 1676 4319 1699 ³¹²
