5010 3336
2811 3264 2841 3331 [sm]

1125 2120 1183 2239 395

1279 2692 1344 2867 Quid
1277 2386 1326 2634 habere
1273 2136 1322 2326 nobis
1278 1889 1335 2088 turpe
1270 1718 1325 1832 sit,
1267 1357 1334 1659 quaeris?

1350 1960 1396 2027 ni
1349 1880 1395 1947 1ιί
1349 1852 1395 1869 l
1350 1819 1395 1839 !

1442 2735 1489 2867 Aut
1435 2523 1484 2699 dives
1439 2334 1498 2486 opto
1431 2078 1478 2301 vivere
1433 1930 1475 2043 aut
1442 1640 1491 1899 pauper
1426 1433 1474 1608 mori.

1521 2684 1568 2868 Bene
1515 2358 1563 2641 moritur
1509 2182 1574 2316 qui,
1507 1990 1554 2134 dum
1507 1647 1566 1955 moritur,
1506 1355 1553 1601 lacrum

1584 1826 1646 2038 facia

1668 2566 1719 2866 Pecunia
1672 2294 1733 2534 ingens
1664 1985 1729 2261 generis
1661 1685 1710 1951 humani
1661 1410 1719 1652 bonum,

1748 2745 1797 2859 Gai
1765 2589 1798 2712 non
1749 2244 1812 2557 voluptas
1742 1973 1791 2212 matris
1747 1821 1789 1935 aut
1739 1351 1806 1796 blandaepot-

1826 1926 1868 2023 est

1908 2735 1956 2864 Par
1923 2560 1956 2707 esse
1904 2288 1970 2533 prolis,
1917 2140 1950 2264 ozon
1916 1930 1948 2117 sacer
1899 1637 1946 1906 meritis
1914 1494 1963 1616 par
1916 1349 1950 1475 ens.

1988 2706 2036 2855 Tam
1986 2470 2034 2668 dulce
1980 2199 2047 2439 siquid
1979 1894 2029 2163 Veneris
1979 1796 2025 1860 in
1979 1585 2026 1771 vultu
1980 1347 2038 1560 micat,

2067 2615 2115 2857 Merito
2064 2450 2112 2581 illa
2077 2158 2110 2415 amores
2059 1803 2107 2121 coelitum
2064 1569 2122 1765 atque
2058 1346 2107 1536 homi-

2154 1869 2185 2012 num
2152 1705 2184 1835 mov
2143 1583 2186 1689 αἶ’

2225 2752 2273 2991 Postremi
2224 2508 2287 2718 quinque
2236 2304 2269 2474 versus
2219 2122 2266 2269 iidem
2220 1894 2265 2087 exstant
2216 1676 2280 1860 graeci:

2296 2819 2354 2859 ὦ
2301 2604 2369 2786 χρυσέ,
2299 2347 2363 2566 δεξίωμα
2297 2042 2348 2315 κάλλιστον
2296 1782 2359 2008 βροτοῖς,

2382 2790 2443 2859 ὡς
2386 2638 2433 2757 οὔτε
2381 2442 2446 2606 μήτηρ
2376 2210 2443 2407 ἡδονὰς
2374 1989 2433 2177 tontis&
2372 1841 2439 1953 ἔχει,

2463 2796 2514 2860 οὐ
2461 2583 2519 2762 παῖδες
2457 2164 2520 2549 ἀνθρώποισιν,
2454 2063 2504 2128 οὐ
2452 1878 2518 2028 φίλος
2453 1660 2519 1847 πατήρ,

2542 2740 2601 2853 οἵας
2535 2639 2591 2704 σὺ
2539 2524 2604 2604 χοί
2537 2434 2588 2489 σε
2538 2166 2601 2400 δώμασιν
2531 1818 2599 2132 κεκτημένοι.

2622 2813 2674 2857 εἰ
2622 2734 2673 2779 δ’
2620 2668 2687 2702 ἦ
2619 2426 2683 2632 Κύπρις
2621 2145 2667 2391 τοιοῦτον
2613 1814 2678 2110 ὀφθαλμοῖς
2611 1664 2679 1778 ὁρᾷ,

2703 2792 2755 2855 οὐ
2706 2573 2765 2757 θαῦμα
2697 2346 2763 2539 ἔρωτας
2695 2086 2758 2311 μυρίους
2690 1888 2758 2051 αὐτὴν
2692 1632 2757 1855 τρέφειν.

2786 2869 2833 2982 {nde
2786 2717 2832 2835 deos
2782 2536 2830 2682 ullam
2795 2328 2826 2489 rerum
2778 1966 2823 2282 humanarum
2774 1546 2837 1931 procurationem
2772 1330 2821 1513 habere

2869 2816 2928 2983 negat3
2862 2668 2909 2770 fato
2865 2488 2921 2632 atque
2856 2157 2905 2454 necessitate
2855 1963 2901 2122 omnia
2853 1826 2913 1929 regi
2852 1558 2910 1794 affirmat,
2853 1331 2901 1510 cultum

2948 2821 2992 2982 autem
2943 2584 2990 2786 deorum
2953 2490 2985 2547 ex
2950 2222 3000 2454 perversa
2933 1940 2981 2188 hominum
2931 1647 2994 1905 opinione,
2947 1522 2994 1610 spe
2938 1331 2980 1488 metu-

3039 2888 3086 2981 que
3025 2691 3071 2856 natum
3034 2520 3065 2653 esse:

3097 2690 3165 2850 φησίν
3113 2581 3155 2658 τις
3088 2415 3144 2548 εἶναι
3093 2272 3158 2380 δῆτ’
3089 2178 3141 2234 έν
3090 1935 3155 2143 οὐρανῷ
3088 1739 3148 1900 θεούς
3108 1710 3148 1731 ,·

3177 2752 3229 2849 οὐκ
3174 2563 3234 2718 εἰσίν,
3174 2431 3223 2527 οὐκ
3172 2277 3221 2395 ε’ίσ’·
3171 2193 3219 2240 εἴ
3188 2088 3228 2163 τις
3170 1757 3233 2055 ἀνθρώπων
3166 1576 3230 1725 λέγει,

3256 2780 3323 2849 μὴ
3256 2674 3323 2746 τῷ
3256 2441 3315 2639 παλαιῷ
3248 2230 3316 2406 μωρὸς
3248 2122 3299 2197 ὢν
3249 1878 3314 2089 χρήσθω
3247 1675 3313 1842 λόγῳ·

3334 2582 3395 2844 σκέψασθε
3332 2502 3382 2547 δ’
3331 2309 3391 2465 αὐτα,
3328 2202 3394 2271 μὴ
3328 2093 3378 2167 ’πὶ
3330 1951 3386 2060 τοῖς
3325 1775 3390 1915 ἐμοῖς
3325 1567 3391 1742 λόγοις

3415 2628 3482 2844 γνώμην
3410 2370 3478 2593 ἔχοντες·
3410 2205 3475 2333 φήμ’
3406 2068 3473 2167 ἐγὼ
3405 1747 3471 2034 τυραννίδα

3495 2626 3548 2845 κτείνειν
3509 2541 3543 2593 τε
3491 2234 3548 2507 πλείστους
3486 1927 3553 2202 κτημάτων
3487 1856 3535 1895 τ’
3485 1501 3548 1819 ἀποστερεῖν,

3572 2643 3638 2837 ὅρκους
3589 2558 3623 2612 τε
3570 2100 3636 2525 παραβαίνοντας
3565 1787 3629 2066 ἐκπορθεῖν
3564 1568 3623 1754 πόλεις.

3653 2756 3707 2842 καὶ
3657 2560 3704 2725 ταῦτα
3652 2300 3716 2524 δρῶντες
3647 2070 3714 2267 μᾶλλόν
3646 1944 3697 2036 εἰσ’
3646 1604 3709 1906 εὐδαίμονες

3736 2735 3787 2842 τῶν
3732 2343 3797 2701 εὐσεβούντων
3729 2144 3794 2310 ἡσυχῆ
3725 1986 3778 2109 καθ’
3725 1731 3792 1953 ἡμέραν·

3816 2666 3874 2839 πόλεις
3830 2581 3863 2633 τε
3811 2360 3878 2546 μικρὰς
3804 2203 3859 2325 οἶδα
3806 1943 3872 2170 τιμώσας
3806 1737 3869 1911 θεούς,

3897 2786 3947 2838 οἳ
3893 2502 3959 2753 μειζόνων
3891 2250 3944 2469 κλύουσι
3884 1799 3953 2214 δυςσεβεστέρων

3975 2653 4040 2839 λόγχης
3973 2414 4039 2619 ἀριθμῷ
3970 2144 4029 2381 πλείονος
3966 1746 4031 2111 κρατούμεναι.

4050 2691 4119 2835 οἶμαι
4053 2613 4103 2655 δ’
4053 2511 4103 2576 ἂν
4052 2316 4117 2478 ὑμᾶς,
4049 2232 4099 2280 εἴ
4066 2128 4107 2205 τις
4045 1937 4112 2095 ἀργὸς
4044 1830 4096 1904 ὢν
4047 1653 4103 1798 θεοῖς

4137 2635 4198 2834 εὔχοιτο
4132 2516 4184 2602 καὶ
4131 2414 4198 2483 μὴ
4128 2238 4197 2379 χερσὶ
4126 1964 4192 2204 συλλέγοι
4125 1792 4191 1926 βίον,

4242 2582 4249 2835 —--—
4234 1810 4248 2449 ——-—-———.
