5010 3336
2959 3158 2978 3160 “
2992 3158 3123 3171 ’-ῖ->’;,;’--

1142 2128 1196 2249 289

1289 2788 1349 3013 subditis,
1290 2520 1353 2764 imperare
1286 2343 1334 2501 conati
1290 2206 1333 2317 sunt
1282 2124 1343 2194 *),
1284 2050 1331 2107 ad
1283 1730 1332 2022 invasionem
1281 1362 1333 1705 vastationem-

1386 2918 1433 3013 que
1377 2723 1417 2885 terrae
1368 2428 1415 2688 maioribus
1381 2225 1427 2392 regum
1362 1844 1425 2189 Spartanorum
1380 1612 1423 1806 sacrae,
1368 1512 1410 1561 et
1362 1362 1409 1468 uni-

1464 2819 1496 3015 versum
1449 2604 1495 2770 drama
1452 2509 1492 2559 et
1444 2249 1507 2463 singulae
1442 2100 1488 2203 eius
1447 1892 1503 2053 partes
1448 1633 1504 1854 spectare
1442 1362 1489 1601 videntur.

1527 2789 1586 3014 Piacula‚
1534 2485 1587 2740 antequam
1538 2319 1569 2450 arma
1525 1946 1575 2283 sumerentur,
1520 1772 1566 1909 alteri
1521 1558 1583 1738 populo
1521 1466 1567 1523 ab
1521 1360 1567 1430 al-

1610 2909 1653 3015 tero
1606 2568 1668 2858 exprobrata
1617 2408 1649 2518 esse
1605 2170 1647 2373 constat.
1599 2047 1646 2100 ld
1599 1963 1645 2011 in
1599 1835 1645 1929 hoc
1615 1610 1661 1799 quoque
1600 1358 1646 1577 dramate

1685 2848 1731 3015 dedita
1700 2668 1747 2813 opera
1681 2520 1729 2632 fieri
1679 2250 1726 2485 videmus.
1678 2027 1725 2181 Enixe
1685 1830 1724 1995 noster
1679 1666 1724 1795 cives
1693 1505 1724 1618 suos
1678 1360 1724 1454 cri·

1764 2881 1811 3012 mine
1762 2600 1810 2845 interfecti
1760 2507 1806 2565 ab
1759 2413 1805 2471 iis
1758 2221 1820 2369 legati
1761 2000 1820 2174 purgat
1756 1889 1819 1955 (v.
1756 1505 1818 1853 292-2960,
1770 1359 1817 1454 quo

1843 2810 1890 3011 crimine
1842 2668 1887 2775 illos
1838 2474 1902 2613 vulgo
1838 2302 1901 2438 argui
1837 2094 1884 2262 solitos
1852 1936 1883 2047 esse
1835 1563 1883 1886 Philostratus
1836 1478 1881 1526 in
1835 1360 1881 1444 vit.

1920 2864 1984 3014 Soph.
1921 2803 1969 2835 l.
1937 2722 1983 2767 p.
1921 2572 1966 2685 550.
1921 2328 1964 2540 testatur
1912 2205 1978 2299 **).
1915 1965 1976 2135 Neque
1916 1776 1962 1931 minus
1916 1525 1962 1739 studiose
1914 1360 1961 1491 idem

1999 2748 2062 3015 Eurysthei
1998 2515 2045 2713 caedem
2012 2453 2042 2479 a
1996 2234 2042 2417 civibus
1995 2136 2041 2197 ad
1994 1817 2041 2103 Heraclidas
1994 1520 2041 1782 transfert:
1993 1358 2054 1473 quin

2079 2869 2127 3015 etiam
2078 2576 2125 2833 defensum
2080 2491 2122 2539 et
2074 2217 2122 2458 beneficio
2074 1902 2135 2181 sepulturae
2073 1631 2121 1868 affectum
2089 1483 2120 1596 esse
2088 1359 2120 1438 re-

2174 2904 2223 3016 gem
2157 2810 2203 2869 ab
2155 2375 2204 2754 Atheniensibus
2153 2176 2214 2339 fingit,
2158 2079 2199 2129 et
2153 1915 2199 2033 facit
2168 1760 2199 1868 eum
2152 1358 2215 1723 promittentem

2237 2806 2285 3016 infestos
2236 2661 2283 2769 fore
2249 2460 2282 2627 manes
2247 2312 2279 2424 suos
2232 2070 2294 2285 posteris
2230 1653 2291 2041 Heraclidarum‚
2231 1357 2293 1616 siquando

2316 2804 2365 3013 Atticam
2315 2524 2362 2764 hostiliter
2312 2214 2360 2491 invaserint.
2310 1857 2357 2147 Heraclidas
2316 1664 2358 1821 autem
2311 1482 2373 1615 ipsos
2310 1356 2357 1431 lo-

2396 2911 2442 3015 laus
2395 2690 2441 2874 dextris
2394 2477 2441 2656 iunctis
2391 2294 2438 2443 fidem
2391 2143 2437 2257 dare
2390 1837 2452 2110 hospitibus
2390 1638 2449 1799 iubet,
2393 1357 2452 1599 perpetuo

2490 2956 2521 3010 se
2473 2696 2522 2923 beneficii
2486 2422 2519 2663 memores
2470 2252 2526 2386 fore,
2476 2150 2516 2201 et
2484 2016 2531 2103 pro
2469 1654 2516 1980 servatoribus
2468 1355 2529 1619 amicisque

2568 2927 2601 3012 eos
2552 2614 2606 2892 habituros,
2566 2407 2612 2565 neque
2564 2151 2610 2363 unquam
2548 2055 2594 2104 in
2551 1833 2594 2009 terram
2563 1629 2594 1796 eorum
2562 1462 2593 1593 arma
2545 1360 2592 1431 in-

2632 2883 2680 3013 festa
2630 2655 2677 2837 laturos
2644 2492 2676 2601 esse
2628 2380 2689 2444 (v.
2632 2246 2673 2342 310
2624 2034 2689 2210 seqq.).
2626 1722 2673 1955 Eiusdem
2626 1482 2689 1674 generis
2627 1354 2683 1446 est,

2709 2884 2773 3010 quod
2708 2584 2756 2846 Herculem
2709 2388 2769 2545 ipsum
2706 2078 2764 2353 Minervae,
2704 1949 2751 2027 cui
2710 1856 2751 1904 et
2710 1682 2751 1811 terra
2709 1596 2751 1646 et
2702 1353 2767 1564 populus

2788 2648 2837 3013 Atheniensium
2792 2305 2832 2612 consecratus
2790 2165 2838 2269 est,
2798 1966 2845 2117 opera
2798 1873 2829 1933 ex
2784 1617 2829 1838 omnibus
2781 1352 2845 1583 periculis

2871 2768 2915 3012 servatum
2880 2602 2919 2732 esse,
2863 2340 2926 2565 quodque
2863 2010 2909 2305 divinitatem
2863 1871 2908 1972 eius
2861 1779 2907 1836 ab
2861 1572 2908 1742 Atticis
2859 1352 2922 1525 primis

2950 2962 2994 3011 et
2946 2721 3006 2929 agnitam
2948 2632 2990 2682 et
2942 2406 3005 2599 publice
2941 2091 2987 2357 honoribus
2940 1806 2987 2037 affectam
2956 1658 2987 1769 esse
2939 1350 2986 1623 ostenditur

3040 2967 3075 3012 v.
3027 2852 3071 2947 856
3039 2663 3085 2828 seqq.;
3021 2564 3068 2627 cf.
3020 2328 3069 2523 Diodor.
3019 2204 3068 2301 Sic.
3018 2094 3078 2177 lv,
3021 1995 3065 2071 39.
3018 1706 3080 1927 Denique
3019 1532 3081 1687 pietas
3017 1350 3065 1505 Athe-

3103 2770 3152 3010 niensium
3100 2501 3163 2722 pluribus
3099 2335 3146 2456 locis
3098 2062 3146 2282 laudatur
3096 1856 3155 2011 (velut
3114 1770 3144 1812 v.
3100 1644 3145 1738 329
3098 1448 3158 1608 seqq.)
3101 1347 3143 1399 et

3183 2868 3229 3010 enixe
3180 2547 3227 2823 refutantur
3179 2417 3239 2497 qui
3178 2069 3225 2363 contrarium
3176 1749 3223 2020 affirment:
3174 1670 3223 1698 ὁ
3172 1568 3223 1623 δὲ
3173 1451 3238 1521 μή
3184 1347 3222 1403 σε

3259 2789 3324 3009 φάσκων
3250 2599 3320 2753 ἐγγὺς
3257 2364 3319 2565 μανιῶν
3253 2129 3304 2330 ἐλαύνει
3254 2029 3318 2092 (v.
3258 1858 3314 2013 903).
3255 1653 3302 1821 invitis
3254 1534 3302 1626 diis
3253 1349 3301 1505 omni-

3342 2917 3388 3008 bus
3344 2687 3402 2881 praeter
3338 2412 3383 2637 lunonem
3336 2314 3381 2362 in
3336 2144 3382 2266 fines
3335 1830 3381 2100 Atticorum
3334 1532 3380 1783 incurrunt
3332 1347 3394 1497 Spar-

3419 2908 3467 3008 tani
3423 2821 3465 2870 et
3415 2495 3480 2786 populantur
3430 2320 3476 2459 agros
3414 2216 3474 2282 (v.
3414 2029 3473 2179 282),
3418 1737 3474 1991 sperantes
3412 1560 3457 1700 deam
3426 1345 3457 1518 oracu-

3498 2948 3545 3006 lis
3496 2608 3558 2910 superiorem
3494 2465 3539 2572 fore
3495 2361 3553 2429 (v.
3491 2110 3552 2308 10:39.)‚
3491 1880 3537 2058 Atticis
3489 1585 3535 1835 Minervae
3489 1343 3536 1541 numine

3574 2654 3625 3006 confidentibus
3570 2344 3636 2627 (νικωμένη
3569 2212 3634 2311 γὰρ
3566 1973 3626 2186 Παλλὰς
3566 1850 3617 1946 οὐκ
3564 1575 3627 1822 (ἐνέξεται,
3582 1499 3613 1545 v.
3568 1343 3625 1482 353.)

3662 2956 3703 3005 et
3654 2768 3702 2921 semel
3654 2645 3700 2736 iarn
3652 2387 3715 2609 Spartam
3653 2206 3699 2350 huius
3655 2108 3696 2157 et
3648 1844 3696 2073 Herculis
3648 1625 3695 1809 viribus
3661 1342 3711 1588 expugna-

3739 2910 3783 3007 tam
3748 2762 3783 2883 ⁴asse
3731 2657 3794 2725 (v.
3734 2485 3788 2620 742.)
3729 2012 3779 2449 reminiscentibus.

3811 2644 3859 2875 Eiusdem
3812 2323 3874 2617 tetrfflogiae,
3816 2154 3871 2296 atque
3806 1825 3865 2126 HeraclidaS‚
3805 1601 3853 1797 Peleum
3805 1341 3865 1587 Aegeum·

3908 2907 3954 3001 que
3890 2716 3939 2871 fuisse
3890 2474 3937 2679 coniicio
3891 2312 3947 2440 ideo,
3888 2152 3950 2277 quod
3893 2020 3934 2130 ante
3886 1655 3933 1993 Acharnenses
3883 1341 3946 1627 Aristopha-

3971 2928 4018 3002 nis
3978 2633 4030 2893 utrumque
3969 2436 4017 2598 drama
3971 2356 4016 2401 in
3983 2126 4015 2320 scenam
3965 1875 4013 2089 delatum
3979 1727 4011 1838 esse
3963 1534 4019 1692 video,
3976 1338 4023 1498 neque

4048 2803 4110 3001 reliquis
4048 2587 4095 2778 illorum
4053 2300 4113 2573 temporum
4044 2006 4107 2276 tetralogiis
4042 1661 4102 1978 commodius,
4057 1492 4103 1634 quam
4041 1338 4099 1468 huic,

4212 2887 4263 2929 *)
4212 2658 4266 2858 Thucyd.
4213 2594 4264 2628 1,
4210 2474 4252 2569 126.
4210 2349 4252 2444 139.

4282 2882 4333 2947 ⁰)
4281 2785 4322 2850 Cf.
4282 2582 4336 2756 Pfiugk.
4280 2363 4335 2549 praefat,
4295 2289 4334 2331 p.
4278 2217 4318 2259 7.
