5010 3336
3951 2116 4007 2234 186

3804 1334 3869 1457 spici
3819 1490 3854 1634 nemo
3816 1667 3868 1829 docet.
3815 1898 3864 2060 Multo
3811 2094 3846 2211 vero
3796 2259 3858 2448 minus,
3792 2498 3840 2641 quam
3788 2684 3851 2836 haec,
3783 2885 3830 3010 quae

3732 1333 3789 1562 diximus,
3739 1598 3787 1756 locum
3734 1794 3785 2074 babuerunt
3719 2109 3763 2182 ea,
3716 2221 3762 2344 quae
3724 2380 3776 2535 schol.
3708 2575 3774 2726 Sopb.
3718 2757 3767 2831 Ai.
3711 2864 3764 3005 1269.

3650 1330 3709 1504 refert,
3644 1539 3708 1783 Aeropen,
3640 1820 3698 2044 stuprum
3652 2080 3683 2108 a
3637 2143 3698 2351 quodam
3634 2376 3693 2531 patris
3642 2558 3691 2768 satellite
3624 2795 3672 3004 passam,

3566 1327 3632 1538 Naup110
3582 1574 3611 1600 a
3565 1635 3620 1775 patre
3574 1810 3622 2036 traditam
3572 2076 3603 2186 esse
3570 2222 3617 2268 in
3569 2315 3615 2438 mari
3547 2487 3614 2889 demergendam,
3556 2942 3603 3002 ab

3503 1324 3552 1419 hoc
3500 1454 3550 1632 deinde
3496 1665 3546 1903 Plistheni
3491 1949 3525 2229 concessam
3477 2277 3520 2415 esse,
3471 2465 3518 2624 eoque
3479 2669 3530 2905 defuncto
3477 2951 3524 3000 in

3406 1324 3470 1602 coniugium
3417 1637 3464 1828 venisse
3412 1863 3462 2012 Atrei.
3395 2080 3458 2190 lpse
3409 2226 3455 2353 enim
3406 2391 3453 2565 titulus
3387 2599 3448 2884 tragoediae
3397 2919 3446 2998 his

3327 1319 3389 1634 contradicit,
3322 1672 3369 1796 quae
3336 1831 3366 1889 ex
3329 1924 3382 2179 Plisthene
3311 2213 3376 2466 Euripidis
3310 2502 3370 2655 petita
3320 2688 3354 2800 esse
3316 2836 3362 2999 osten-

3262 1317 3297 1464 surus
3260 1500 3292 1624 sum.

3168 1450 3229 1637 Restat,
3178 1672 3220 1727 ut
3174 1762 3218 1981 veterum
3171 2016 3218 2079 de
3169 2114 3218 2255 laude
3166 2289 3214 2435 huius
3148 2470 3210 2750 tragoediae
3158 2769 3207 2996 testimo-

3103 1312 3150 1391 nia
3086 1425 3149 1750 proferamus.
3076 1819 3142 2204 Aristophanes,
3072 2251 3132 2538 gravissima
3065 2586 3113 2810 quaeque
3079 2843 3127 2894 in
3078 2928 3124 2994 ri-

3022 1312 3070 1475 dicula
3016 1512 3059 1795 convertere
3000 1832 3061 2029 solitus,
3009 2077 3053 2229 totam
2990 2267 3056 2502 Thyestis
3001 2539 3034 2739 coenam
2998 2776 3047 2993 imitatus

2941 1309 2983 1416 erat
2940 1451 2988 1500 in
2920 1534 2988 1815 Proagone,
2935 1861 2981 1908 id
2918 1945 2978 2074 quod
2930 2111 2972 2159 et
2928 2194 2959 2252 ex
2922 2289 2972 2581 scholiastae
2920 2616 2968 2678 ad
2903 2714 2969 2991 Vesparum

2859 1307 2895 1352 v.
2860 1389 2906 1465 61.
2855 1502 2905 1783 testimonio
2853 1818 2896 1868 et
2853 1903 2884 1961 ex
2835 1997 2898 2284 fragmentis
2829 2320 2893 2439 ipsis
2825 2484 2889 2804 intelligitur,
2837 2858 2885 2992 velut

2779 1304 2831 1487 hocce:

2680 1434 2752 1731 ἐγευσάμην
2675 1764 2742 1957 χορδῆς
2689 1991 2739 2021 ὁ
2671 2056 2738 2315 δύστηνος
2668 2348 2734 2564 τέκνων,

2622 1299 2669 1363 cf.
2602 1402 2668 1579 Bergk.
2599 1618 2663 1789 fragm.
2593 1825 2658 2075 Aristoph.
2592 2113 2638 2159 p.
2606 2179 2651 2276 249
2587 2305 2635 2407 seq.
2602 2476 2650 2610 Idem
2599 2645 2650 2710 τὰ
2594 2735 2649 2988 Θυέστεια

2523 1298 2592 1431 ῥάκη
2536 1480 2584 1631 irrisit
2531 1675 2581 1884 Acliarn.
2531 1930 2562 1971 v.
2526 2008 2574 2119 433.
2525 2169 2567 2218 et
2523 2267 2554 2361 uno
2521 2408 2553 2557 versu
2518 2603 2564 2787 abusus
2514 2823 2561 2985 estin

2443 1295 2509 1448 Vesp.
2456 1475 2501 1584 759.
2452 1653 2502 1944 Aristotcles
2448 1993 2489 2044 et
2444 2089 2478 2258 versus
2427 2307 2487 2542 quosdam
2439 2591 2470 2652 ex
2437 2686 2484 2781 hac
2435 2818 2483 2985 sabula

2363 1294 2428 1580 depromtos
2369 1620 2422 2047 dissertationibus
2366 2084 2412 2186 suis
2348 2223 2410 2458 inseruit,
2359 2495 2400 2544 et
2343 2577 2404 2981 pulcerrimarum

2298 1292 2332 1498 numero
2292 1533 2344 1810 fabularum
2276 1847 2335 2011 posuit
2270 2047 2334 2320 Thyestem
2266 2360 2323 2507 atque
2262 2543 2328 2850 Telephum,
2275 2886 2321 2980 hac

2204 1290 2267 1398 ipsa
2215 1431 2263 1678 nominum
2207 1716 2255 2079 consociatione
2187 2116 2252 2368 Euripidis
2185 2409 2246 2723 potissimum
2180 2760 2227 2913 opera
2193 2949 2223 2977 a

2140 1290 2171 1345 se
2121 1401 2183 1583 respici
2119 1639 2179 1939 significans.
2124 2028 2173 2216 Omitto
2107 2275 2168 2616 Athenaeum,
2102 2674 2164 2975 Epictetum,

2045 1286 2109 1637 Plutarchum,
2051 1674 2102 1941 Lucianum
2029 1979 2093 2321 reliquosque,
2026 2357 2086 2439 qui
2038 2474 2069 2534 ex
2036 2572 2084 2765 Cressis
2033 2803 2067 2973 versus

1980 1284 2027 1363 vel
1976 1400 2017 1654 servarunt
1974 1678 2020 1754 vel
1955 1781 2007 2121 respexerunt.
1959 2193 2011 2557 Sententiarum
1953 2586 2003 2972 celebratissima

1898 1283 1947 1378 suit
1884 1414 1929 1486 ea,
1881 1520 1927 1612 qua
1878 1650 1942 1866 luppiter
1888 1900 1936 2029 idem
1885 2069 1917 2181 esse
1868 2217 1925 2364 atque
1879 2400 1925 2589 coelum
1877 2627 1925 2831 docetur
1860 2848 1925 2914 *).

1816 1414 1866 1648 Romanis
1813 1686 1862 1830 Ennii
1791 1865 1856 2085 Attiique
1801 2120 1850 2413 imitationes
1799 2451 1846 2574 adeo
1781 2604 1844 2968 satisfecerunt,

1737 1280 1779 1338 ut
1736 1385 1784 1565 horum
1720 1614 1780 1807 quidem
1714 1856 1775 2032 multa,
1708 2086 1772 2337 Euripidis
1720 2388 1767 2517 nulla
1718 2566 1764 2625 ab
1717 2678 1762 2737 iis
1714 2787 1760 2968 mentio

1654 1277 1705 1440 fieret.
1655 1512 1703 1583 De
1653 1635 1701 1769 Attio
1633 1814 1697 1959 digna
1643 2004 1683 2279 memoratu
1639 2331 1689 2522 Gellius
1625 2564 1685 2686 Xlll,
1637 2715 1681 2760 2.
1634 2809 1683 2965 refert

1577 1276 1624 1416 hisce
1575 1449 1621 1639 verbis:
1561 1694 1619 1856 „Cum
1564 1894 1616 2135 Pacuvius
1548 2172 1608 2342 grandi
1560 2377 1607 2471 iam
1557 2512 1599 2674 aetate
1556 2707 1598 2756 et
1553 2791 1599 2965 morbo

1481 1275 1543 1496 corporis
1493 1533 1541 1721 diutino
1487 1757 1538 1966 affectus
1483 2003 1534 2267 Tarentum
1480 2308 1511 2366 cx
1478 2399 1525 2521 urbe
1477 2569 1525 2723 Roma
1475 2758 1507 2961 conces-

1402 1275 1464 1442 sisset,
1402 1469 1462 1655 Attius,
1411 1684 1454 1799 tuuc
1409 1824 1457 1955 haud
1389 1983 1435 2129 parvo
1391 2155 1449 2329 iunior,
1385 2357 1445 2676 proficiscens
1397 2706 1444 2752 in
1382 2770 1443 2957 Asiam,

1335 1272 1368 1386 cum
1335 1420 1381 1470 in
1318 1506 1381 1738 oppidum
1312 1776 1375 2018 venisset,
1322 2053 1371 2264 devertit
1319 2297 1365 2358 ad
1304 2394 1366 2687 Pacuvium,
1314 2727 1362 2958 comiter-

1241 1270 1288 1367 que
1254 1412 1302 1640 invitatus
1231 1685 1298 2025 plusculisque
1244 2072 1290 2131 ab
1242 2180 1272 2237 eo
1240 2286 1287 2458 diebus
1237 2507 1279 2725 retentus
1221 2761 1279 2955 tragoe-

1177 1268 1225 1400 diam
1161 1436 1207 1592 suam,
1172 1631 1218 1707 cui
1167 1742 1216 1919 Atreus
1162 1958 1196 2133 nomen
1150 2164 1202 2255 est,
1158 2292 1207 2589 desideranti
1141 2619 1204 2754 legit.
1154 2823 1202 2953 Tum

1094 1268 1145 1533 Pacuvium
1092 1570 1141 1755 dixisse
1086 1790 1135 1922 alunt
1082 1958 1116 2135 sonora
1066 2169 1128 2365 quidem
1079 2402 1110 2514 esse
1063 2550 1108 2673 quae
1058 2724 1122 2951 scripsis-

1016 1268 1059 1345 set
1016 1380 1059 1430 et
1000 1464 1062 1677 grandia,
1011 1714 1057 1800 sed
1006 1836 1055 1991 videri
1003 2026 1034 2082 ea
1001 2120 1044 2281 tamen
1000 2314 1046 2405 sibi
998 2433 1045 2631 duriora
982 2656 1043 2871 paullum
993 2899 1035 2952 et

935 1268 984 1539 acerbiora.
934 1608 981 1679 lta
917 1714 973 1807 est,
911 1844 975 1997 iuquit
908 2031 969 2209 Attius,
920 2246 962 2298 ut
918 2331 967 2473 dicis.
903 2544 966 2717 Neque
916 2752 964 2802 id
913 2834 946 2949 sane

763 1325 815 1369 ⁴¹)
774 1399 816 1507 Vide
771 1526 816 1689 Matth.
758 1713 812 1877 fragm.
765 1903 806 1985 1116.
764 2014 789 2052 11.
762 2076 803 2114 1.
760 2174 802 2319 Bothe
744 2341 802 2503 fragm.
745 2528 798 2711 Thyest.
757 2737 826 2776 11.
757 2800 797 2839 1.
